2872 3970
67 270 69 272 “
84 265 94 289 ἑὲ
104 275 115 291 ὰ

213 363 340 388 carnem
361 355 575 386 immortalem
606 353 703 385 fuisse
726 363 852 384 carnem
877 353 1010 389 Christi,
1036 354 1110 394 quia
1133 354 1201 393 ipse
1225 358 1271 383 est

115 408 186 437 ,tnr-
206 400 445 442 primogenitus
467 404 670 430 mortuorum
688 399 724 434 ³:
757 407 938 428 consonum
963 403 1008 428 est
1031 404 1067 428 ut
1097 398 1164 428 eius
1195 406 1268 427 caro

212 444 306 477 fuerit
336 445 433 475 etiam
459 445 561 484 prima
592 452 665 474 caro
695 447 811 472 sancta.
847 442 1001 472 Sanctitas
1030 447 1138 472 autem
1169 442 1269 471 carnis

118 518 127 528 ζ
211 484 310 530 penes
331 487 522 519 munditiam
545 497 602 518 seu
624 487 859 517 immunitatem
882 495 900 515 a
915 485 1038 522 fomite,
1054 486 1111 526 qui
1128 486 1181 516 lex
1197 495 1269 516 car-

149 541 172 563 2-
212 531 267 564 nis
284 531 398 562 dicitur
413 532 440 568 *‚
457 531 637 562 attenditur.
660 530 736 561 Non
759 530 854 570 igitur
881 530 1010 560 inventa
1033 536 1079 560 est
1103 539 1176 559 caro
1201 530 1268 559 sine

140 568 186 616 ¹„
211 575 324 607 fomite
346 580 419 606 ante
442 574 559 606 Christi
582 583 728 606 carnem:
761 575 787 604 si
809 574 930 614 primus
954 574 1045 604 locus
1069 573 1196 604 Christo
1219 583 1268 604 re—

115 616 117 620 ’
143 616 175 635 ””
211 624 350 652 servatus
373 624 429 655 est,
451 619 535 649 sicut
556 619 707 650 reservari
730 618 848 649 decuit.

137 654 142 664 ’
265 663 306 694 Et
320 667 494 699 memento,
510 663 636 699 Lector,
653 668 688 692 ut
702 663 735 693 in
751 661 931 692 istiusmodi
947 662 1184 702 quaestionibus
1200 671 1267 692 non

211 715 342 748 quaeras
364 707 502 738 rationes
517 707 764 737 mathematicas.
789 706 1024 746 Indisciplinati
1048 707 1134 736 enim
1157 710 1205 736 est
1219 706 1267 735 in-

178 767 184 774 ·
209 746 299 793 genii
320 759 476 795 quaerere
501 751 636 781 similem
661 751 693 782 in
719 750 806 781 omni
832 750 968 781 materia
996 749 1265 784 certitudinem&

125 781 186 855 ἐζ
209 792 441 836 Rationabiletn
454 795 516 825 'hic
538 794 654 826 sufficit
675 794 790 825 inferre
815 794 1067 839 conclusionem.

126 835 150 878 ᾗ.
242 836 316 869 “vl.
340 839 482 869 Demum
504 844 615 879 quarta
638 839 750 879 opinio
766 840 783 856 ⁴*
806 838 1009 879 approbatur.
1034 838 1141 876 Quam
1161 838 1265 877 primo

140 921 142 923 ‚
208 882 314 924 ponit,
338 882 447 914 dicens
470 882 560 924 quod
584 883 738 914 remansit
754 883 867 924 fomes
889 882 1063 914 secundum
1087 882 1265 917 essentiam,

136 940 139 948 ⁸
192 926 330 968 *ligatus
351 927 460 968 quoad
482 927 670 958 exercitium
692 937 748 958 seu
765 927 994 967 operationem,
1019 936 1118 966 usque
1133 926 1176 957 ad
1190 936 1266 957 con-

208 970 382 1012 ceptionem
403 971 483 1001 Filii
503 972 583 1007 Dei,
608 972 640 1002 in
665 982 728 1012 qua
743 972 818 1013 fuit
839 972 983 1002 totaliter
1003 971 1158 1001 sublatus.

139 1035 147 1056 χ
262 1013 429 1051 Secundo,
459 1015 595 1046 declarat
617 1015 752 1046 modum
780 1025 847 1056 quo
870 1015 984 1056 ligatus
1007 1015 1076 1046 fuit.
1111 1015 1174 1045 Ubi
1203 1019 1265 1044 tres

125 1058 159 1090 τῗ
207 1057 323 1090 modos
345 1060 457 1099 tangit:
491 1060 610 1090 scilicet
638 1069 695 1100 per
718 1059 899 1090 dominium
925 1060 1015 1090 liberi
1042 1059 1174 1095 arbitrii;
1209 1068 1266 1098 per

128 1111 162 1133 ς
206 1102 338 1142 gratiam
360 1103 570 1140 habitualem3
593 1114 651 1144 per
674 1104 797 1134 divinae
813 1103 1030 1143 providentiae
1046 1103 1264 1133 assistentiam.

126 1144 169 1176 'fs‘
207 1146 249 1177 Et
269 1146 410 1187 primum
433 1147 569 1178 modum
592 1148 744 1184 excludit,
769 1147 881 1179 eadem
904 1148 1042 1178 ratione:
1072 1147 1147 1187 quia
1169 1147 1265 1186 privi-

189 1189 327 1230 degium
349 1191 491 1223 similiter
507 1191 625 1222 Christi
647 1197 694 1223 est
716 1201 812 1223 usum
833 1193 924 1223 liberi
940 1191 1056 1222 arbitrii
1071 1192 1104 1221 in
1119 1196 1264 1221 materno

133 1242 150 1251 ”’
206 1239 299 1269 utero
321 1235 447 1267 habere.
469 1254 494 1258 —
516 1235 702 1267 Secundum
724 1235 861 1267 modum
884 1236 1055 1276 approbat:
1089 1244 1187 1275 quem
1210 1234 1266 1265 de-

139 1284 150 1294 ”
207 1277 375 1322 claraverat
397 1279 609 1311 examinando
631 1281 767 1320 primam
791 1281 990 1321 opinionem,
1014 1279 1128 1310 ultimo
1145 1279 1265 1319 impro-

207 1322 322 1365 batam.
345 1341 370 1346 —
391 1323 538 1354 Tertium
561 1329 669 1355 autem
691 1324 828 1355 modum
850 1323 1033 1364 magnificat
1048 1325 1074 1354 ἢ.

131 1407 133 1409 ¹
155 1405 158 1406 ⁷
231 1381 233 1383 ·
260 1364 382 1404 Tertio,
394 1367 531 1399 declarat
545 1369 691 1399 ultimam
703 1369 920 1400 conclusionis
935 1373 1068 1408 partem.
1086 1367 1173 1397 Tum
1189 1368 1264 1406 quia

206 1410 240 1441 in
263 1412 476 1452 conceptione
500 1412 617 1443 Christi
639 1413 703 1443 iam
726 1414 872 1454 apparuit
895 1413 1079 1443 immunitas
1101 1412 1207 1451 primo
1230 1411 1265 1441 in

118 1452 162 1493 ’τῇ
205 1454 299 1489 earne
323 1454 454 1487 Christi:
479 1466 516 1486 ac
538 1465 596 1496 per
617 1457 691 1493 hoc,
716 1458 835 1497 absque
857 1457 923 1488 ulla
939 1456 1145 1497 derogatione
1168 1456 1264 1495 privi-

125 1497 363 1539 “alesmum
386 1499 504 1531 Christi
527 1500 661 1541 dignitas
682 1502 790 1532 matris
813 1507 890 1532 tunc
909 1501 990 1541 poni
1004 1506 1120 1541 potest,
1144 1505 1181 1530 ut
1195 1509 1264 1540 gra-

132 1538 283 1584 ,⁸3³th
304 1543 449 1575 habuerit
475 1545 613 1576 totaliter
635 1545 832 1576 auferentem
855 1545 1012 1576 fomitem.
1035 1563 1058 1567 —
1081 1544 1169 1575 Tum
1189 1545 1265 1584 quia

125 1581 337 1636 Qerfi'g'urate
361 1589 531 1619 auctoritas
550 1589 726 1620 Ezechielis
749 1589 843 1621 favet.

145 1627 151 1635 ’
175 1632 189 1657 [2
259 1630 327 1662 VII.
352 1632 445 1663 Circa
467 1634 608 1673 primum
631 1634 768 1664 modum
789 1634 910 1664 vinculi
933 1643 999 1674 quo
1019 1634 1134 1673 ligatur
1148 1631 1262 1668 fomes,

119 1675 136 1715 ἑ
155 1673 193 1715 ,ῙῙᾎ
205 1673 325 1706 seilicet
354 1685 412 1716 per
441 1677 620 1718 imperium*
642 1678 732 1709 liberi
759 1679 895 1714 arbitrii,
919 1688 979 1719 pro
1003 1682 1125 1718 quanto
1149 1676 1264 1707 dicitur

133 1717 324 1764 '‘jsChristi
345 1721 558 1762 privilegium,
581 1723 661 1752 scito
685 1722 774 1762 quod
798 1722 966 1763 dupliciter
981 1722 1138 1761 contingit
1155 1721 1264 1751 haberi

162 1779 166 1790 2
204 1772 301 1795 usum
323 1764 414 1795 liberi
432 1766 550 1796 arbitrii
578 1767 612 1796 in
641 1772 786 1797 materno
816 1772 919 1797 utero.
953 1766 1078 1802 Primo,
1106 1766 1144 1796 ab
1170 1766 1262 1795 initio

205 1809 437 1848 conceptionis,
461 1819 519 1840 seu
541 1809 710 1841 infusionis
734 1812 873 1847 animae,
890 1817 930 1851 >et
952 1810 1103 1850 deinceps
1126 1819 1262 1849 semper.

122 1854 170 1892 '³:²-
204 1851 247 1881 Et
267 1852 331 1883 hoc
348 1858 402 1884 ¹est
423 1854 626 1894 privilegium
649 1854 776 1885 Christi.
803 1855 845 1885 Et
867 1855 931 1885 hoc
954 1859 1087 1894 negatur
1111 1854 1263 1893 cuiquam

138 1904 179 1934 -ς
204 1895 293 1927 alteri
309 1905 508 1928 concessum.
532 1898 574 1935 Et
590 1907 648 1938 per
663 1899 745 1929 hanc
760 1899 964 1939 negationem
981 1897 1173 1928 sufficienter
1187 1907 1262 1937 pro-

166 1949 180 1971 f
204 1939 296 1971 batur
317 1940 464 1972 fomitem
487 1942 521 1972 in
542 1942 640 1973 Beata
662 1943 792 1983 Virgine
815 1952 882 1973 non
907 1952 974 1973 esse
997 1942 1130 1982 ligatum
1153 1951 1210 1982 per
1225 1941 1263 1972 li-

122 1982 318 2027 ‚sa-'berum
339 1985 519 2017 arbitrium:
544 1987 620 2027 quia
642 1986 790 2018 fomitem
813 1988 852 2017 ab
870 1987 962 2018 initio
986 1986 1105 2022 habuit,
1130 1991 1162 2016 et
1185 1995 1263 2017 con-

121 2034 160 2069 «ζ
186 2028 310 2066 ,ῖίωιες
333 2030 424 2061 liberi
447 2036 555 2061 autem
577 2031 694 2062 arbitrii
716 2041 812 2062 usum
835 2041 903 2061 non
926 2031 1037 2062 habuit
1060 2031 1098 2061 ab
1114 2030 1207 2061 initio
1231 2036 1263 2061 et

120 2073 150 2104 ”
158 2069 174 2108 Ῐῑ
187 2093 193 2105 2
205 2071 366 2114 deinceps,
390 2075 466 2114 quia
487 2075 551 2106 hoc
575 2080 622 2105 est
645 2075 763 2106 Christi
785 2076 997 2116 privilegium.

129 2138 141 2142 --
238 2156 241 2161 Ἴ
258 2116 422 2160 Secundo,
436 2119 594 2160 contingit
609 2129 646 2150 ex
662 2119 791 2160 speciali
806 2120 904 2160 gratia
926 2119 966 2150 ad
981 2119 1121 2159 aliquem
1137 2124 1261 2149 actum:

121 2162 128 2178 ἵ
148 2188 151 2189 ⁷
203 2165 243 2192 ut*
258 2160 297 2193 de
320 2162 440 2194 Ioanne
455 2163 596 2204 Baptista
610 2169 717 2203 potest
732 2163 826 2198 credi,
851 2173 926 2194 cum
942 2163 1116 2194 exsultavit
1131 2163 1164 2193 in
1179 2173 1263 2204 gau-

203 2205 258 2237 dio
281 2206 392 2248 infans
408 2207 440 2237 in
458 2212 549 2238 utero
565 2208 591 2237 *-
617 2207 764 2238 Gaudere
785 2208 871 2238 enim
886 2213 994 2238 motus
1011 2213 1057 2238 est
1072 2207 1263 2247 appetitivae

203 2248 310 2291 partis,
334 2257 366 2282 et
387 2251 526 2292 gaudere
549 2250 589 2282 de
611 2252 826 2292 spiritualibus
848 2257 957 2283 motus
974 2257 1020 2282 est
1035 2252 1194 2291 appetitus
1211 2261 1263 2281 su-

120 2296 146 2330 ,”
203 2294 347 2335 perior-is,
371 2296 428 2336 qui
445 2301 578 2326 vocatur
591 2296 756 2327 voluntas:
781 2301 906 2327 constat
921 2301 1028 2326 autem
1044 2295 1171 2326 Ioannis
1187 2305 1263 2336 gau-

119 2335 134 2379 2‘,
153 2351 154 2354 ¹
205 2338 295 2370 dium
316 2349 384 2370 non
407 2339 447 2371 de
469 2349 504 2371 re
526 2340 677 2377 sensibili,
701 2340 758 2372 sed
780 2340 819 2371 de
843 2340 960 2371 Christi
990 2339 1129 2370 adventu
1155 2339 1262 2377 fuisse,

115 2395 179 2427 '1³st
205 2388 238 2415 et
259 2384 429 2415 exsultasse
451 2384 579 2425 gaudio.
610 2385 732 2415 Verum
761 2390 836 2425 post
866 2390 974 2415 actum
1000 2384 1092 2415 illum
1129 2384 1264 2415 Ioannes

204 2427 331 2459 sanctus
345 2429 566 2468 perseveravit,
581 2427 638 2459 sed
656 2438 724 2460 non
747 2438 822 2459 cum
837 2438 899 2459 usu
914 2429 1004 2459 liberi
1027 2429 1154 2459 arbitrii.
1175 2428 1265 2460 Sicut

176 2510 177 2514 ¹
206 2477 238 2503 et
258 2473 448 2503 miraculose
471 2472 667 2514 quandoque
691 2473 805 2513 legitur
827 2474 993 2513 praestitus
1009 2482 1085 2503 usus
1108 2473 1264 2513 loquendi

127 2509 175 2549 ff
205 2515 246 2547 ad
267 2516 408 2557 aliquem
430 2522 538 2548 actum
561 2518 720 2558 aliquibus
735 2517 918 2558 infantibus,
935 2518 992 2557 qui
1014 2522 1122 2547 tamen
1144 2518 1265 2548 nescie-

205 2560 282 2592 bant
302 2566 471 2602 propterea
493 2567 606 2602 postea
627 2562 729 2602 loqui,
753 2561 809 2592 sed
833 2567 921 2592 erant
944 2562 1026 2592 sicut
1043 2562 1095 2592 alii
1110 2560 1263 2592 infantes:

121 2619 180 2654 „9
205 2609 244 2635 ut
262 2610 350 2646 patet
364 2606 398 2636 in
413 2606 508 2646 gestis
522 2606 757 2646 Apostolorum
773 2606 913 2637 Simonis
930 2611 961 2637 et
980 2605 1075 2636 Iudae
1088 2606 1114 2642 ⁴⁶,
1135 2611 1167 2636 et
1181 2605 1265 2636 Fau-

205 2649 288 2686 stini,
311 2648 465 2690 Simplicii
490 2656 522 2681 et
544 2650 695 2681 Beatricis
709 2651 735 2680 *.

319 3333 324 3341 Δ
347 3308 399 3346 4
417 3312 487 3350 per
513 3299 852 3337 sanctificationem
870 3299 909 3336 in
928 3307 1036 3337 utero
1056 3312 1136 3337 non
1154 3300 1265 3337 fuerit

403 3351 535 3390 Beata
561 3352 677 3401 Virgo
705 3359 947 3401 praeservata
974 3353 1022 3389 ab
1051 3352 1158 3389 omni
1177 3364 1264 3401 pec-

228 3447 232 3450 ζ
327 3399 351 3431 ‘r
384 3409 410 3450 s
418 3413 503 3443 cato
522 3405 670 3443 actuali.
697 3404 808 3452 Quia,
828 3412 870 3442 ut
885 3405 1030 3442 dictum
1050 3412 1105 3442 est
1117 3404 1150 3450 ²¹⁶,
1178 3412 1266 3454 post

211 3454 377 3505 primam
403 3457 740 3496 sanctificationem
767 3457 889 3495 fomes
916 3457 1060 3506 peccati
1085 3457 1266 3494 remansit

214 3507 253 3545 in
278 3507 441 3558 Virgine.
470 3511 600 3548 Motus
628 3518 757 3548 autem
776 3510 926 3558 fomitis,
955 3510 1068 3547 etiarn
1096 3510 1127 3547 si
1154 3510 1265 3547 ratio-

215 3560 307 3600 nem
330 3562 566 3612 praeveniat,
595 3571 651 3600 est
677 3570 879 3613 peccatum
910 3562 1077 3610 veniale,
1107 3562 1191 3600 licet
1218 3563 1264 3600 le-

874 274 1136 321 QUAESTIO
1165 274 1322 322 XXVII,
1351 275 1643 314 ARTICULUS
1672 277 1721 314 IV

327 3270 393 3308 va<
415 3260 439 3285 D
459 3259 630 3290 QUARTUM
650 3259 702 3284 sm
721 3259 955 3285 Paocemrun.
978 3247 1138 3285 Videtur
1156 3248 1263 3296 quod
1288 3247 1292 3287 l
1316 3249 1525 3285 vissimum.-
1551 3254 1593 3283 ut
1612 3245 1846 3294 Augustinus
1866 3245 1964 3293 dicit,
1985 3246 2024 3283 in
2053 3245 2148 3284 libro
2168 3246 2213 3283 de
2235 3249 2271 3284 T
2268 3248 2325 3283 rin
2345 3246 2376 3284 ³¹⁸.

2308 276 2382 324 295

1379 354 1461 384 VIII.
1487 355 1580 385 Circa
1603 355 1895 395 magnificationem
1918 356 2001 386 tertii
2024 356 2113 386 modi
2129 357 2159 392 ἢ
2185 365 2251 396 quo
2279 355 2383 386 fomes
2414 362 2472 384 ·ct
2489 368 2553 384 num.
2568 368 2600 385 vx.

1324 397 1437 437 ligatus
1461 398 1631 438 perfectius
1654 401 1785 439 ponitur
1807 409 1864 440 per
1887 400 2026 430 divinam
2049 399 2297 439 providentiam,
2330 399 2384 430 ad-

1323 447 1409 472 verte
1433 443 1522 482 quod
1546 443 1714 483 dupliciter
1738 445 1856 483 exponi
1880 449 1985 483 potest
2009 443 2088 474 illud
2112 445 2383 483 comparativum,

1317 487 1505 527 perfectius.
1541 487 1665 523 Primo,
1690 493 1732 517 ⁴ut
1756 487 1886 518 denotet
1910 488 2011 518 solam
2035 487 2231 518 additionem
2254 488 2383 517 maioris

1322 529 1542 569 perfectionis:
1577 532 1619 561 ita
1646 531 1735 571 quod
1765 531 1953 572 perfectioni
1981 532 2122 562 interiori
2156 531 2384 571 superaddatur

1322 573 1476 613 perfectio
1501 575 1539 605 ab
1564 576 1710 605 exteriori
1729 576 1935 615 prohibente;
1961 576 2043 606 sicut
2059 576 2084 605 si
2100 575 2277 605 diceremus
2294 575 2383 615 quod

1322 617 1394 647 fons
1418 628 1520 658 aquae
1544 624 1590 649 est
1613 619 1745 659 frigidus
1768 620 1807 649 ab
1830 621 2000 650 intrinseca
2023 620 2190 659 qualitate,
2223 624 2254 649 et
2280 618 2383 659 perfe-

1322 662 1402 692 etius
1427 663 1465 692 ab
1490 664 1666 694 extrinseco
1691 673 1834 694 concavo
1858 669 1968 694 monte
1992 664 2182 703 prohibente
2206 663 2308 693 solem
2332 673 2383 693 ca-

1321 705 1532 737 lefacientem.
1557 707 1598 737 Et
1619 708 1671 737 hic
1695 717 1806 738 sensus
1830 714 1914 738 caret
1936 708 2106 747 scrupulo:
2133 708 2288 747 quoniam
2305 717 2384 737 con-

1321 755 1381 779 stat
1404 749 1550 781 fomitem
1574 751 1744 791 perfectius
1768 752 1856 791 ligari
1881 761 1918 782 ex
1941 753 2040 792 gratia
2062 752 2230 782 intrinseca
2254 757 2285 781 et
2307 761 2383 791 pro-

1320 793 1459 824 videntia
1483 795 1656 825 extrinseca
1679 796 1868 835 prohibente
1893 795 2163 826 inordinationem
2181 794 2260 831 fieri,
2285 804 2382 835 quam

1321 847 1359 867 ex
1381 839 1479 878 gratia
1502 839 1671 869 intrinseca
1693 845 1828 870 tantum.

1378 883 1453 912 Alio
1478 883 1578 913 modo
1602 889 1708 923 potest
1732 885 1850 923 exponi
1874 890 1909 914 ut
1932 885 2206 924 comparationem
2226 883 2320 913 faciat
2342 882 2382 913 ad

1320 926 1499 957 secundum
1523 927 1659 958 modum
1677 928 1813 958 vinculi:
1838 934 1874 958 ut
1897 929 1936 958 sit
1951 937 2062 958 sensus
2086 927 2175 968 quod
2191 927 2294 958 fomes
2310 936 2382 967 per-

1320 969 1433 1000 fectius
1457 971 1611 1011 ligabatur
1633 981 1690 1011 per
1713 971 1853 1002 divinam
1876 971 2110 1012 providentiam
2134 981 2231 1012 quam
2255 981 2311 1011 per
2333 972 2382 1001 in-

1319 1014 1469 1045 teriorem
1492 1015 1787 1046 sanctificationem.
1812 1017 1851 1046 Et
1875 1017 1926 1046 hic
1950 1026 2060 1046 sensus
2082 1026 2150 1046 non
2174 1021 2258 1046 caret
2282 1016 2382 1045 ambi-

1319 1059 1454 1097 guitate:
1476 1060 1631 1098 quoniam
1648 1059 1805 1090 efficacius
1821 1070 1857 1090 ac
1873 1060 2012 1090 nobilius
2028 1060 2202 1090 refrenatur
2217 1060 2381 1089 inclinatio

1319 1102 1451 1132 interior
1480 1104 1518 1133 ab
1547 1104 1632 1133 intus
1663 1113 1761 1143 quam
1785 1105 1823 1134 ab
1847 1110 1948 1140 extra;
1984 1103 2088 1134 fomes
2116 1109 2223 1134 autem
2251 1104 2382 1133 interior

1320 1146 1478 1186 quaedam
1502 1153 1548 1177 est
1570 1148 1735 1178 inclinatio
1760 1147 1908 1178 adversus
1931 1149 2098 1178 rationem.
2123 1147 2186 1178 Sed
2202 1148 2228 1177 si
2249 1147 2381 1187 diligen-

1319 1191 1380 1220 tius
1403 1191 1668 1231 perspexerimuS,
1692 1193 1892 1222 inveniemus
1916 1193 2114 1232 oppositum.
2138 1191 2236 1222 Aliud
2260 1192 2381 1231 quippe

1319 1240 1366 1264 est
1388 1235 1479 1275 loqui
1503 1235 1542 1266 de
1565 1235 1678 1266 fomite
1701 1236 1735 1266 in
1758 1237 1881 1275 seipso:
1916 1242 1947 1266 et
1969 1235 2055 1266 aliud
2085 1235 2124 1266 de
2153 1236 2273 1266 actibus
2302 1236 2380 1265 eius.

1318 1278 1436 1309 Fomes
1459 1280 1538 1319 ipse,
1563 1289 1638 1310 cum
1661 1280 1825 1310 inclinatio
1849 1280 2017 1310 habitualis
2042 1280 2090 1315 sit,
2116 1280 2237 1319 optime
2254 1289 2291 1309 ac
2307 1289 2382 1319 pro-

1318 1323 1474 1362 priissime
1497 1333 1554 1363 per
1576 1324 1721 1354 habitum
1745 1329 1872 1354 curatur
1895 1334 1931 1354 ac
1954 1324 2086 1354 tollitur.
2111 1323 2174 1354 Sed
2197 1329 2285 1353 actus
2301 1324 2380 1363 ipse,

1319 1376 1394 1397 cum
1417 1373 1541 1407 praeter
1564 1377 1600 1398 ac
1621 1374 1731 1398 contra
1746 1368 1890 1398 infusum
1905 1369 2050 1398 habitum
2073 1368 2210 1398 exerceri
2226 1368 2327 1407 possit
2344 1377 2382 1397 ex

1317 1411 1386 1451 ipsa
1408 1412 1561 1442 habituali
1584 1412 1790 1442 inclinatione
1813 1412 2007 1452 impellente,
2031 1413 2172 1452 requirit,
2197 1411 2238 1442 ad
2259 1412 2322 1441 hoc
2346 1417 2383 1442 ut

1317 1455 1555 1496 inobliquabilis
1579 1457 1627 1492 sit,
1652 1462 1802 1487 manente
1825 1457 1967 1487 interiori
1990 1457 2213 1492 inclinatione,
2246 1456 2381 1486 exterio—

1318 1509 1386 1530 rem
1409 1510 1519 1531 curam
1549 1510 1632 1540 quae
1660 1500 1700 1531 ad
1723 1509 1760 1530 ea
1783 1510 1866 1540 quae
1895 1501 1980 1530 intus
2012 1506 2042 1531 et
2065 1500 2105 1530 ad
2129 1510 2165 1531 ea
2188 1510 2271 1540 quae
2295 1506 2381 1530 extra

1318 1550 1401 1580 sunt,
1426 1554 1459 1574 se
1483 1544 1699 1575 efficacissime
1724 1544 1880 1574 extendat.
1909 1545 1950 1574 Et
1972 1550 2150 1584 propterea,
2174 1549 2324 1574 manente
2347 1545 2381 1574 in

1270 1595 1273 1597 ’
1318 1588 1414 1618 Beata
1437 1589 1566 1628 Virgine
1590 1588 1712 1624 fomite,
1736 1594 1772 1619 ut
1788 1589 1990 1628 supponitur,
2015 1588 2173 1619 efficacius
2189 1589 2380 1618 retentivum

1318 1638 1448 1663 actuum
1471 1633 1571 1673 ipsius
1594 1634 1726 1673 ponitur
1749 1632 1855 1663 divina
1878 1632 2088 1672 providentia,
2113 1632 2152 1662 ad
2175 1633 2326 1662 interiora
2349 1637 2380 1662 et

1318 1677 1472 1707 exteriora
1495 1687 1527 1707 se
1552 1676 1724 1707 extendens
1747 1676 1961 1712 infallibiliter,
1986 1687 2084 1717 quam
2106 1677 2204 1716 gratia
2221 1677 2379 1706 interioris

1317 1721 1488 1751 sanctitatis
1517 1731 1585 1751 non
1614 1721 1730 1751 tollens
1760 1726 1868 1751 tamen
1895 1720 2058 1751 fomitem:
2093 1721 2168 1760 quia
2194 1719 2380 1750 huiusmodi

1316 1766 1414 1805 gratia
1428 1765 1579 1805 relinquit
1594 1765 1704 1795 locum
1720 1765 1835 1795 actuali
1850 1766 1923 1795 usui
1939 1770 2062 1804 praeter
2077 1765 2225 1804 gratiam:
2242 1769 2278 1795 ut
2293 1770 2381 1804 patet

1316 1809 1350 1838 in
1374 1809 1493 1839 Ioanne
1517 1809 1667 1848 Baptista,
1693 1809 1834 1844 Ieremia,
1858 1814 1890 1839 et
1911 1809 2076 1848 Apostolis
2095 1808 2291 1839 confirmatis
2315 1809 2380 1839 vir-

1317 1857 1383 1883 tute
1406 1862 1448 1883 ex
1471 1853 1537 1883 alto
1554 1854 1580 1883 ἦ.

1371 1897 1413 1927 Et
1436 1897 1580 1937 quamvis
1603 1897 1743 1928 nobilius
1767 1902 1848 1927 esset
1871 1897 2054 1937 simpliciter
2071 1897 2108 1926 ab
2125 1897 2296 1927 intrinseco
2313 1907 2380 1927 non

1316 1950 1411 1981 posse
1444 1942 1620 1972 exorbitare
1653 1951 1750 1981 quam
1787 1941 1825 1971 ab
1857 1941 2053 1976 extrinseco,
2084 1951 2152 1971 non
2190 1947 2236 1971 est
2272 1946 2380 1971 tamen

1316 1985 1456 2016 nobilius
1486 1986 1568 2016 inter
1598 1986 1762 2026 possibilia
1792 1985 1826 2015 in
1855 1985 1909 2015 tali
1940 1990 2042 2021 statu,
2073 1985 2194 2016 scilicet
2223 1986 2380 2016 manentis

1316 2028 1447 2060 fomitis.
1471 2030 1513 2060 Et
1530 2030 1649 2070 loquor
1665 2029 1704 2060 de
1720 2029 1864 2069 possibili
1890 2029 2068 2060 secundum
2092 2029 2232 2060 divinam
2256 2030 2380 2070 sapien-

1316 2074 1393 2103 tiam
1414 2074 1558 2104 suaviter
1580 2074 1688 2104 omnia
1712 2073 1930 2114 disponentem
1945 2074 1972 2110 *‚
1989 2083 2071 2113 quae
2087 2079 2219 2104 vocatur
2237 2074 2382 2114 potentia
2407 2080 2492 2128 23ng
2504 2086 2554 2108 cap.
2569 2085 2620 2105 vm,

1318 2117 1470 2148 ordinata.
2461 2123 2466 2127 ·
2497 2123 2502 2128 “

2407 1857 2416 1868 “
2427 1857 2482 1879 Luc.
2493 1863 2544 1885 cap.
2554 1864 2617 1884 κων,

2407 1889 2465 1905 vers.
2480 1890 2519 1911 49.

1372 2159 1502 2201 Ligatus
1526 2167 1573 2192 est
1596 2171 1671 2202 ergo
1695 2162 1811 2192 Beatae
1827 2162 1965 2201 Virginis
1989 2161 2102 2198 fomes,
2126 2171 2230 2202 usque
2247 2162 2286 2192 ad
2303 2172 2380 2192 con-

1317 2206 1500 2246 ceptionem
1523 2206 1604 2242 Filii,
1630 2211 1661 2236 et
1683 2215 1740 2246 per
1763 2206 1895 2245 gratiam
1918 2205 2175 2236 sanctificationis
2198 2206 2381 2246 relinquen-

1316 2255 1382 2280 tem
1405 2249 1525 2280 fomitis
1550 2251 1719 2280 essentiam
1743 2255 1774 2280 et
1797 2249 2018 2280 dominantem
2042 2251 2209 2286 exercitio,
2234 2256 2270 2280 ut
2292 2251 2381 2281 habi-

1317 2295 1411 2325 tualis
1440 2295 1539 2334 gratia
1568 2295 1727 2324 viatorum
1758 2293 1935 2334 praesidere
1967 2295 2135 2324 consuevit
2164 2295 2308 2325 subiecto
2339 2304 2380 2325 ne

1319 2339 1474 2369 exorbitet
1503 2339 1538 2369 in
1567 2344 1658 2368 actu:
1695 2344 1726 2368 et
1755 2347 1812 2378 per
1842 2337 1982 2368 divinam
2012 2337 2247 2378 providentiam
2275 2338 2380 2378 perfe-

1319 2383 1409 2419 ctius,
1430 2388 1466 2414 ut
1488 2383 1584 2423 plene
1607 2392 1644 2413 ac
1667 2382 1871 2413 infallibiliter
1893 2381 2127 2422 praesidentem
2149 2392 2190 2412 ne
2215 2387 2303 2412 actus
2327 2391 2380 2413 ex-

1319 2427 1444 2458 orbitet.

1373 2472 1414 2502 Et
1436 2472 1515 2502 haec
1539 2471 1696 2511 expositio
1728 2476 1775 2501 est
1804 2476 1893 2500 tanto
1917 2471 2059 2501 Auctore
2090 2470 2229 2510 dignior,
2257 2475 2379 2510 quanto

1317 2516 1472 2546 subtilior.
1497 2516 1538 2546 Et
1561 2516 1773 2546 diversitatem
1802 2515 1836 2545 in
1859 2515 1961 2544 littera
1983 2515 2122 2555 positam
2145 2514 2318 2545 modorum
2341 2515 2379 2545 li-

1318 2559 1429 2600 gandi,
1459 2566 1490 2591 et
1519 2560 1808 2600 comparationem,
1832 2559 1961 2599 proprie
1989 2564 2142 2599 penetrat.
2177 2559 2218 2588 Et
2245 2559 2283 2588 ab
2307 2559 2379 2598 ipso

1318 2605 1460 2635 Auctore
1484 2605 1518 2635 in
1541 2604 1688 2644 sequenti
1711 2603 1854 2639 articulo,
1878 2603 1912 2634 in
1934 2603 2144 2643 responsione
2168 2602 2207 2633 ad
2227 2603 2379 2643 primum,

1318 2650 1427 2680 haberi
1450 2654 1566 2689 potest.

1370 2759 1422 2766 «ΛΑ

979 2855 1297 2898 ARTICULUS
1328 2855 1600 2907 QUARTUS

391 2941 548 2999 UTRUM
570 2967 653 2998 PER
676 2967 1106 2998 SANCTIFICATIONEM
1130 2967 1173 2998 IN
1197 2967 1346 2998 UTERO
1371 2966 1530 2998 FUERIT
1554 2965 1700 2996 BEATA
1722 2964 1856 2995 VIRGO
1880 2963 2193 2994 PRAESERVATA

427 3009 429 3013 ’
973 3012 1029 3042 ΑΒ
1054 3011 1164 3042 ΟΜΝΙ
1187 3011 1392 3042 PECCATO
1417 3010 1610 3041 ACTUALI

462 3106 493 3131 111
513 3106 599 3134 Sem..
619 3106 678 3132 dist.
697 3113 734 3137 111,
753 3114 798 3139 qu.
822 3114 840 3137 1,
859 3111 905 3131 art.
926 3114 956 3137 2,
976 3106 1026 3139 qu*
1047 3114 1070 3136 2.
1091 3106 1119 3138 33
1140 3107 1198 3132 dist.
1218 3114 1270 3136 xm,
1290 3114 1333 3139 qu.
1352 3114 1370 3136 1,
1389 3111 1435 3130 art.
1457 3113 1480 3136 2,
1499 3105 1549 3137 qu·
1571 3111 1599 3136 ις
1619 3105 1660 3135 lV,
1680 3105 1738 3128 dist.
1757 3112 1790 3132 νι,
1810 3111 1854 3136 qu.
1872 3111 1889 3132 1,
1910 3108 1956 3129 art.
1977 3110 2004 3134 ι,
2024 3104 2073 3136 qu⁸
2094 3111 2120 3134 2;

418 3141 561 3174 compend.
583 3140 680 3170 Theol„
700 3149 757 3174 cap.
776 3148 881 3172 ccxx1v;
902 3142 1004 3174 arpos.
1027 3141 1103 3167 Orat.
1123 3142 1240 3171 Domin.,
1260 3141 1292 3167 ad
1311 3142 1382 3174 petit.
1402 3140 1466 3171 5⁸³¹?
1487 3140 1591 3172 Expos.
1610 3140 1697 3164 Salut.
1715 3139 1850 3172 Angelic.;
1870 3139 1899 3163 In
1919 3139 2027 3167 Matth..
2048 3146 2103 3172 cap.
2121 3147 2164 3164 xu.

2404 3255 2414 3265 ¹
2429 3254 2488 3283 Mag.
2503 3255 2525 3276 ll
2541 3255 2615 3282 Sent.,

2405 3280 2457 3302 dist.
2473 3287 2536 3303 xxiv.

1319 3301 1420 3347 Ergo
1440 3299 1479 3336 in
1499 3300 1614 3336 Beata
1633 3299 1786 3347 Virgine
1814 3299 1882 3336 fuit
1909 3299 2065 3348 aliquod
2088 3307 2289 3348 peccatum
2313 3311 2377 3336 ve-

1318 3352 1429 3389 niale.

1375 3416 1409 3441 2.
1430 3405 1660 3451 PRAETEREA,
1681 3417 1797 3454 super
1815 3404 1907 3442 illud
1925 3405 2020 3441 Luc.
2037 3418 2058 3442 11
2072 3404 2101 3451 ²¹⁶,
2126 3407 2247 3442 Tuam
2267 3406 2378 3455 ipsius
2405 3413 2415 3424 ⁸
2430 3412 2495 3434 Vers-
2510 3419 2542 3441 35-

1319 3459 1486 3494 animam
1506 3459 1744 3507 pertransibit
1768 3458 1927 3508 gladius,
1949 3457 2037 3494 dicit
2064 3457 2315 3506 Augustinus,
2337 3457 2377 3495 in

1320 3509 1415 3547 libro
1431 3510 1476 3547 de
1496 3511 1641 3553 Quaest.
1657 3512 1761 3548 Novi
1780 3516 1813 3547 et
1830 3512 1966 3548 Veteris
1984 3512 2019 3547 Τ
2016 3516 2076 3547 est.
2087 3509 2118 3556 ²¹³,
2135 3510 2242 3559 quod
2261 3511 2377 3548 Beata

1319 3562 1434 3611 Virgo
1463 3564 1500 3600 in
1529 3569 1647 3601 morte
1664 3565 1820 3601 Domini
1843 3569 1991 3612 stupore
2010 3563 2169 3613 quodam
2191 3564 2375 3601 dubitavit.

2405 3517 2414 3528 ⁸
2438 3516 2484 3543 Qu.
2504 3522 2583 3537 Lxxnt.
2605 3526 2616 3530 -

2404 3543 2465 3564 luter
2479 3542 2541 3570 opp.
2554 3543 2616 3569 Aug.
