2872 3970
183 422 187 427 ·
217 418 295 448 tota
329 416 485 459 peccato
513 407 743 457 inquinatur.
783 407 831 443 Et
848 406 935 443 ideo
972 406 1181 443 dicendum
1218 413 1273 442 est

125 490 132 501 .
172 453 186 468 ²²
218 462 324 512 quod
350 469 429 498 tota
455 473 545 498 caro
573 459 821 508 antiquorum
848 467 1002 508 patrum
1029 458 1098 494 fuit
1116 466 1271 507 peccato

219 513 402 560 obnoxia,
431 525 502 550 nec
534 512 603 549 fuit
635 512 675 548 in
712 511 765 548 eis
793 511 937 560 aliquid
964 523 987 548 a
1013 518 1169 560 peccato
1202 510 1272 547 im-

217 578 349 612 mune,
377 566 426 602 de
460 577 540 614 quo
575 564 827 614 postmodum
861 575 1002 613 corpus
1035 563 1173 600 Christi
1200 563 1273 599 for-

180 624 189 634 *
218 625 396 658 mutetur.
779 638 782 642 ·

269 672 327 708 An
354 682 489 708 munim
521 681 618 706 ERGO
651 681 832 706 monimum
860 669 967 717 quod
994 667 1166 705 Christus
1194 680 1274 704 non

218 722 421 772 assumpsit
448 734 603 760 carnem
622 721 783 758 humani
810 721 958 770 generis
976 721 1168 758 subditam
1186 733 1273 770 pec-

119 805 126 825 2
135 806 144 811 -,
218 782 314 822 ento,
338 775 406 812 sed
433 775 481 812 ab
509 774 616 811 omni
643 774 843 811 infectione
870 773 1015 823 peccati
1034 773 1272 810 mundatam.

180 840 188 846 ·
217 829 267 875 Et
293 827 380 865 ideo
408 829 444 864 in
473 828 546 864 Dei
580 828 804 876 Sapientiam
842 827 933 863 nihil
960 827 1190 876 inquinatum
1222 827 1274 862 in-

126 886 140 903 ³*
218 881 344 921 eur-rit.

143 939 150 948 ‘
174 926 175 930 ¹
220 956 226 982 7
269 934 328 970 An
354 944 542 970 SECUNDUM
577 944 759 969 met-:noum
787 932 894 981 quod
932 930 1104 968 Christus
1139 930 1276 967 dicitur

217 985 399 1036 primitias
426 993 577 1022 nostrae
605 992 762 1022 naturae
790 983 1056 1033 assumpsisse,
1086 991 1275 1032 quantum

132 1250 135 1251 4
277 1222 392 1253 Christi
414 1222 448 1252 in
470 1221 611 1262 patribus
634 1230 702 1251 non
725 1221 900 1251 subiectam
923 1220 1019 1252 fuisse
1042 1226 1192 1260 peccato,
1217 1219 1274 1250 sed

216 1263 393 1298 immunem
415 1271 578 1296 servatam.

254 1310 307 1341 -ln
322 1318 458 1350 corpore
472 1310 543 1341 tria.
563 1310 679 1349 primo,
696 1308 761 1340 duo
778 1314 1019 1349 supponuntur;
1038 1308 1192 1345 secundo,
1208 1307 1274 1338 duo

216 1335 428 1390 excluduntur
450 1363 587 1390 errores;
609 1354 713 1390 tertio,
737 1352 947 1393 respondetur
970 1353 1124 1392 quaesito.
1157 1351 1275 1390 Quoad

131 1393 163 1434 ‘ss
300 1407 366 1434 um,
381 1398 574 1438 supponitur
594 1397 715 1438 primo,
732 1396 822 1437 quod
844 1402 891 1428 est
913 1406 1018 1427 sermo
1042 1397 1275 1436 comparativus

124 1447 143 1480 4
154 1459 160 1481 J›
214 1397 366 1483 ffiffl
356 1441 395 1473 ad
417 1447 529 1482 patres.
553 1459 576 1463 —
599 1441 798 1482 Supponitur
813 1440 966 1476 secundo,
987 1440 1076 1481 quod
1091 1440 1213 1471 diversa
1228 1445 1275 1470 est

217 1476 359 1518 &inditio
383 1485 500 1516 Christi
524 1491 555 1515 et
575 1490 701 1535 patrum
717 1484 825 1535 quoad
839 1490 1024 1525 peccatum:
1049 1485 1126 1525 quia
1141 1485 1185 1515 illi
1201 1485 1274 1514 sub-

214 1525 292 1568 ίᾲἓίί
311 1528 628 1570 peccato‚Ch1-istus
651 1529 802 1560 immunis
825 1539 844 1559 a
865 1535 1009 1569 peccato.

131 1569 168 1614 ·’4
219 1573 397 1612 θῆΩυοώ·
406 1573 594 1609 secundum,
618 1573 741 1613 primus
764 1582 850 1603 error
873 1578 955 1603 esset
977 1572 1197 1603 conditionem
1219 1581 1276 1612 pa-

134 1641 158 1646 .,
217 1622 302 1654 ηιμ)
316 1618 485 1648 attribuere
497 1616 635 1647 Christo.
652 1616 818 1647 Secundus
831 1622 912 1647 esset
927 1616 1147 1648 conditionem
1159 1616 1276 1647 Christi

216 1662 386 1709 attribuere
399 1661 550 1702 patribus,
567 1671 624 1691 seu
640 1661 732 1692 alicui
748 1661 829 1701 parti
845 1661 983 1691 cuiusvis
998 1670 1121 1691 eorum.
1145 1661 1186 1691 Et
1202 1661 1277 1700 quia

152 1734 180 1745 μ,
209 1708 219 1713 ”
301 1715 338 1736 us
361 1706 528 1745 opinantes
551 1714 618 1735 non
641 1705 745 1741 habet,
769 1704 928 1736 secundus
943 1714 1019 1735 vero
1038 1706 1277 1740 habet‚con11a

213 1742 395 1782 §oriundum
409 1749 577 1789 dupliciter
593 1749 741 1789 arguitur.
761 1748 879 1785 Primo,
896 1749 972 1789 quia
987 1759 1060 1779 caro
1078 1749 1195 1780 Christi
1209 1758 1276 1779 non

137 1789 150 1823 i.
160 1794 172 1822 ζ
215 1790 279 1829 {iiii
299 1794 333 1824 in
348 1793 488 1834 patribus
504 1792 682 1824 secundum
697 1792 818 1833 aliquid
833 1794 1001 1833 signatum.
1025 1792 1185 1829 Secundo,
1203 1793 1278 1832 quia

134 1845 174 1883 ¹252
206 1842 284 1874 ,non
307 1847 396 1878 pars,
428 1837 484 1867 sed
506 1843 574 1867 tota
597 1845 670 1867 caro
693 1842 820 1877 patrum
851 1846 889 1868 ex
913 1837 1173 1877 concupiscentia
1200 1845 1277 1867 con—

143 1897 150 1901 ⁴>
210 1879 248 1919 gi
270 1881 342 1912 itur.

112 1958 117 1960 ,
212 1960 215 1963 4
247 1890 389 1963 PQuoad
415 1925 562 1961 tertium,
594 1925 759 1955 conclusio
782 1925 965 1964 responsiva
989 1929 1051 1955 est.
1089 1924 1170 1954 Tota
1198 1933 1276 1954 caro

174 1968 181 2010 J
207 1966 345 2011 {atrum
365 1969 440 2010 suit
459 1974 593 2010 peccato
625 1969 782 2004 obnoxia,
811 1969 855 1999 ita
878 1968 964 2009 quod
987 1968 1067 1999 nihil
1081 1968 1155 2009 fuit
1177 1968 1209 1998 in
1235 1968 1279 1998 eis

211 2348 262 2362 ’δικ
280 2351 284 2356 ’

401 2395 406 2402 ι
429 2384 451 2409 n
470 2383 642 2408 oc’rAvuM
661 2382 713 2407 sm
732 2382 966 2407 PROCEDrrUR.
991 2369 1152 2406 Videtur
1170 2369 1276 2418 quod

272 2469 274 2472 4
330 2461 334 2465 ,
431 2423 604 2461 Christus
630 2422 742 2460 fuerit
768 2422 808 2459 in
835 2422 976 2459 lumbis
1004 2422 1183 2459 Abrahae
1211 2422 1276 2458 de-

129 2501 168 2525 ,4,-
245 2475 355 2528 ψ’·ξν,
375 2484 397 2518 6
413 2475 603 2514 cimatus.
631 2475 731 2513 Dicit
749 2475 854 2512 enim
873 2476 1091 2524 Apostolus,
1112 2475 1163 2512 ad
1177 2476 1276 2512 Heb.

206 2527 271 2567 :4¹1
265 2517 371 2558 Ψᾟ
388 2523 417 2563 Χ
429 2541 476 2567 vn
493 2529 533 2576 ⁸,
563 2529 669 2579 quod
701 2529 812 2575 Levi,
845 2539 1040 2587 pronepos
1077 2528 1276 2575 Abrahae,

137 2580 175 2627 ’ς’ἶῖς
209 2569 504 2641 -debimatussuit
522 2584 559 2619 in
573 2583 781 2628 Abraham,
801 2581 901 2630 quia,
918 2593 965 2618 eo
979 2580 1148 2618 decimas
1167 2580 1279 2618 dante

136 2636 167 2678 -f'
204 2633 514 2682 -Mfllchisedech,
534 2635 655 2673 adhuc
673 2636 766 2672 Levi
782 2640 861 2671 erat
885 2635 923 2670 in
951 2634 1084 2670 lumbis
1106 2635 1192 2670 eius.
1223 2633 1279 2670 Si-

206 2685 357 2729 militer
383 2687 556 2725 Christus
584 2695 663 2725 erat
689 2687 728 2724 in
756 2686 898 2724 lumbis
916 2686 1093 2723 Abrahae
1121 2686 1279 2735 quando

215 2738 389 2778 decimas
416 2739 530 2778 dedit.
561 2740 690 2788 Ergo'
680 2752 761 2789 lpse
785 2739 899 2777 etiam
919 2739 1092 2776 Christus
1117 2739 1280 2776 decima-

210 2791 285 2831 'etus
307 2792 377 2830 suit
403 2791 443 2830 in
470 2793 678 2831 Abraham.

209 2881 210 2884 ,
245 2855 311 2887 2.
339 2846 570 2892 Pataram,
600 2845 773 2883 Christus
799 2851 854 2882 est
872 2857 918 2881 ex
937 2845 1083 2882 semine
1102 2845 1280 2882 Abrahae

208 2898 450 2939 «secundum
464 2910 620 2936 carnem
647 2910 767 2947 quam
794 2897 842 2935 de
870 2905 991 2934 matre
1019 2897 1173 2946 accepit.
1205 2897 1281 2934 Sed

143 2957 167 3000 ’Σμ
223 2957 344 2989 mater
361 2950 443 2988 eius
464 2951 534 2988 fuit
551 2950 770 2988 decimata
761 2962 801 2987 in
819 2950 1027 2987 Abraham.
1057 2951 1170 2998 Ergo,
1199 2949 1281 2999 pari

204 3001 378 3049 ratione,
404 3003 587 3040 Christus.
618 3038 621 3040 .

278 3054 312 3092 3.
341 3057 578 3103 PRAETEREA,
611 3056 702 3092 illud
734 3057 770 3092 in
802 3056 996 3092 Abraham
1031 3055 1282 3092 decimabatur

147 3099 177 3158 3..
206 3108 323 3158 {quod
357 3109 543 3158 indigebat
578 3109 790 3145 curatione:
825 3114 867 3144 ut
903 3107 1139 3155 Augustinus
1175 3107 1280 3154 dicit,

206 3155 210 3181 Ῑ
225 3158 262 3199 X
281 3172 392 3210 super
421 3162 512 3197 Gen.
538 3161 589 3198 ad
609 3161 671 3205 litt.
691 3160 711 3182 '¹⁶
749 3159 955 3197 Curatione
983 3167 1112 3197 autem
1140 3159 1282 3208 indige-

130 3218 174 3262 4
204 3211 320 3253 -.bat‘²
338 3213 466 3250 omnis
485 3225 573 3250 caro
592 3220 748 3262 peccato
768 3212 945 3249 obnoxia.
967 3212 1070 3249 Cum
1084 3224 1173 3260 ergo
1193 3224 1281 3249 caro

132 3291 169 3315 4,
227 3262 364 3303 Christi
391 3265 502 3303 fuerit
519 3273 676 3315 peccato
696 3264 875 3308 obnoxia,
904 3264 1000 3301 sicut
1017 3263 1163 3301 dictum
1182 3272 1237 3301 est
1250 3265 1281 3310 ³¹²,

148 3314 157 3333 ”⁸
207 3315 376 3356 ridetur
411 3319 518 3368 quod
561 3330 651 3355 caro
690 3317 827 3354 Christi
864 3317 903 3353 in
940 3317 1136 3354 Abraham
1172 3316 1284 3353 fuerit

208 3368 422 3408 decimata.

280 3433 316 3469 4.
345 3423 581 3470 PRAETEREA,
618 3424 694 3460 hoc
721 3435 800 3459 non
828 3422 979 3459 videtur
1006 3421 1134 3471 aliquo
1162 3421 1282 3458 modo

280 3538 308 3575 α)
328 3541 499 3575 ἰκάίςιὸαὶμ-
511 3543 614 3576 indiget
628 3543 736 3569 tertia.-
747 3543 865 3568 obnoxia
878 3541 973 3576 (primo
986 3542 1152 3578 loco)tertia,
1166 3544 1283 3570 obnoxia

226 3574 296 3600 sicut
312 3576 411 3602 dictum
429 3581 478 3604 ese

868 275 1130 322 QUAESTIO
1159 276 1300 322 XXXI,
1330 275 1621 313 ARTICULUS
1650 276 1730 312 VIII

218 356 385 396 hominis
400 368 470 405 per
483 354 832 415 concupiscentiam
850 353 1073 402 concipitur,
1090 353 1140 390 ita
1159 353 1272 389 etiam
1298 359 1301 397 1
1327 353 1374 389 ad
1413 353 1701 390 similitudinem
1738 353 1984 390 conditionis:

2309 277 2377 314 331

2028 354 2118 403 quia
2154 354 2291 402 scilicet
2328 368 2384 392 as—

1327 406 1489 454 sumpsit
1517 418 1673 442 carnem
1700 414 1856 454 peccato
1877 418 1956 443 non
1984 406 2171 453 infectam,
2193 407 2287 444 sicut
2305 408 2384 444 fue-

1328 466 1383 495 rat
1402 471 1490 495 caro
1517 458 1686 494 hominis
1705 467 1791 495 ante
1809 466 2022 507 peccatum.
2051 460 2142 495 Non
2162 468 2290 496 autem
2311 462 2385 497 hoc

1328 510 1544 559 intelligitur
1579 511 1795 548 secundum
1832 511 2159 548 continuationem
2195 512 2383 560 puritatis:

1328 562 1378 599 ita
1397 563 1535 600 scilicet
1554 564 1660 612 quod
1688 563 1749 600 illa
1768 575 1856 600 caro
1875 563 1962 612 puri
1982 564 2147 600 hominis
2174 573 2386 602 servaretur

1329 628 1351 652 a
1378 624 1534 664 peccato
1567 615 1752 652 immunis
1779 628 1903 665 usque
1932 617 1980 652 ad
2007 617 2276 653 formationem
2305 630 2385 654 cor-

1328 668 1432 716 poris
1462 668 1611 705 Christi.

1381 722 1438 757 An
1465 732 1624 758 TERTmM
1652 732 1833 758 mOENDUM
1853 721 1959 769 quod
1983 721 2022 757 in
2042 723 2213 759 humana
2239 730 2384 767 natura,

1329 780 1415 809 ante
1445 773 1652 818 Christum,
1682 781 1761 810 erat
1788 775 1947 820 vulnus,
1977 774 2072 811 idest
2100 774 2248 812 infectio
2277 775 2386 823 origi-

1329 825 1424 862 nalis
1451 825 1613 874 peccati,
1642 825 1682 862 in
1709 833 1807 862 actu.
1843 826 2035 863 Medicina
2062 835 2190 864 autem
2218 828 2387 864 vulneris

1330 890 1409 915 non
1438 886 1517 915 erat
1535 878 1587 915 ibi
1616 885 1712 924 actu,
1734 879 1801 915 sed
1820 880 1946 915 solum
1975 880 2189 916 secundum
2208 880 2387 917 virtutem

1330 930 1501 978 originis,
1530 938 1646 979 prout
1673 931 1721 967 ab
1750 931 1822 968 illis*
1846 931 2016 980 patribus
2035 934 2281 981 propaganda
2309 941 2387 970 erat

1331 995 1419 1020 caro
1450 983 1600 1020 Christi.

887 1089 1220 1122 Commentariis
1243 1088 1493 1121 Cat-dinans
1516 1088 1715 1121 Caietam

158 1183 160 1186 ’
217 1188 390 1253 TrrULUS
411 1183 447 1208 ut
474 1183 581 1208 sonat.
612 1182 742 1217 propter
770 1176 927 1217 quosdam
956 1182 1113 1217 ponentes
1143 1185 1272 1206 carnem
1300 1175 1302 1213 Ι
1329 1176 1472 1212 liberum,
1496 1176 1579 1206 unde
1594 1185 1672 1206 caro
1692 1176 1811 1207 Christi
1824 1172 2043 1218 formaretur.
2068 1177 2202 1208 Infertur
2217 1178 2294 1208 haec
2311 1188 2387 1208 con-

1329 1220 1430 1250 clusio
1454 1230 1492 1250 ex
1515 1225 1588 1250 ante
1612 1219 1711 1250 dictis.

1384 1263 1420 1294 II.
1445 1264 1507 1294 Ubi
1531 1263 1656 1294 adverte
1680 1264 1856 1294 Auctorem
1878 1273 1945 1294 non
1969 1265 2112 1295 intulisse
2129 1265 2245 1295 Christi
2262 1275 2388 1296 carnem

1327 1308 1361 1338 in
1376 1308 1517 1347 patribus
1532 1313 1666 1347 peccato
1683 1308 1855 1338 obnoxiam
1868 1319 1874 1338 :
1892 1308 1957 1344 sed,
1971 1309 2051 1338 nihil
2070 1309 2179 1339 carnis
2195 1309 2228 1339 in
2240 1310 2388 1350 patribus

1328 1357 1508 1392 exemptum
1528 1352 1638 1392 fuisse
1666 1361 1686 1382 a
1710 1353 1815 1392 culpa.
1850 1353 1984 1383 Divertit
2013 1359 2120 1383 autem
2151 1359 2318 1393 propterea
2347 1363 2389 1384 ne

1329 1396 1419 1436 quasi
1435 1395 1584 1426 fateretur
1600 1395 1763 1426 Christum
1779 1397 1973 1427 subiacuisse
1989 1402 2139 1436 peccato:
2165 1403 2206 1433 et,
2224 1407 2299 1428 cum
2314 1398 2388 1434 hoc,

1329 1439 1519 1470 satisfaceret
1541 1440 1656 1470 rationi
1679 1439 1880 1476 difficultatis,
1902 1450 1984 1480 quae
2009 1451 2046 1471 ex
2069 1442 2132 1471 hoc
2156 1447 2220 1472 erat
2244 1442 2333 1481 quod
2355 1442 2389 1472 in

1329 1484 1469 1524 patribus
1493 1483 1612 1524 aliquid
1641 1489 1825 1524 exemptum
1849 1494 1867 1514 a
1889 1490 2022 1524 peccato
2050 1485 2236 1525 putabatur,
2261 1495 2298 1516 ex
2323 1495 2388 1526 quo

1330 1538 1403 1558 caro
1427 1527 1544 1559 Christi
1566 1529 1600 1558 in
1622 1529 1763 1568 patribus
1788 1529 1941 1559 immunis
1965 1539 1982 1559 a
2005 1535 2138 1569 peccato
2162 1529 2333 1560 dicebatur.

1384 1572 1492 1602 Potest
1507 1572 1715 1602 nihilominus
1731 1582 1804 1602 vere
1828 1572 1890 1603 dici
1914 1572 2004 1612 quod
2023 1583 2096 1604 caro
2113 1573 2228 1604 Christi
2244 1574 2277 1604 in
2293 1575 2389 1614 patri-

1329 1617 1399 1652 bus,
1416 1622 1452 1647 ut
1466 1617 1500 1647 in
1516 1617 1656 1656 patribus
1673 1622 1747 1652 erat,
1764 1616 1824 1647 fuit
1840 1617 1981 1647 subiecta
1997 1623 2146 1657 peccato:
2172 1623 2212 1653 et,
2226 1627 2300 1648 cum
2316 1619 2388 1654 hoc,

1330 1661 1425 1690 edam
1440 1669 1514 1690 vere
1537 1660 1600 1691 dici
1615 1660 1704 1700 quod
1729 1670 1802 1691 caro
1827 1660 1944 1691 Christi
1959 1662 1992 1691 in
2008 1662 2159 1701 patribus,
2176 1667 2212 1691 ut
2234 1661 2273 1692 ad
2297 1661 2389 1692 Chri-

1329 1710 1415 1735 stum
1427 1703 1625 1740 deducenda,
1638 1714 1705 1734 non
1722 1710 1787 1735 erat
1803 1710 1935 1744 peccato
1954 1706 2107 1742 obnoxia3
2125 1706 2200 1745 quia
2215 1705 2335 1736 munda
2351 1706 2390 1736 ad

1331 1748 1493 1778 Christum
1508 1758 1566 1788 per
1581 1747 1734 1788 Spiritum
1747 1748 1909 1784 Sanctum,
1923 1754 1954 1779 et
1965 1759 2032 1779 non
2045 1759 2083 1779 ex
2094 1749 2175 1779 virili
2191 1750 2321 1786 semine,
2335 1750 2389 1780 de-

1330 1791 1477 1822 ducenda
1493 1798 1568 1822 erat.
1594 1792 1786 1832 Simpliciter
1802 1798 1909 1822 autem
1932 1792 2116 1823 affirmativa
2141 1799 2187 1823 est
2208 1803 2291 1829 vera,
2309 1794 2390 1823 scili-

1331 1841 1396 1866 cet:
1424 1836 1511 1866 Caro
1530 1836 1650 1866 Christi
1670 1836 1702 1866 in
1721 1836 1869 1876 patribus
1883 1836 1957 1877 suit
1977 1837 2118 1867 obnoxia
2129 1842 2284 1877 peccato:
2308 1847 2389 1877 quo-

1331 1880 1417 1910 niam
1432 1889 1500 1910 non
1524 1879 1563 1910 de
1587 1889 1680 1910 carne
1697 1879 1814 1910 Christi
1837 1881 1869 1910 in
1885 1890 1928 1916 se,
1945 1880 2000 1911 sed
2022 1881 2055 1911 in
2078 1882 2228 1920 patribus,
2246 1882 2389 1911 enuntia-

1331 1929 1382 1954 tur
1397 1929 1575 1963 peccatum.
1600 1924 1640 1954 Et
1663 1923 1737 1954 inde
1753 1924 1835 1954 Filio
1857 1925 1917 1954 Dei
1932 1925 2068 1955 maiores
2092 1925 2245 1955 debemus
2267 1926 2390 1964 gratias,

1333 1967 1422 2008 quod
1446 1977 1484 1998 ex
1506 1978 1608 1998 massa
1631 1969 1807 2008 peccatrice
1831 1978 1959 1999 carnem
1981 1978 2072 1999 suam
2088 1969 2202 1999 deduci
2226 1969 2336 1999 voluit.

994 2119 1312 2161 ARTICULUS
1343 2119 1616 2162 OCTAVUS

642 2212 798 2243 UTRUM
822 2211 1034 2243 CHRISTUS
1057 2212 1216 2243 FUERIT
1239 2212 1284 2242 IN
1307 2177 1466 2243 LUMals
1489 2212 1696 2243 ABRAHAE
1719 2212 1973 2244 DEclMATUS

461 2292 492 2317 111
511 2292 594 2320 Sem„
615 2292 672 2316 dist.
691 2299 728 2322 m,
748 2299 794 2324 qu.
813 2299 846 2320 w.
866 2296 913 2318 art.
934 2291 957 2323 3,
977 2291 1026 2324 qu‘
1047 2298 1070 2322 ι,
1091 2298 1120 2321 2;
1140 2291 1182 2322 1v,
1201 2291 1260 2316 dist.
1278 2299 1296 2323 1,
1316 2299 1360 2324 qu.
1378 2299 1406 2322 u,
1426 2297 1472 2316 art.
1493 2299 1515 2322 2,
1535 2292 1585 2325 qu⁸
1606 2292 1629 2321 3,
1648 2292 1679 2316 ad
1700 2299 1731 2323 23
1749 2292 1792 2317 Ad
1811 2292 1887 2322 Heb„
1908 2300 1963 2325 cap.
1981 2299 2025 2323 vn,
2045 2293 2102 2320 lect.
2123 2301 2150 2319 11.

1331 2370 1514 2418 derogare
1543 2370 1711 2418 dignitati
1741 2370 1890 2408 Christi.
1929 2371 2036 2408 Nihil
2064 2371 2168 2408 enim
2195 2372 2392 2421 prohibet,

1331 2431 1438 2472 patre
1465 2423 1625 2460 alicuius
1653 2423 1844 2472 pontificis
1872 2423 2039 2461 decimas
2067 2425 2180 2461 dante
2205 2425 2317 2462 alicui
2336 2439 2393 2463 sa-

1333 2476 1488 2523 cerdoti,
1508 2475 1633 2512 filium
1653 2476 1734 2513 eius
1753 2475 1974 2525 pontificem
1995 2476 2184 2514 maiorem
2203 2490 2284 2514 esse
2305 2478 2393 2515 sim-

1332 2528 1420 2577 plici
1449 2529 1654 2566 sacerdote.
1693 2528 1799 2566 Licet
1833 2541 1922 2578 ergo
1950 2529 2097 2566 dicatur
2130 2530 2301 2567 Christus
2329 2531 2393 2568 de-

1334 2580 1506 2628 cimatus,
1535 2581 1732 2619 Abraham
1760 2581 1929 2619 decimas
1956 2582 2070 2619 dante
2097 2583 2392 2628 Melchisedech,

1334 2646 1413 2671 non
1441 2642 1571 2671 tamen
1598 2642 1754 2684 propter
1772 2636 1847 2672 hoc
1873 2635 2085 2672 excluditur
2108 2635 2202 2684 quin
2222 2636 2393 2673 Christus

1334 2687 1380 2723 sit
1406 2687 1531 2724 maior
1558 2699 1677 2736 quam
1705 2687 2000 2724 Melchisedech.

1388 2741 1461 2777 SED
1482 2752 1626 2777 CONTRA
1644 2752 1709 2777 EST
1732 2740 1839 2789 quod
1858 2741 2093 2788 Augustinus
2112 2740 2210 2787 dicit,
2231 2742 2266 2777 X
2284 2754 2395 2791 super

1339 2793 1430 2829 Gen.
1450 2793 1501 2830 ad
1517 2793 1578 2829 litt.
1594 2792 1626 2837 ²¹²,
1655 2793 1761 2842 quod
1789 2794 1952 2830 Christus
1970 2795 2031 2839 ihi,
2061 2793 2198 2830 scilicet
2217 2794 2256 2830 in
2274 2794 2394 2832 Abra—

1334 2846 1439 2891 ham,
1468 2846 1667 2882 decimatus
1695 2858 1768 2882 non
1798 2852 1867 2882 est:
1894 2848 1996 2882 cuius
2015 2858 2104 2883 caro
2124 2847 2208 2883 inde
2229 2857 2303 2884 non
2312 2848 2394 2895 fer-

1334 2910 1462 2936 vorem
1489 2899 1661 2943 vulneris,
1680 2898 1745 2934 sed
1770 2900 1964 2935 materiam
1990 2899 2242 2936 medicaminis
2269 2902 2392 2937 traxit.

1388 2952 1611 3001 Respomsso
1631 2962 1810 2987 monimum
1838 2951 1957 2999 quod,
1987 2951 2202 2988 secundum
2221 2951 2394 2990 intentio-

1336 3015 1426 3040 nem
1454 3002 1627 3052 Apostoli
1645 3002 1676 3047 *,
1707 3010 1855 3051 oportet
1882 3003 2007 3040 dicere
2036 3004 2143 3052 quod
2164 3004 2336 3042 Christus
2355 3005 2394 3042 in

2423 2809 2431 2817 ⁸
2440 2807 2495 2829 Loc.
2505 2807 2545 2830 cit.
2556 2808 2577 2829 in

2420 2840 2441 2863 3.

2585 2814 2632 2836 arg.

2424 3017 2432 3026 ⁸
2443 3016 2498 3038 Loc.
2506 3017 2544 3039 cit.
2552 3017 2575 3038 in
2584 3023 2633 3044 arg,

1336 3055 1477 3092 lumbis
1490 3055 1666 3092 Abrahae
1682 3067 1760 3092 non
1775 3055 1885 3092 fuerit
1899 3055 2119 3093 decimatus.
2136 3057 2276 3094 Probat
2291 3057 2394 3095 enim
2424 3050 2442 3064 ¹'

1336 3109 1542 3157 Apostolus
1571 3107 1694 3144 maius
1723 3120 1804 3144 esse
1832 3108 2087 3145 sacerdotium
2122 3111 2228 3158 quod
2257 3118 2311 3147 est
2339 3123 2394 3147 se-

1336 3161 1509 3197 cundum
1538 3160 1714 3196 ordinem
1737 3160 2032 3207 Melchisedech,
2053 3162 2263 3200 sacerdotio
2283 3163 2394 3200 Levi-

1336 3213 1423 3258 tico,
1443 3225 1512 3261 per
1539 3214 1615 3249 hoc
1642 3213 1748 3262 quod
1768 3213 1964 3250 Abraham
1993 3214 2160 3252 decimas
2179 3215 2281 3252 dedit
2299 3217 2394 3253 Mel—

1337 3265 1550 3312 chisedech,
1580 3265 1707 3302 adhuc
1733 3265 1830 3302 Levi
1857 3266 2036 3303 existente
2065 3267 2103 3304 in
2132 3268 2271 3304 lumbis
2300 3268 2392 3316 eius,

1337 3318 1385 3354 ad
1414 3327 1532 3366 quern
1560 3317 1721 3367 pertinet
1748 3320 1864 3367 legale
1893 3319 2160 3357 sacerdotium.
2198 3320 2237 3358 Si
2265 3329 2393 3358 autem

1339 3370 1511 3407 Christus
1545 3370 1658 3408 etiam
1693 3371 1732 3408 in
1766 3371 1962 3409 Abraham
1997 3372 2207 3410 decimatus
2239 3382 2336 3411 esset
2358 3373 2392 3421 β,

1337 3422 1418 3459 eius
1447 3423 1701 3460 sacerdotium
1737 3436 1816 3461 non
1846 3433 1941 3461 esset
1976 3426 2190 3462 secundum
2219 3426 2394 3464 ordinem

1391 3543 1416 3578 β)
1436 3548 1511 3570 esset.
1529 3559 1548 3564 —
1565 3545 1604 3570 Fa
1623 3551 1647 3570 et
1669 3546 1754 3576 tertia;
1771 3547 1868 3579 fuerit.
1880 3561 1899 3564 —
1917 3547 1971 3571 eius
1991 3547 2167 3572 sacerdotium
2188 3548 2247 3573 EFa
2266 3554 2291 3573 et
2308 3549 2394 3579 tertia;

1337 3588 1390 3605 om.
1409 3580 1527 3613 ABDpC,
1546 3581 1723 3606 sacerdotium
1746 3582 1846 3606 Christi
1866 3582 1907 3607 sC.
