2872 3970
514 296 588 333 320
1186 292 1448 340 QUAESTIO
1479 292 1604 339 ΧΧΧ,
1632 291 1925 330 ARTICULUS
1953 291 2002 328 lv

509 373 612 411 batio
627 373 759 421 Angeli
778 373 972 422 probantis
991 377 1221 421 conceptum
1240 370 1393 418 virginis
1413 381 1459 407 ex
1478 381 1568 406 con·
1622 370 1771 415 sabeth;
1799 377 1836 406 et
1863 368 2008 406 ratione
2040 381 2087 406 ex
2114 368 2244 406 divina
2272 368 2550 418 omnipotentia
2576 376 2681 408 sum-

511 434 624 475 ceptu
652 425 763 462 senis.
1622 429 1697 471 pta.
2440 472 2448 480 .
2631 440 2633 442 -

275 495 286 504 ·
299 492 363 514 Vm.
382 500 399 515 ι.
565 479 638 516 SED
658 489 801 515 CONTRA
820 489 885 515 EST
903 478 1010 526 quod
1029 476 1165 514 dicitur
1183 477 1294 513 Rom.
1315 486 1372 511 x111
1390 474 1427 511 *ε
1464 475 1570 516 Quae
1674 475 1731 511 An
1755 486 1891 512 Palmum
1917 485 2015 511 ERGO
2041 485 2232 511 melerinum
2251 473 2360 522 quod
2387 484 2519 512 animo
2544 473 2683 513 humili

511 543 534 568 a
552 532 634 568 Deo
659 536 754 576 sunt,
784 530 954 568 ordinata
971 535 1065 567 sunt.
1094 530 1262 576 Angelus
1286 535 1416 564 autem
1439 528 1569 563 missus
1621 526 1715 565 nihil
1743 534 1799 563 est
1825 526 2036 564 mirabilius
2063 538 2183 575 quam
2210 525 2363 565 auditus
2387 537 2481 566 sune
2496 526 2683 567 excellen-

510 591 561 620 est
588 596 611 620 a
638 584 720 620 Deo
747 583 796 620 ad
828 583 904 619 hoc
934 582 1040 631 quod
1068 580 1213 629 Virgini
1239 579 1498 626 annuntiaret,
1527 586 1569 615 ut
1620 579 1705 616 tiae.
1731 578 1943 616 Admiratio
1963 586 2094 616 autem
2111 578 2280 617 maxime
2296 577 2547 618 attentionem
2560 578 2683 618 attimi
2768 606 2787 627 ,ι

274 647 364 669 wera.
378 647 413 669 2⁶.
511 635 647 672 dicitur
673 636 768 672 Luc.
789 647 799 671 1
817 634 848 671 ³¹⁸.
887 635 987 682 Ergo
1020 632 1297 672 ordinatissime
1324 631 1393 669 fuit
1420 642 1568 668 annun-
1620 631 1717 670 facit.
1759 632 1808 669 Et
1834 631 1923 669 ideo
1950 632 2131 679 Angelus,
2159 632 2294 670 volens
2320 630 2683 679 memevainginis
2697 647 2723 671 :a
2747 639 2785 677 ,ις

510 687 614 725 tiatio
641 699 712 737 per
738 689 928 735 Angelum
956 687 1156 735 completa.
1621 691 1803 722 attentam
1830 684 1990 721 reddere
2017 683 2067 721 ad
2094 682 2272 722 auditum
2298 682 2392 721 tanti
2417 683 2611 733 mysterii,
2625 683 2682 724 nab
2700 690 2702 693 ’
2717 679 2771 706 '’'3'

564 741 786 777 Rsssronnao
805 751 986 776 Dici-:noum
1005 738 1111 788 quod
1139 736 1376 775 annuntiatio
1395 748 1567 784 congruo
1621 735 1704 773 eius
1732 736 1845 774 laude
1873 734 2052 785 incoepit.
2762 779 2770 788 ὦ

511 792 644 829 ordine
663 804 733 841 per
750 793 940 839 Angelum
968 798 1023 828 est
1045 790 1218 840 perfecta.
1247 789 1340 826 Tria
1368 789 1472 826 enim
1490 791 1568 825 An-
1673 790 1731 826 An
1745 801 1934 826 SECUNDUM
1947 799 2129 826 meramnum
2143 788 2251 837 quod
2263 787 2491 826 Ambrosius
2505 799 2701 839 expresse,

509 846 615 893 gelus
642 844 861 881 intendebat
888 843 987 880 circa
1008 842 1214 891 Virginem.
1245 841 1375 878 Primo
1397 841 1566 890 quidem,
1620 841 1720 887 dicit,
1748 853 1860 891 super
1886 842 1977 878 Luc.
1996 840 2028 887 ²¹⁸,
2057 840 2164 890 quod
2192 841 2310 878 Beata
2335 839 2452 888 Virgo
2479 840 2528 878 de
2555 838 2684 889 verbis
2723 834 2752 894 'J'

509 897 668 934 reddere
696 902 865 933 mentem
884 895 966 932 eius
993 902 1175 932 attentam
1193 895 1242 931 ad
1260 901 1386 931 tantae
1404 893 1458 931 rei
1477 905 1568 931 con·
1621 892 1755 942 Angeli
1773 905 1854 930 non
1881 891 2078 931 dubitavit.
2111 891 2212 931 Dicit
2237 891 2360 930 enim:
2392 891 2683 952 Temperado‘flff
2720 895 2765 946 333

509 948 789 986 siderationem.
820 948 938 997 Quod
964 947 1122 997 quidem
1140 946 1225 984 fecit
1252 958 1340 984 eam
1367 946 1567 984 salutando
1621 952 1671 984 est
1690 947 1845 985 Mariae
1862 946 2051 996 responsio
2072 957 2184 995 quam
2202 947 2318 985 verba
2334 944 2544 998 sacerdotis,
2571 944 2687 1041 Ἦ
2699 962 2702 966 ·

510 1002 678 1050 quadam
705 1013 809 1037 nova
836 1008 872 1037 et
899 999 1047 1038 insolita
1075 999 1310 1037 salutatione.
1339 999 1452 1037 Unde
1481 998 1567 1037 Ori·
1621 1001 1690 1036 ait.-
1723 998 1917 1041 Quomodo
1925 1000 1998 1047 fiet
2018 997 2139 1036 istud?
2165 997 2236 1036 Ille
2253 990 2608 1048 responditiUnda.
2729 1005 2751 1026 ⁵

507 1065 622 1143 {5⁰³⁵
650 1052 757 1100 Μ’
785 1052 1070 1143 Wssss‘iem'
1079 1052 1233 1153 ,1252ss
1257 1051 1571 1142 ἕξᾷἕεέῗᾲῗηέηἷ
1619 1051 2685 1173 {tmiofetssftf252esssseffffisffqxtm
2587 1051 2685 1110 *θ’
2717 1051 2766 1119 ³⁵²5?

547 1119 623 1143 zum
682 1118 765 1142 uem
792 1118 867 1143 tam
918 1119 930 1142 ι
971 1119 982 1142 ι
1692 1133 1699 1141 .
2737 1121 2763 1131 «⁷

509 1159 646 1209 (utpote
658 1118 791 1208 ᾳᾳιιαέ
807 1159 964 1196 habebat
997 1158 1089 1209 legis
1115 1157 1341 1207 scientiam),
1377 1169 1568 1208 nunquam
1610 1158 1706 1206 fieri
1724 1158 1851 1210 possit,
1881 1157 2040 1207 inquirit.
2459 1132 2470 1150 ’
2493 1159 2496 1162 ⁴
2548 1168 2557 1211 J
2580 1144 2678 1191 ·³.*J²²³⁴‘i

508 1223 603 1258 eam,
633 1212 739 1262 quasi
755 1212 973 1262 peregrina,
1002 1211 1083 1248 talis
1109 1210 1277 1248 salutatio
1305 1211 1498 1248 terruisset.
1527 1211 1569 1247 In
1674 1209 1910 1258 Augustinus
1936 1216 2068 1247 tamen
2094 1207 2246 1247 videtur
2272 1208 2398 1247 dicere
2433 1203 2548 1261 quod'
2570 1191 2682 1263 diihg
2717 1208 2764 1260 ἦ

509 1276 587 1314 qua
600 1263 759 1314 quidem
773 1263 996 1302 salutatione
1015 1262 1209 1313 praemisit
1221 1262 1469 1301 idoneitatem
1488 1261 1569 1301 eius
1621 1261 1764 1301 taverit.
1793 1261 1894 1300 Dicit
1919 1261 2037 1308 enim,
2066 1261 2106 1301 in
2132 1261 2231 1301 libro
2255 1262 2521 1305 Quaestionum
2546 1254 2685 1305 Vm

509 1317 558 1354 ad
586 1323 833 1365 conceptum,
866 1315 906 1353 in
933 1328 980 1353 eo
1013 1315 1120 1365 quod
1147 1315 1256 1362 dixit,
1284 1317 1411 1365 gratia
1431 1315 1570 1365 plena;
1621 1321 1655 1352 et
1682 1316 1786 1353 Novi
1814 1317 1908 1353 Test.
1927 1314 1964 1352 *ε
1993 1315 2210 1365 Ambigenti
2233 1316 2389 1352 Mariae
2412 1314 2461 1352 de
2485 1316 2681 1368 com

509 1368 690 1418 expressit
717 1376 960 1418 conceptum,
989 1367 1029 1405 in
1052 1380 1100 1405 eo
1127 1368 1234 1417 quod
1255 1367 1357 1415 dixit,
1385 1369 1569 1405 Dominus
1616 1368 1892 1418 possibilitatem
1931 1368 2101 1418 Angelus
2131 1367 2336 1418 praedicat.
2379 1366 2457 1405 Sed
2492 1365 2683 1407 minda·-

508 1427 647 1466 tecum;
674 1428 711 1458 et
736 1420 1017 1471 praenuntiavit
1044 1421 1235 1458 honorem
1254 1427 1567 1473 consequentem,
1621 1419 1751 1458 bitatio
1779 1420 1899 1469 magis
1927 1427 1982 1458 est
2009 1418 2272 1459 admirationis
2299 1430 2419 1471 quarn
2442 1416 2681 1467 incr'edufflnf-
2839 1431 2850 1463 z

509 1486 600 1511 cum
627 1473 729 1519 dixit,
757 1474 957 1511 Benedicta
984 1479 1021 1510 tu
1050 1475 1086 1510 in
1116 1473 1339 1510 mulieribus.
1620 1473 1677 1512 tis.
1707 1474 1756 1511 Et
1773 1473 1861 1511 ideo
1884 1473 2053 1522 Angelus
2070 1471 2340 1522 probationem
2358 1471 2514 1522 inducit,
2531 1469 2682 1514 nenati
2846 1477 2849 1488 ¹

563 1526 742 1563 Secundo
770 1533 911 1571 autem,
932 1525 1151 1562 intendebat
1185 1537 1271 1562 eam
1298 1524 1484 1565 instruere
1520 1525 1568 1563 de
1621 1526 1870 1565 auferendam
1897 1525 2172 1574 infidelitatem,
2200 1525 2268 1563 sed
2286 1523 2300 1548 ὅ
2327 1525 2377 1563 ad
2402 1525 2683 1567 removendam

508 1578 689 1628 mysterio
717 1578 998 1625 incarnationis,
1027 1578 1134 1627 quod
1161 1577 1201 1616 in
1228 1590 1274 1615 ea
1301 1585 1380 1617 erat
1406 1577 1568 1627 implen-
1621 1578 1703 1616 eius
1730 1577 2036 1617 admirationem.
2748 1581 2777 1627 J,

508 1631 615 1668 dum.
655 1631 773 1678 Quod
801 1630 959 1680 quidem
985 1631 1071 1668 feeit
1097 1630 1402 1680 praenuntiando
1431 1642 1567 1668 conce·
1673 1633 1731 1668 An
1757 1643 1916 1669 Tannum
1943 1642 2124 1669 memnon
2141 1631 2284 1681 -quod,
2321 1629 2418 1668 sicut
2453 1629 2683 1670 Ambrosius
2731 1640 2741 1681 ᾗ
2755 1633 2778 1643 ⁵
2844 1626 2849 1662 ἕ

507 1691 619 1733 ptum
646 1691 682 1720 et
708 1691 874 1733 partum,
903 1683 1050 1729 dicens,
1079 1685 1188 1730 Ecce,
1217 1685 1399 1733 concipies
1426 1685 1464 1720 in
1492 1689 1566 1720 ute·
1620 1683 1729 1732 dicit,
1762 1683 1801 1721 in
1832 1685 2102 1721 Hexaemeron
2128 1683 2165 1731 ⁴,
2194 1685 2243 1722 ob
2272 1684 2343 1722 hoc
2375 1683 2514 1722 multae
2544 1682 2683 1733 siff&
2738 1699 2749 1730 32·

509 1748 570 1782 ro,
590 1743 679 1779 etc.;
709 1744 745 1773 et
772 1736 1010 1774 ostendendo
1039 1735 1256 1785 dignitatem
1286 1735 1403 1786 prolis
1430 1747 1566 1774 conce·
1614 1742 1900 1787 praevenerunt,
1917 1742 1955 1774 ut
1974 1742 2106 1788 partus
2131 1736 2306 1775 credatur
2331 1737 2505 1788 Virginis.
2524 1735 2575 1777 Et
2591 1731 2684 1785 1:106
2702 1743 2757 1777 Γ’ῑ-’ῑζ

367 1794 383 1827 β
508 1796 616 1840 ptae,
654 1800 745 1826 cum
779 1788 888 1836 dixit,
923 1790 1001 1826 Hic
1037 1790 1104 1826 erit
1138 1800 1319 1839 magnus;
1353 1796 1389 1827 et
1423 1787 1567 1826 etiamr
1620 1796 1829 1839 conceptus
1856 1789 2051 1827 Elisabeth
2079 1788 2211 1827 sterilis
2239 1788 2444 1837 inducitur,
2471 1786 2683 1840 nonsquui
2711 1794 2734 1826 ”.
2755 1807 2767 1818 2

509 1841 809 1878 demonstrando
837 1841 1001 1878 modum
1029 1840 1306 1890 conceptionis,
1335 1852 1426 1880 cum
1453 1840 1565 1888 dixit,
1620 1841 1814 1879 sufficiens
1841 1850 2134 1890 argumentum,
2172 1842 2239 1879 sed
2267 1841 2377 1891 quasi
2408 1841 2610 1892 quoddam
2630 1839 2681 1880 fi—
2735 1851 2767 1900 ,ᾗ

509 1895 664 1943 Spiritus
691 1895 846 1930 Sanctus
870 1895 1099 1943 superveniet
1126 1895 1163 1930 in
1191 1899 1235 1930 te.
1619 1895 1749 1942 gurale
1777 1895 2010 1944 exemplum.
2053 1895 2102 1932 Et
2128 1893 2236 1942 ideo,
2269 1894 2319 1932 ad
2346 1893 2682 1941 confirmationem

562 1945 713 1991 Tertio,
741 1945 961 1983 intendebat
988 1945 1163 1983 animum
1191 1946 1273 1983 eius
1307 1945 1489 1983 inducere
1517 1946 1566 1983 ad
1620 1946 1736 1984 huius
1763 1946 1943 1998 exempli,
1972 1946 2148 1984 sub'ditur
2174 1955 2446 1996 argumentum
2472 1945 2611 1989 effim*
2633 1950 2683 1986 ex

509 2009 753 2036 consensum.
797 1998 915 2046 Quod
957 1998 1115 2048 quidem
1155 1998 1239 2036 fecit
1277 1999 1453 2050 exemplo
1491 1998 1565 2036 Eli·
1621 1998 1898 2050 omnipotentia
1925 1999 2067 2040 divina.
2738 1996 2742 1999 ⁵

563 2125 588 2160 β)
607 2127 696 2152 etiam.
712 2140 732 2146 -
749 2127 850 2158 Tertia3
869 2134 922 2152 om.
941 2127 972 2156 D.
991 2127 1018 2152 in
1037 2127 1122 2153 ceteri.
1592 2126 1596 2191 Ι
1673 2127 1700 2162 ὃ)
1717 2128 1772 2153 sed.
1789 2142 1809 2147 -
1826 2128 1914 2162 magis
1932 2128 2002 2154 addit
2019 2128 2047 2154 Ρ.

561 2162 587 2196 γ)
610 2162 800 2194 Temperatior.
817 2176 836 2181 -
857 2162 1059 2194 Temperantior
1077 2162 1164 2188 DEGa
1183 2167 1208 2188 et
1225 2162 1360 2189 editiones.

1176 2249 1511 2284 Commorim-ia
1532 2251 1785 2284 cardinalis
1809 2251 2008 2285 Caietam

567 2351 674 2371 rrimus
697 2341 819 2383 quaerit
841 2340 881 2371 de
905 2340 1016 2371 ordine
1045 2340 1204 2371 dictorum
1227 2340 1266 2370 ab
1289 2340 1416 2381 Angelo
1439 2351 1564 2372 annun-
1589 2344 1593 2371 Ι
1618 2341 1703 2379 Quia
1732 2339 1857 2373 assidue
1886 2343 2011 2373 animus
2039 2343 2171 2374 humilis
2201 2343 2283 2374 cirea
2307 2342 2569 2384 imperfectiones
2586 2346 2686 2382 m,
2720 2330 2764 2388 {j

567 2386 675 2415 fiante.
1618 2385 1876 2426 condignamque
1898 2387 1959 2417 illis
1981 2386 2180 2424 mercedem,
2206 2392 2363 2418 versatur:
2395 2396 2462 2428 quo
2483 2385 2522 2419 fit
2539 2391 2587 2420 ‘ut
2610 2386 2682 2428 gase

562 2429 597 2459 In
613 2438 747 2469 corpore
769 2438 834 2459 una
849 2428 1030 2459 conclusio:
1054 2429 1266 2459 Annuntiatio
1285 2438 1433 2471 congruo
1451 2429 1565 2460 ordine
1617 2439 1718 2472 gnum
1740 2429 1780 2461 de
1803 2440 1836 2461 se
1860 2430 1978 2467 audire,
2002 2436 2039 2462 ut
2059 2440 2200 2468 novum,
2223 2431 2406 2468 insolitum,
2429 2430 2686 2475 celsum'itijt'se·
2718 2431 2755 2476 ζξ

500 2482 564 2514 per
578 2473 737 2514 Angelum
753 2478 800 2504 est
815 2473 973 2514 perfecta.
996 2472 1160 2503 Probatur.
1184 2473 1269 2511 Quia
1283 2474 1342 2503 tria
1356 2473 1487 2510 intenta,
1504 2474 1564 2504 sci-
1617 2474 1792 2511 occultum,
1817 2474 2059 2506 admirationem
2081 2475 2140 2506 sibi
2162 2475 2271 2516 pariat.
2571 2470 2617 2490 ⁵²³
2669 2478 2682 2491 ²

507 2517 580 2547 licet
595 2518 738 2553 attentio,
750 2517 915 2548 instructio
928 2522 959 2547 et
974 2525 1158 2553 consensus,
1172 2518 1398 2548 convenienter
1410 2517 1562 2555 ordinata,
1672 2518 1757 2549 Hinc
1780 2524 1888 2549 autem
1910 2519 2064 2550 habemus
2086 2518 2173 2550 unde
2194 2519 2343 2560 nosipsos
2362 2519 2685 2560 congnooeei'effl
2726 2521 2760 2559 „221³

507 2560 597 2596 facta,
614 2566 846 2601 procurataque
869 2566 951 2591 sunt.
984 2560 1101 2591 Omnia
1117 2561 1198 2591 clare
1221 2567 1330 2601 patent
1351 2562 1386 2592 in
1408 2562 1518 2592 littera.
1617 2571 1799 2602 possumus,
1823 2563 1849 2593 si
1870 2572 1945 2594 vere
1967 2563 2103 2594 humiles
2127 2572 2247 2594 sumus.
2270 2563 2355 2594 Nm
2377 2563 2417 2595 ad
2430 2561 2697 2598 nummu*
2747 2572 2749 2575 ·

562 2604 598 2635 11.
619 2605 653 2634 In
672 2605 879 2645 responsione
895 2604 934 2635 ad
949 2605 1098 2645 primum,
1114 2606 1258 2645 perspice
1273 2611 1419 2636 naturam
1436 2606 1564 2637 humili-
1617 2607 1643 2637 si
1657 2606 1764 2638 nullus
1780 2606 1996 2638 admirationis
2009 2612 2118 2638 motus
2133 2608 2304 2648 consurgit,
2327 2609 2492 2649 percipere
2632 2612 2636 2613 ⁷
2679 2607 2683 2611 ’

506 2649 593 2678 tatis:
617 2648 746 2679 reddere
762 2649 880 2679 scilicet
896 2649 1034 2679 animam
1046 2648 1261 2680 admirabilem
1277 2659 1406 2680 suarum
1420 2650 1562 2681 laudum.
1617 2657 1774 2691 quantum
1797 2652 1836 2682 ab
1858 2651 1972 2682 humili
1995 2651 2104 2682 animo
2126 2652 2223 2692 longe
2246 2661 2367 2683 sumus.
