2872 3970
11 1280 13 1282 ,
76 1242 185 1281 [eoa.

66 1909 184 1942 muts.

904 298 1165 345 QUAESTIO
1194 300 1334 347 XXIV,
1363 299 1654 340 ARTICULUS
1682 302 1696 339 1

214 377 318 418 primo
346 376 451 417 quod,
476 376 652 408 secundum
675 386 758 412 rem,
785 377 873 407 nulla
903 382 948 407 est
978 377 1059 407 inter
1087 377 1270 407 Catholicos

215 421 358 462 quaestio
383 420 422 451 de
444 420 728 460 praedestinatione
745 420 861 451 Christi
877 419 916 450 ad
931 420 1118 451 filiationem
1132 421 1192 451 Dei
1214 430 1271 461 per

213 465 344 505 gratiam
359 465 488 495 unionis
503 471 633 496 naturae
648 466 805 495 humanae
821 464 861 494 ad
876 464 992 494 Filium
1008 465 1082 494 Dei:
1103 463 1158 495 sed
1174 473 1270 504 quae-

214 508 274 538 stio
298 513 345 538 est
373 507 412 538 de
435 507 650 539 verificatione
679 508 833 538 sermonis
855 507 946 538 Pauli
967 508 1116 548 Apostoli
1142 509 1270 548 proprie

213 551 265 582 vel
286 551 470 592 improprie,
493 552 527 582 in
549 552 613 582 hoc
634 551 685 582 vel
707 551 763 582 illo
786 560 892 582 sensu.
910 552 1060 588 Auctor,
1083 561 1269 592 supponens

213 594 412 626 locutionem
439 595 588 636 Apostoli
618 604 685 626 esse
714 596 891 636 propriam,
923 601 954 625 et
979 595 1110 635 intelligi
1139 604 1206 625 non
1231 595 1269 626 de

214 637 323 678 aliquo
353 644 570 679 consequente
594 638 632 669 ad
655 639 773 671 Filium
797 639 873 675 Dei,
901 645 979 680 puta
1005 639 1268 676 manifestatione,

213 681 375 713 difficilem
398 680 536 723 suscepit
553 683 751 723 provinciam
773 681 955 713 verificandi
970 682 1056 713 illam
1080 682 1119 713 de
1134 688 1270 723 persona

215 725 341 756 Christi.
365 725 455 756 Ultra
473 727 706 766 expositionem
721 735 861 766 namque
876 727 962 757 illam
977 726 1166 757 referentem
1181 736 1270 766 prae-

209 768 456 800 mationem
479 769 519 800 ad
541 775 687 800 naturam
706 771 732 806 ἡ
756 776 788 800 et
809 770 949 806 alteram,
973 770 1133 801 Ambrosii
1155 770 1199 806 **,
1221 778 1269 801 re—

213 812 366 844 ferentem
389 813 428 844 ad
451 813 739 844 manifestationem
762 813 896 850 Christi;
922 813 1030 845 referri
1052 823 1185 854 quoque
1210 821 1270 854 po-

212 862 274 901 test
293 856 538 899 praedestinatio
561 857 678 889 Ghn'sti
693 857 734 889 ad
748 858 866 890 Filium
882 858 942 889 Dei
957 858 989 888 in
1006 858 1124 889 virtute
1137 858 1268 893 actuali,

211 895 256 934 ita
278 900 367 941 quod
388 900 487 932 Filius
510 901 580 937 Dei,
604 911 646 932 ex
667 902 787 933 semine
803 901 912 932 David
933 901 1107 932 secundum
1129 911 1268 938 carnem,

205 938 467 989 p'tffi’destinatus
487 948 536 975 est
556 941 661 976 Filius
675 945 738 976 Dei
761 945 794 976 in
818 946 935 976 virtute
958 946 1095 976 actualis
1110 944 1270 986 operatio-

210 983 263 1019 »is
283 984 534 1030 sanctificativae
556 994 588 1020 et
609 990 812 1031 reparativae
834 989 946 1022 mundi
953 992 965 1027 ;
987 990 1030 1020 ita
1053 989 1142 1030 quod
1164 994 1269 1019 toturn

208 1032 430 1069 mimeram,
444 1032 566 1063 scilieet
586 1032 691 1064 Filias
711 1032 775 1064 Der·
796 1028 829 1064 tn
854 1033 971 1064 virtute
991 1032 1122 1069 actuali,
1139 1038 1187 1063 est
1208 1038 1270 1063 ter-

208 1076 316 1111 mirus
338 1075 641 1116 praedestinationis.

246 1120 307 1164 „Et
326 1120 401 1152 licet
422 1121 502 1151 haec
523 1121 681 1161 expositio
702 1122 777 1152 satis
798 1126 956 1152 consonet
978 1121 1099 1152 litterae
1121 1121 1270 1160 Apostoli

209 1164 429 1204 subiungentis
459 1173 556 1205 opera
583 1164 840 1196 sanctificationis
868 1170 898 1196 et
920 1165 1157 1196 resurrectionis
1183 1174 1270 1195 mor>-

208 1210 357 1246 nioru‘m3
371 1206 450 1249 'quia
464 1208 572 1239 tamen
588 1209 757 1248 exponitur
772 1206 867 1240 etiam
883 1208 972 1249 quod
987 1204 1086 1240 Filius
1101 1208 1162 1239 Dei
1177 1209 1269 1238 abso-

209 1245 277 1283 lute
290 1252 331 1282 sit
344 1253 498 1283 terminus
513 1251 817 1292 praedestinationis,
833 1258 870 1284 ut
883 1253 1023 1292 Auctor,
1033 1260 1108 1283 cum
1124 1249 1238 1283 Glossa
1252 1252 1269 1269 ³

206 1295 338 1332 ibidem,
352 1297 502 1327 sustinet:
519 1295 603 1332 ideo,-
618 1297 702 1327 hanc
720 1294 958 1336 prosequendo,
975 1295 1100 1326 adverte
1115 1295 1268 1331 secundo,

211 1339 300 1380 quod
314 1339 437 1370 Auctor
451 1340 544 1380 ponit
559 1339 721 1370 Christum
744 1340 1011 1381 praedestinatum
1033 1340 1155 1370 ratione
1177 1345 1270 1370 nam«

209 1393 273 1421 me,
286 1384 332 1426 ita
344 1383 436 1424 quod
450 1385 519 1425 ipsa
539 1388 677 1424 persona
691 1384 819 1420 Christi,
834 1385 957 1415 ratione
980 1389 1159 1423 assumptae
1177 1389 1270 1414 natu-

210 1437 274 1464 rae,
290 1427 514 1460 denominatur
535 1427 765 1469 praedestinata
786 1427 828 1459 ad
849 1428 911 1458 Dei
932 1427 1130 1458 filiationem.
1155 1427 1270 1458 Consi-

211 1467 299 1503 derat
314 1472 435 1513 quippe
458 1477 617 1502 aeternam
634 1470 751 1503 Christi
765 1478 937 1513 personam
953 1469 1129 1512 dupliciter.
1145 1469 1206 1502 Vel
1221 1480 1269 1501 se-

209 1509 354 1547 emm
368 1525 412 1553 se,
425 1524 483 1547 seu
498 1515 658 1547 absolute:
676 1521 707 1546 et
722 1515 767 1547 sic
781 1520 876 1556 negat
887 1516 904 1546 i>
925 1524 992 1546 sam
1006 1514 1269 1556 praedestinatam

208 1559 251 1591 ss
271 1559 460 1591 filiationem
482 1558 553 1596 Dei,
578 1561 653 1600 quia
667 1565 715 1590 est
730 1560 798 1600 ipsa
813 1556 874 1590 Dei
888 1525 999 1590 fiiliatio
1018 1566 1075 1599 per
1090 1559 1268 1590 essentiam.

209 1603 271 1636 Vei
292 1603 471 1637 secundum
492 1603 584 1644 quod
605 1603 717 1635 induta
729 1609 780 1634 est
801 1604 1046 1634 humanitatem:
1069 1608 1103 1633 et
1125 1603 1170 1633 sic
1187 1602 1269 1633 affir-

209 1653 276 1679 mat
296 1648 399 1689 ipsam
420 1647 685 1689 praedestinatam
708 1647 748 1679 ad
762 1647 951 1679 filiationem
966 1647 1036 1684 Dei,
1061 1648 1145 1687 quia,
1162 1652 1198 1677 ut
1212 1647 1268 1683 sic,

209 1701 267 1732 per
288 1693 420 1732 gratiam
442 1692 571 1723 unionis
594 1697 736 1722 assecuta
759 1698 805 1723 est
827 1691 1015 1723 filiationem
1037 1689 1107 1722 Dei.

265 1735 364 1775 Quod
386 1741 422 1766 ut
445 1736 559 1767 clarius
580 1737 752 1777 percipias,
783 1741 873 1767 utere
898 1735 1110 1776 positionibus
1135 1733 1269 1765 haereti-

208 1782 342 1810 corum:
374 1784 406 1810 et
426 1784 466 1810 ex
489 1778 664 1811 differenfia
686 1780 811 1811 illarum
835 1776 875 1811 ad
897 1779 1085 1810 sententiam
1108 1777 1200 1815 fidei,
1224 1779 1269 1808 vi-

209 1822 298 1854 debis
319 1824 493 1860 vei-itatem,
514 1825 746 1860 necessitatem,
769 1820 1062 1864 proprietatemque
1084 1823 1179 1853 huius
1196 1832 1270 1852 sen-

209 1876 273 1899 ms.
296 1867 330 1900 Si
353 1868 439 1899 em'm
460 1868 604 1899 verbum
626 1867 776 1898 indutum
799 1873 881 1898 esset
903 1876 1040 1903 camena,
1064 1872 1100 1897 ut
1121 1867 1271 1897 haeretici

208 1909 335 1954 fingunt
344 1913 373 1948 ',
388 1912 439 1943 vel
454 1921 511 1952 per
525 1912 789 1944 inhabitationem
812 1917 867 1942 aut
886 1911 1098 1946 affectionem,
1116 1916 1173 1941 aut
1188 1919 1270 1950 quo-

208 1955 256 1987 vis
283 1955 384 1998 modo
413 1965 483 1987 non
509 1956 732 1996 personaliter3
763 1956 878 1987 falsum
902 1960 983 1986 esset
1011 1954 1101 1996 quod
1127 1955 1271 1985 Verbum

209 1999 387 2042 s'ecu‘ndum
408 2009 536 2031 carnem
558 1999 826 2041 praedestinatum
843 2005 889 2030 est
911 2005 947 2030 ut
962 1999 1001 2030 sit
1015 1998 1116 2029 Filius
1130 1997 1191 2029 Dei
1213 2007 1271 2038 per

206 2042 340 2084 gratiam
362 2042 508 2074 unionis:
545 2044 699 2084 quoniam
728 2043 906 2075 secundum
935 2050 1063 2074 carnem
1093 2052 1160 2074 non
1188 2046 1271 2072 esset

207 2087 415 2127 person‘ffltw
429 2089 557 2118 aninam
567 2088 631 2118 sibi
642 2086 704 2118 Dei
715 2084 808 2118 Filio.
821 2083 884 2118 Sed
899 2087 925 2117 si
938 2087 1009 2126 (pro
1026 2086 1115 2128 quia)
1127 2084 1270 2116 Verbum

208 2131 388 2163 secundnm
408 2138 538 2163 carnem
565 2137 613 2162 est
637 2131 845 2171 personaliter
867 2131 995 2161 unitum
1020 2130 1080 2160 sibi
1101 2130 1173 2169 ipsi,
1195 2129 1269 2159 ideo

207 2182 320 2206 verum
342 2181 390 2207 est
412 2175 516 2206 dioere
535 2175 579 2206 de
601 2175 683 2206 Filio
708 2175 784 2214 Dei,
808 2175 863 2215 qui
883 2184 927 2205 ex
947 2174 1068 2205 semine
1095 2172 1203 2204 David
1225 2177 1273 2203 est

207 2218 382 2250 secundum
400 2229 541 2255 carnem,
565 2218 654 2259 quod
670 2219 930 2260 praedestinatus
948 2223 996 2248 est
1008 2217 1113 2248 Filius
1127 2217 1200 2247 Dei.
1222 2216 1271 2247 Si-

208 2262 338 2303 ‘gnificat
361 2263 447 2294 enim
468 2263 521 2293 hic
544 2272 648 2293 sermo
677 2260 767 2303 quod
789 2263 827 2293 ab
851 2267 979 2293 aeterno
1003 2260 1270 2301 praedestinatum

209 2309 258 2338 est
280 2305 319 2337 de
342 2304 424 2337 Ffflo
447 2304 506 2337 Dei
528 2306 664 2337 naturali
686 2309 723 2337 ut
740 2305 918 2337 secundum
934 2310 1061 2336 carnem
1077 2305 1116 2335 sit
1130 2314 1187 2345 per
1201 2312 1270 2345 gra-

207 2351 286 2381 tiam
307 2351 437 2382 unionis
457 2349 559 2381 Filius
582 2347 658 2381 Dei:

208 2394 280 2427 liter
300 2395 426 2426 mamm
447 2392 531 2425 Filio
555 2394 625 2425 Dei.

264 2439 304 2469 V.
321 2438 468 2469 Occurrit
482 2438 534 2468 hic
550 2437 684 2469 dubium
696 2448 738 2470 ex
751 2437 917 2474 Durando,
928 2438 963 2468 in
975 2437 1016 2468 111
1028 2437 1125 2472 Sent„
1139 2435 1208 2467 dist.
1217 2446 1270 2472 vn,

209 2491 266 2524 qu.
282 2492 326 2519 ιιι,
350 2482 474 2514 dicente
496 2482 579 2513 hanc
602 2482 802 2514 locutionem
818 2491 885 2512 esse
900 2481 1118 2521 impropriam,
1141 2485 1272 2521 propter

209 2524 372 2557 (refectum
395 2520 530 2557 duarum
549 2525 773 2557 conditionum
795 2526 1017 2566 requisiturum
1039 2524 1079 2556 ad
1101 2523 1271 2565 praedesti-

209 2567 385 2600 nationem.
406 2567 655 2601 Praedestinatio
680 2571 775 2605 enim,
798 2570 916 2613 primo,
941 2574 988 2599 est
1006 2568 1045 2599 ad
1061 2578 1098 2599 ea
1121 2577 1203 2609 quae
1219 2577 1272 2598 ex-

210 2613 330 2645 cedunt
350 2614 501 2645 virtutem
521 2613 756 2654 praedestinati.
780 2613 866 2644 Nihil
889 2618 996 2644 autem
1012 2618 1059 2643 est
1074 2611 1164 2653 quod
1182 2621 1272 2643 exce*—

209 2657 265 2689 ἀεὶ
285 2658 435 2690 virtutem
450 2658 547 2688 Verbi
560 2659 723 2688 incamati.
741 2676 765 2681 -
786 2657 1032 2688 Praedesfimtio
1049 2666 1155 2687 rursus
1171 2661 1218 2686 est
1233 2655 1273 2686 ad

209 2701 244 2733 id
267 2701 357 2742 quod
378 2707 427 2733 est
446 2702 616 2742 posterius,
640 2707 752 2733 natura
774 2702 900 2738 saltem,
923 2700 1172 2741 praedestinato:
1196 2701 1272 2740 quia

211 2750 259 2779 est
281 2745 320 2777 ad
341 2746 515 2786 gratuitum
536 2746 685 2786 aliqu0d;
745 2746 806 2777 atia
821 2751 929 2776 autem
948 2745 1102 2785 supponit
1114 2750 1271 2775 naturam.

212 2788 476 2820 Constat'autem
500 2789 589 2831 quod
612 2799 679 2820 esse
702 2756 820 2821 gnum
843 2789 904 2820 Dei
924 2789 1128 2832 per-gratiam
1144 2789 1272 2819 unionis

209 2836 279 2864 non
301 2838 349 2864 est
368 2832 527 2874 posterius
545 2838 661 2864 natura
684 2839 738 2864 aut
752 2833 915 2876 intellectu
929 2833 1037 2863 Verbo
1059 2833 1233 2863 incarnato.
1252 2851 1272 2855 -

209 2876 287 2907 Non
309 2878 357 2908 est
372 2877 472 2918 'igitur
499 2877 630 2918 propria
650 2878 730 2908 haec
753 2877 891 2908 locuste:
926 2877 1072 2907 Christ-us
1092 2876 1271 2917 praedesti-

211 2925 308 2952 ηεαδ·
323 2926 377 2952 ‘est
395 2921 502 2952 filim
524 2921 597 2952 Dei.

217 2985 226 3006 3
263 2964 317 3006 M
338 2965 417 2996 haec
436 2965 554 2997 dicitur
575 2964 666 3005 quod
684 2965 761 2996 nafis
774 2965 912 2996 salvatur
931 2965 1037 3004 prima
1059 2963 1272 3004 praedestina·

209 3008 307 3041 tionis
330 3008 472 3040 conditio
496 3009 526 3051 si·
545 3008 578 3039 id
599 3008 640 3040 ad
662 3008 753 3049 quod
774 3009 846 3048 quis
868 3007 1127 3048 praedestinatur,
1149 3007 1272 3038 excedit

211 3051 360 3083 'virtutem
379 3049 605 3094 praedestinati
627 3052 679 3082 vel
702 3052 863 3088 absolute,
887 3048 938 3082 ve'l
961 3057 1118 3092 quatenus
1140 3051 1271 3092 praede-

209 3095 343 3132 stinatus
362 3100 422 3129 ‘'est.
457 3095 508 3127 Sic
531 3099 639 3127 autem
662 3100 709 3126 est
736 3096 771 3126 in
793 3096 970 3136 proposito.
1006 3095 1170 3133 Quoniam
1192 3096 1270 3127 unio

211 3140 386 3180 pomonalis
404 3136 449 3170 *aa
469 3139 589 3170 Filium
609 3137 686 3175 Dei,
710 3136 769 3170 etsi
789 3145 859 3169 non
882 3135 1004 3169 excedit
1024 3139 1188 3179 propriam
1210 3139 1272 3169 vir-2-

210 3188 314 3215 tunm
334 3184 433 3215 Verbi
454 3183 617 3219 absohrte,
645 3182 768 3213 excedit
791 3188 902 3213 tamen
923 3183 1072 3213 virtutem
1094 3182 1193 3223 ipsius
1223 3192 1271 3213 se—

212 3226 356 3259 eundum
375 3237 517 3264 carnem,
541 3226 720 3258 secundum
743 3235 842 3266 quam
864 3231 911 3257 est
933 3225 1212 3266 praedestinatum.

689 2348 780 2391 quod
800 2355 849 2380 est
872 2356 1000 2380 carnem
1030 2358 1097 2379 esse
1120 2356 1270 2388 persona-

2302 312 2374 349 ²7¹

1380 378 1526 409 Secunda
1549 385 1655 409 autem
1679 379 1830 414 conditio,
1855 379 1894 409 de
1917 380 2076 419 prioritate
2099 385 2238 414 naturae,
2270 378 2379 409 distin-

1324 422 1443 462 guitur:
1467 423 1517 453 vel
1541 422 1717 453 secundum
1740 431 1822 458 rem;
1847 423 1896 453 vel
1917 423 2092 453 secundum
2108 423 2313 453 intellectum.
2338 422 2380 452 Et

1324 465 1438 496 dicitur
1461 465 1559 506 quod,
1582 467 1656 497 licet
1678 476 1746 496 non
1769 468 1808 496 sit
1830 467 1916 506 prius
1939 472 2050 496 natura
2072 467 2213 497 Verbum
2237 467 2379 496 incarna-

1323 514 1392 539 tum
1416 519 1514 549 quam
1537 510 1679 540 Verbum
1701 511 1899 540 incarnatum
1923 520 1990 540 esse
2014 510 2130 540 Filium
2154 510 2213 540 Dei
2236 519 2292 549 per
2310 519 2378 550 gra-

1322 553 1399 583 tiam
1421 554 1559 589 unionis,
1582 559 1699 589 tamen,
1723 553 1901 584 secundum
1916 553 2203 584 considerationem
2219 554 2378 583 abstracti-

1322 606 1395 627 vam
1410 597 1597 634 intellectus,
1613 598 1699 637 prius
1714 603 1825 627 natura
1841 603 1886 628 est
1901 598 2042 627 Verbum
2065 598 2261 627 incarnatum
2282 606 2379 637 quam

1322 640 1438 670 modus
1454 642 1687 677 incarnationis,
1704 642 1822 672 scilicet
1836 651 1893 682 per
1908 642 2063 671 unionem
2078 641 2287 681 personalem.
2312 641 2378 670 Ma-

1322 683 1486 715 nifestatur
1501 690 1608 715 autem
1623 685 1692 715 talis
1710 685 1854 725 prioritas
1870 693 1908 715 ex
1924 685 2144 715 convenientia
2161 690 2191 714 et
2207 684 2379 714 differentia

1322 728 1403 758 inter
1426 738 1485 758 nos
1509 734 1540 759 et
1557 729 1742 759 haereticos.
1771 729 1853 759 Nam
1876 729 2017 759 Verbum
2044 729 2241 759 incarnatum
2264 727 2378 758 intelli-

1321 772 1406 811 gitur
1428 777 1463 802 ut
1486 769 1659 803 commune
1683 772 1760 812 quid
1782 773 2015 813 apprehensum
2039 782 2056 802 a
2077 772 2171 802 nobis
2194 777 2226 802 et
2246 770 2324 808 illis;
2348 776 2379 801 et

1322 814 1496 846 differentia
1519 821 1566 846 est
1588 817 1670 846 circa
1691 816 1842 856 speciales
1865 817 1993 847 unionis
2008 815 2134 852 modos,
2153 815 2232 846 dum
2254 815 2300 846 illi
2321 824 2379 855 per

1322 858 1457 890 modum
1478 859 1590 900 templi
1605 860 1656 891 vel
1670 860 1805 896 habitus,
1822 865 1882 891 etc.
1898 861 1931 897 ’ς
1955 869 2014 891 nos
2030 865 2137 891 autem
2156 866 2214 899 per
2228 867 2378 899 persona-

1322 902 1386 933 lem
1409 904 1564 935 unionem
1579 904 1721 935 Verbum
1736 905 1933 935 incarnatum
1949 903 2093 935 dicimus.
2118 903 2288 941 Quocirca,
2304 902 2378 933 licet

1323 946 1499 977 secundum
1523 957 1589 978 rem
1619 948 1725 978 nullus
1749 949 1787 978 sit
1809 946 1852 978 ibi
1875 947 1972 983 ordo,
2003 946 2180 978 secundum
2203 947 2378 987 apprehen-

1323 990 1447 1021 sionem
1469 996 1575 1022 tamen
1597 988 1792 1027 intellectus,
1817 992 1872 1031 qui
1895 997 1987 1022 natus
2011 997 2057 1021 est
2082 998 2148 1022 non
2168 991 2277 1021 'solum
2299 997 2378 1020 con-

1320 1034 1430 1064 iuncta
1451 1033 1600 1070 dividere,
1624 1034 1680 1065 sed
1703 1036 1797 1065 etiam
1821 1043 1923 1065 unum
1939 1039 1969 1065 et
1984 1034 2069 1065 idem
2092 1043 2110 1065 a
2130 1035 2238 1074 seipso
2261 1034 2377 1066 abstra—

1322 1078 1408 1114 here,
1431 1078 1512 1108 inter
1535 1079 1676 1109 Verbum
1699 1084 1735 1109 ut
1756 1079 1874 1109 habens
1895 1086 2032 1114 carnem,
2057 1084 2088 1109 et
2109 1079 2250 1118 seipsum
2273 1083 2308 1109 ut
2322 1078 2377 1108 ha—

1323 1121 1401 1152 bens
1424 1127 1551 1152 earnem
1573 1123 1778 1162 personaliter
1799 1123 1950 1158 iunctam,
1975 1122 2055 1154 ordo
2079 1128 2125 1153 est
2145 1128 2274 1152 naturae
2292 1122 2379 1153 sicut

1322 1165 1404 1195 inter
1427 1175 1600 1196 commune
1624 1171 1655 1196 et
1676 1166 1852 1206 proprium.
1875 1166 1917 1196 Et
1939 1172 2106 1207 propterea
2125 1165 2377 1206 praedestinatio,

1324 1218 1406 1248 quae
1429 1214 1516 1239 actus
1540 1215 1586 1239 est
1609 1210 1722 1240 mentis
1746 1215 1777 1239 et
1796 1209 1836 1240 ad
1851 1219 1918 1239 rem
1941 1210 1998 1239 sub
2023 1214 2106 1239 certa
2126 1210 2378 1250 apprehensione

1323 1252 1433 1289 tendit,
1465 1262 1503 1282 ex
1525 1253 1588 1283 hoc
1610 1254 1681 1293 ipso
1712 1253 1801 1293 quod
1824 1253 1863 1283 ad
1885 1254 2028 1283 Verbum
2058 1262 2133 1283 cum
2156 1260 2248 1283 carne
2270 1253 2377 1283 termi-

1322 1301 1431 1332 natur,
1462 1295 1649 1327 determinat
1678 1296 1717 1327 ad
1746 1298 1901 1327 unionem
1930 1296 2149 1336 personalem,
2179 1295 2377 1326 excludendo

1322 1345 1445 1371 ceteros
1469 1341 1547 1371 alios
1568 1340 1684 1371 modos
1709 1341 1825 1380 quibus
1847 1341 1990 1371 Verbum
2010 1348 2084 1371 cum
2104 1348 2196 1370 carne
2218 1339 2378 1379 praeordi—

1321 1385 1389 1415 nari
1412 1385 1577 1424 potuisset.
1607 1385 1648 1415 Et
1671 1385 1712 1415 ob
1735 1385 1798 1415 hoc
1821 1384 1919 1415 Filius
1943 1384 2003 1414 Dei
2025 1384 2190 1420 naturalis,
2214 1383 2314 1414 factus
2340 1393 2379 1414 ex

1322 1429 1443 1459 semine
1467 1428 1568 1459 David
1590 1428 1689 1459 Filius
1711 1428 1870 1465 Hominis,
1894 1427 2140 1469 praedestinatus
2160 1427 2272 1459 dieitur
2288 1432 2318 1458 et
2334 1433 2380 1458 est

1321 1470 1420 1503 Filius
1443 1468 1514 1503 Dei.

1376 1513 1429 1546 Vl.
1447 1515 1482 1546 In
1497 1517 1704 1556 responsione
1721 1515 1759 1546 ad
1774 1516 1902 1546 tertium
1913 1517 1940 1551 ἥ
1953 1516 2095 1556 perspice
2113 1516 2228 1556 primo,
2245 1515 2379 1546 litteram

1322 1560 1471 1600 Apostoli
1501 1559 1586 1600 apud
1617 1559 1788 1600 Origenem
1819 1567 1886 1590 esse
1915 1565 2122 1599 punctuatam
2152 1560 2196 1599 sic
2226 1559 2317 1599 quod
2344 1558 2379 1600 'ly

1317 1604 1576 1644 praedestinatus
1599 1609 1645 1634 est
1668 1603 1858 1634 adiectivum
1878 1604 2020 1639 subiecti,
2045 1609 2076 1633 et
2091 1611 2158 1634 non
2177 1608 2223 1633 est
2237 1611 2309 1642 pars
2325 1612 2379 1633 co-

1322 1648 1417 1688 pulae
1440 1658 1497 1678 seu
1520 1647 1699 1688 praedicati.
1731 1648 1775 1678 lta
1797 1647 1886 1687 quod
1908 1647 2000 1682 dixit,
2023 1647 2091 1687 qui,
2109 1647 2378 1687 praedestinatus,

1322 1698 1475 1733 tanquam
1497 1693 1524 1722 si
1546 1691 1682 1727 dixisset,
1702 1692 1765 1731 qui,
1784 1692 1990 1732 omnipotens,
2007 1691 2057 1721 vel
2073 1690 2207 1731 quodvis
2223 1691 2309 1722 aliud
2323 1701 2379 1731 ap-

1323 1737 1481 1776 posuisset
1504 1736 1658 1766 subiecto.
1682 1735 1724 1765 Et
1741 1735 1847 1765 subdit
1862 1735 2012 1775 copulam
2028 1743 2103 1765 cum
2118 1734 2314 1774 praedicato:
2334 1740 2381 1767 est

1323 1779 1426 1810 Filius
1449 1780 1511 1810 Dei
1534 1780 1566 1809 in
1589 1779 1714 1809 virtute.
1738 1779 1779 1808 Et
1794 1780 1838 1809 sic
1854 1779 1955 1809 littera
1970 1779 2048 1809 nihil
2063 1779 2158 1808 habet
2173 1777 2378 1809 difficultatis:

1321 1824 1478 1863 ‘quoniam
1500 1832 1613 1853 verum
1636 1827 1683 1853 est
1709 1821 1797 1862 quod
1820 1820 1963 1853 Christus
1986 1827 2033 1852 est
2054 1821 2318 1863 praedestinatus,
2350 1828 2381 1853 et

1324 1867 1415 1907 quod
1438 1872 1484 1897 est
1506 1866 1605 1897 Filius
1629 1867 1689 1896 Dei
1711 1867 1745 1896 in
1767 1867 1892 1896 virtute.

1378 1911 1463 1941 Nota
1482 1910 1636 1946 secundo,
1653 1910 1741 1950 quod
1758 1910 1880 1940 Auctor
1895 1910 2109 1949 comparative
2125 1909 2163 1940 de
2179 1910 2292 1940 harum
2307 1918 2380 1949 pro-

1323 1956 1532 1995 positionum,
1548 1954 1677 1990 scilicet,
1700 1954 1845 1984 Christus
1858 1954 2116 1994 praedestinatus
2131 1959 2178 1984 est
2191 1954 2294 1984 Filius
2308 1954 2380 1990 Dei,

1327 1999 1474 2030 Christus
1487 1999 1603 2040 factus
1625 2003 1672 2029 est
1692 1998 1796 2028 Filius
1818 1997 1889 2034 Dei,
1914 1998 2042 2028 veritate
2069 1997 2220 2037 loquitur,
2245 1995 2380 2028 dicendo

1325 2043 1415 2082 quod
1437 2043 1539 2082 prima
1562 2048 1608 2072 est
1631 2042 1736 2083 magis
1759 2049 1856 2073 vera:
1879 2050 1915 2072 ac
1937 2049 1994 2081 per
2014 2041 2089 2077 hoc,
2113 2047 2282 2081 utramque
2304 2041 2382 2072 fate-

1321 2091 1375 2116 tur
1396 2095 1465 2116 esse
1487 2095 1604 2116 veram.
1628 2085 1777 2116 Christus
1799 2085 1885 2115 enim
1907 2084 2062 2125 significat
2080 2086 2282 2125 suppositum
2304 2084 2382 2115 dua-

1323 2139 1396 2161 rum
1416 2135 1618 2170 naturarum:
1652 2135 1683 2159 et
1710 2130 1833 2159 ratione
1861 2130 2020 2159 humanae
2043 2135 2189 2165 naturae,
2211 2134 2381 2169 inu-amque

1323 2174 1455 2213 suscipit
1469 2173 1747 2213 praedicationem,
1758 2179 1791 2203 et
1805 2172 1896 2212 quod
1910 2172 2157 2212 praedestinatus
2173 2178 2229 2209 est,
2246 2178 2277 2203 et
2292 2172 2382 2212 quod

1325 2217 1426 2247 factus
1456 2223 1502 2247 est
1531 2216 1630 2246 Filius
1661 2217 1740 2252 Dei;
1772 2217 1926 2256 quoniam
1949 2221 2122 2256 utrumque
2145 2217 2174 2247 ei
2203 2216 2381 2247 secundum

1325 2261 1498 2292 humanam
1524 2266 1668 2290 naturam
1698 2260 1848 2290 convenit
1876 2269 1933 2299 per
1954 2260 2085 2300 gratiam
2107 2261 2246 2290 unionis.
2281 2260 2380 2300 Magis

1323 2311 1431 2335 tamen
1453 2305 1555 2345 prima
1571 2303 1772 2334 conceditur:
1797 2304 1872 2344 quia
1888 2303 2053 2333 abstractio
2070 2303 2187 2334 Christi
2203 2303 2380 2334 secundum

1322 2354 1470 2380 naturam
1492 2349 1664 2379 humanam
1688 2357 1706 2377 a
1728 2348 1832 2387 seipso
1851 2346 2033 2377 secundum
2056 2347 2210 2377 unionem
2229 2354 2380 2387 persona·-

1323 2393 1399 2429 lem,
1422 2393 1522 2433 magis
1545 2392 1727 2432 intelligitur
1754 2398 1935 2431 supponere
1957 2392 2063 2431 ipsum
2085 2390 2379 2430 praedestinationi,

1324 2447 1408 2477 quae
1429 2442 1478 2467 est
1500 2436 1614 2466 mentis
1637 2441 1738 2470 actus,
1760 2444 1859 2475 quem
1882 2433 2013 2465 factioni
2034 2435 2126 2470 reali;
2149 2443 2225 2465 cum
2246 2434 2292 2464 ibi
2311 2433 2379 2465 suf*

1325 2481 1410 2512 ficiat
1432 2480 1511 2511 ordo
1535 2485 1664 2511 naturae
1688 2479 1864 2510 secundum
1886 2478 2093 2514 intellectum,
2117 2478 2173 2519 qui
2190 2478 2296 2508 minus
2314 2477 2380 2508 suf-

1325 2524 1391 2555 ficit
1415 2524 1454 2555 ad
1477 2523 1658 2554 factionem.

1380 2568 1466 2599 Cum
1488 2568 1536 2598 his
1558 2572 1666 2599 tamen
1689 2568 1789 2598 retine
1812 2566 1900 2607 quod
1923 2567 1980 2596 ista
2003 2571 2049 2596 est
2071 2566 2259 2606 impropria,
2286 2563 2379 2595 Chri·-

1323 2618 1391 2644 stus
1405 2613 1522 2654 sacrus
1543 2616 1591 2642 est
1611 2610 1715 2642 Filius
1737 2610 1821 2641 Dei:
1843 2610 1945 2641 multo
1966 2610 2040 2651 plus
2064 2618 2160 2649 quam
2182 2606 2245 2645 ma,
2268 2607 2377 2639 Homo

1322 2662 1372 2688 est
1383 2657 1500 2698 samus
1514 2656 1613 2686 Deus.
1632 2655 1722 2693 *Quia
1743 2655 1838 2685 homo
1861 2659 1966 2694 potest
1988 2655 2103 2684 habere
2126 2653 2379 2693 suppositionem

1324 2701 1512 2741 simplicem,
1537 2705 1572 2730 ut
1594 2700 1739 2739 superius
1754 2699 1771 2715 '²
1793 2699 1911 2739 patuit:
1938 2698 2082 2728 Christus
2097 2703 2204 2728 autem
2225 2705 2284 2736 pro
2306 2706 2379 2736 per—

1325 2754 1405 2776 sona
1419 2744 1583 2784 supponit.
1607 2743 1647 2774 Et
1669 2748 1838 2783 propterea
1858 2742 2039 2773 locutiones
2053 2742 2130 2772 istae
2153 2750 2219 2771 non
2232 2746 2308 2771 sunt
2327 2749 2378 2770 ex-

1325 2787 1512 2823 tendendae,
1537 2787 1592 2818 sed
1614 2787 1667 2827 pie
1691 2785 1906 2826 exponendae,
1931 2791 1971 2822 et,
1995 2784 2102 2825 quoad
2125 2793 2261 2820 sensum,
2282 2783 2378 2815 redu-

1326 2829 1445 2863 cendae
1468 2831 1507 2862 ad
1530 2839 1658 2862 sensum
1681 2830 1831 2870 simplicis
1847 2829 2074 2870 suppositionis
2093 2835 2155 2868 ‘pro
2171 2829 2310 2858 humana
2323 2834 2379 2858 na-

1323 2881 1395 2906 tura
1414 2876 1451 2906 in
1474 2879 1642 2906 concreto:
1662 2875 1753 2904 'iuxta
1771 2874 1837 2903 hoc
1860 2872 1950 2914 quod
1970 2873 2005 2902 in
2027 2872 2128 2902 littera
2151 2871 2279 2902 dicitur:
2311 2870 2379 2901 Aba

1323 2919 1452 2961 quando
1469 2919 1608 2958 incoepit
1621 2926 1689 2948 esse
1700 2917 1789 2958 quod
1804 2917 1941 2947 existens
1957 2916 1989 2946 in
2004 2921 2125 2946 mucra
2136 2916 2280 2945 humma
2298 2920 2381 2946 esset

1324 2964 1429 2994 fflius
1450 2963 1522 2993 Dei.
1543 2962 1620 2992 Hoc
1643 2962 1728 2992 enim
1750 2961 1949 2991 verissimum
1972 2965 2018 2990 est
2041 2959 2079 2990 de
2093 2959 2250 2990 existente
2270 2959 2306 2991 in
2323 2968 2379 2990 na—

1324 3013 1395 3039 tura
1416 3007 1565 3041 humana,
1585 3005 1797 3035 communiter
1812 3003 1992 3044 loquendo:
2018 3003 2161 3043 quamvis
2176 3003 2380 3034 kicexistens

1325 3052 1358 3082 in
1376 3055 1494 3081 natura
1509 3050 1649 3079 humana
1673 3057 1838 3087 nunquam
1853 3047 2028 3087 incoeperit
2047 3056 2113 3078 esse
2127 3047 2226 3082 Deus,
2250 3051 2380 3087 propter

1325 3094 1491 3125 falsitatem
1507 3093 1693 3132 exponentis
1712 3091 1883 3131 negativae,
1900 3090 1966 3121 Hic
1981 3090 2119 3121 existens
2138 3090 2170 3120 in
2188 3095 2306 3120 natura
2321 3090 2379 3120 hu-

1325 3146 1422 3168 moena
1445 3136 1624 3167 mediate
1646 3140 1720 3166 ante
1742 3143 1807 3165 nom
1822 3135 1897 3176 fuit
1917 3135 2025 3171 Deus,·
2044 3134 2099 3164 ¹hic
2115 3135 2200 3164 enim
2223 3139 2270 3164 est
2292 3132 2379 3165 Deus

1325 3182 1403 3218 heri,
1427 3180 1520 3211 hodie
1543 3185 1574 3210 et
1596 3179 1628 3210 in
1651 3179 1781 3210 saecula
1796 3179 1823 3209 ⁸⁹.

2405 862 2451 884 ’Cfi
2460 868 2616 910 numptaec..

2406 888 2473 916 Quod
2481 891 2506 910 ut
2515 895 2527 910 c
2535 895 2614 910 artus.

2408 1516 2418 1527 ⁸
2431 1515 2466 1537 Cf.
2482 1518 2528 1536 not.
2546 1523 2570 1543 η.

2406 2698 2416 2708 ·
2427 2697 2473 2724 Qu.
2483 2703 2530 2724 xvr,
2540 2701 2582 2720 art.
2593 2704 2615 2725 7,

2406 2723 2536 2746 comment.

2406 3161 2416 3171 ⁴
2432 3160 2470 3182 Aa
2486 3160 2544 3182 Heb.
2564 3165 2615 3187 cap.

2405 3192 2456 3214 xm,
2471 3193 2530 3209 vers.
2545 3187 2567 3209 8.
