2872 3970
183 793 397 820 ⁸Dist.x1v,art.4.

188 1432 198 1441 ⁸
209 1431 243 1452 De
255 1430 311 1451 Fide
322 1430 399 1457 Orth„

188 1457 228 1478 lib.
244 1457 283 1484 111,
299 1463 348 1484 cap.
361 1463 398 1477 xx.

285 1597 301 1613 α

289 1645 301 1659 0

293 1660 302 1670 ω

191 1682 200 1691 ·
211 1681 247 1702 Ps.
262 1660 325 1703 cxlmv
340 1686 399 1701 vers.

191 1714 222 1731 «ις
233 1707 261 1727 al.
271 1706 401 1733 Ps.cxm‚b‚

189 1739 249 1754 vers.
264 1739 283 1761 3.

287 2336 302 2361 Υ

190 2381 199 2390 ⁸
215 2380 261 2407 Qu.
273 2384 343 2406 cxvii,
359 2382 400 2400 art.

189 2412 208 2434 3,
225 2407 252 2428 ad
268 2412 287 2433 2,
302 2413 323 2434 3.

194 2651 202 2660 ·
216 2648 281 2670 Vei-s,
301 2654 331 2676 ¹7·

192 3176 203 3185 ·
218 3176 266 3196 Art.
286 3176 389 3203 praeced.

426 273 496 319 176

421 352 557 383 modum
581 351 870 382 instrumentalem:
895 350 970 390 quia
994 350 1191 380 conveniunt
1213 350 1245 379 in
1269 349 1332 379 hoc
1347 348 1486 387 generali

422 396 533 431 modo,
558 395 647 435 quod
669 405 736 425 non
757 401 831 426 sunt
854 394 893 425 de
909 403 1025 434 genere
1047 394 1314 433 permanentium,
1336 391 1392 422 sed
1408 401 1486 422 con-

422 440 600 470 sistentium
622 440 655 469 in
679 445 781 470 motu.

478 484 519 514 Et
541 493 598 523 per
620 484 699 514 haec
722 487 808 523 patet
830 482 1010 512 intellectus
1033 480 1232 511 infinitorum
1257 479 1416 510 dictorum
1447 478 1487 509 de

422 527 655 558 instrumentali
685 526 853 558 efficientia
883 526 1030 556 attributa
1060 524 1247 555 humanitati
1278 523 1412 558 Christi,
1436 522 1486 552 vel

422 572 572 612 passioni,
596 571 647 602 vel
669 570 871 602 sacramentis
895 569 1066 604 Ecclesiae,
1091 573 1121 598 et
1145 568 1212 598 aliis
1234 566 1429 598 huiusmodi.

479 616 531 646 IX.
556 616 591 645 In
614 615 824 655 responsione
854 613 892 644 ad
916 612 1094 643 secundum
1118 611 1260 642 eiusdem
1283 610 1416 641 secundi
1439 620 1486 640 ar-

414 660 513 690 ·ticuli
536 659 788 690 decimaetertiae
811 658 1017 698 quaestionis,
1034 656 1160 686 adverte
1184 655 1274 695 quod
1296 656 1348 685 hic
1363 655 1487 685 Auctor

424 704 572 734 assertive
584 703 660 733 dicit
676 703 814 732 animam
827 701 954 737 Christi,
967 706 1002 731 ut
1014 701 1262 730 instrumentum
1273 699 1380 735 Verbi,
1391 708 1485 738 posse

423 748 458 778 in
481 757 594 778 omnes
617 747 810 777 mutationes
826 755 904 785 quas
928 753 1152 784 quaecumque
1169 748 1329 774 creaturae
1352 749 1487 783 possunt

424 790 538 822 facere.
563 790 662 828 Quod
688 791 722 820 in
746 789 786 820 111
810 789 896 819 Sent.
913 790 929 805 ⁴*
952 797 1020 818 non
1042 788 1103 818 nisi
1127 786 1286 818 credendo
1310 786 1397 817 dixit.

479 836 519 865 X.
543 835 578 865 In
601 834 810 874 responsione
835 832 874 863 ad
896 832 1034 868 tertium,
1052 836 1215 861 memento
1239 831 1371 870 gratiam
1395 830 1487 861 Chri-

425 879 464 909 sti
487 888 554 909 esse
582 887 650 908 non
679 878 786 908 solum
816 877 1022 916 singularem,
1047 874 1102 905 sed
1125 875 1309 914 capitalem,
1333 875 1376 905 ita
1399 874 1488 915 quod

1116 269 1379 317 QUAESTIO
1410 269 1510 315 xm,

1539 268 1831 306 ARTICULUS
1859 270 1903 306 III

1542 348 1667 378 homini
1682 348 1727 378 illi
1743 354 1779 378 ut
1794 348 1963 379 universali
1980 348 2075 388 capiti
2091 348 2252 379 convenit.
2275 349 2324 379 Ac
2339 357 2396 389 per
2415 349 2490 384 hoc,
2505 349 2604 389 gratia

1540 391 1770 422 miraculorum
1799 398 1835 422 ut
1858 392 2027 422 universali
2049 393 2260 422 instrumento
2290 391 2453 423 confertur
2482 391 2602 432 duplici

1540 436 1790 466 universalitate:
1821 436 1885 466 hoc
1908 441 1971 472 est,
1995 436 2228 466 universalitate
2250 435 2496 472 miraculorum,
2527 436 2603 476 quia

1540 485 1665 519 poterat
1680 480 1790 510 omnia
1804 480 1956 510 miracula
1971 479 2251 510 instrumentaliter
2266 479 2404 516 efficere;
2427 485 2458 510 et
2476 481 2605 510 univer-

1540 523 1660 553 salitate
1682 524 1894 562 generationis
1909 523 1968 554 sibi
1983 523 2145 560 similium,
2161 523 2379 564 participative
2393 529 2510 560 tamen,
2527 524 2605 564 quia

1540 572 1665 606 poterat
1685 567 1964 599 instrumentaliter
1982 566 2106 598 efficere
2122 567 2201 598 alios
2215 567 2363 598 homines
2379 573 2604 608 cooperatores

1540 611 1769 641 miraculorum
1788 620 1825 641 ex
1841 616 1996 651 potestate
2012 611 2244 642 instrumentali
2259 620 2393 652 quoque
2408 611 2603 652 participata,

1539 659 1576 685 ut
1598 655 1792 694 Evangelico
1815 655 2001 685 testimonio
2023 655 2057 685 in
2080 655 2182 686 littera
2204 655 2300 686 allato
2323 655 2485 696 probatur.
2509 655 2604 692 Nam,

1540 699 1622 729 sicut
1644 698 1787 729 Verbum
1810 704 1916 738 potest
1938 699 1985 729 uti
2007 698 2203 729 humanitate
2226 699 2286 730 sibi
2307 699 2416 730 iuncta
2430 698 2471 730 ad
2485 697 2604 730 facien-
2627 733 2629 735 ,

1540 741 1619 773 dum
1641 743 1811 778 miracula,
1835 743 1895 778 ita,
1919 747 1951 773 et
1973 742 2085 773 eadem
2107 743 2248 779 ratione,
2278 748 2386 783 potest
2411 742 2465 773 illa
2486 743 2535 773 uti
2564 742 2604 774 ad

1542 786 1848 817 communicandum
1876 786 1943 817 aliis
1972 791 2163 826 potestatem
2192 786 2329 818 faciendi
2351 786 2513 817 miracula.
2548 786 2605 817 Est

1541 829 1700 870 siquidem
1728 829 1914 860 huiusmodi
1944 831 2194 861 communicatio
2222 831 2413 862 miraculum
2441 829 2605 871 quoddam

1543 874 1813 915 comprehensum
1835 875 1894 904 sub
1917 874 2149 905 universalitate
2171 874 2410 906 miraculorum.

1231 1010 1548 1052 ARTICULUS
1576 1009 1806 1052 TERTIUS

597 1105 754 1137 UTRUM
777 1103 918 1135 ANIMA
942 1093 1115 1134 CHRISTI
1139 1103 1364 1135 HABUERIT
1388 1103 1758 1134 OMNIPOTENTIAM
1780 1102 2006 1134 RESPECTU
2029 1102 2198 1133 PROPRn
2222 1101 2436 1134 coapoms

1272 1181 1304 1206 111
1323 1182 1406 1211 Sent„
1427 1182 1484 1208 dist.
1504 1189 1553 1211 xvi,
1573 1189 1617 1215 qu.
1636 1189 1654 1211 ι,
1673 1187 1719 1207 nrt.
1740 1181 1764 1207 3.

578 1293 589 1302 s
639 1276 661 1300 D
688 1274 847 1300 TERT1UM
867 1274 919 1298 sic
939 1273 1174 1298 PROCEDrrUR.
1203 1259 1365 1298 Videtur
1383 1261 1489 1310 quod
1544 1262 1592 1298 Et
1619 1262 1697 1298 hoc
1723 1261 1862 1309 modo,
1891 1260 1988 1298 sicut
2014 1273 2094 1298 non
2127 1268 2277 1310 poterat
2311 1259 2515 1299 immutare
2543 1273 2606 1299 ex-

465 1301 475 1313 (
496 1318 503 1326 ¹
547 1307 610 1362 Εῒῆ
639 1315 769 1353 anima
797 1314 937 1352 Christi
963 1313 1140 1351 habuerit
1168 1313 1489 1363 omnipotentiam
1544 1313 1683 1352 teriora
1711 1326 1874 1363 corpora
1902 1327 1925 1352 a
1943 1319 1955 1335 ⁸
1983 1325 2099 1352 cursu
2126 1322 2163 1351 et
2190 1314 2324 1351 ordine
2353 1322 2522 1362 naturae,
2555 1314 2606 1353 ita

447 1351 815 1422 '‘sparxl'fssfoespectu
851 1367 997 1416 proprii
1033 1366 1215 1415 corporis.
1254 1367 1354 1404 Dicit
1385 1367 1489 1404 enim

449 1419 461 1429 ’
485 1403 583 1460 ’θ’Ἳῗν)
598 1417 917 1462 Χῡεῐῐιειεεεηυε,
939 1419 977 1456 in
997 1421 1042 1456 111
1061 1419 1158 1456 libro
1177 1419 1207 1465 ²¹⁶,
1233 1420 1340 1469 quod
1364 1421 1490 1457 omnia

428 1476 614 1514 naturalia
632 1475 792 1522 fuerunt
815 1474 958 1510 Christo
986 1473 1219 1510 voluntaria:
1245 1474 1371 1510 volens
1392 1475 1490 1510 enim

427 1530 590 1574 esurivit,
619 1528 745 1565 volens
771 1528 897 1572 sitivit,
926 1526 1052 1563 volens
1079 1527 1211 1572 timuit,
1241 1526 1367 1562 volens
1394 1538 1490 1562 mor-

426 1590 508 1620 tuus
537 1587 586 1618 est
607 1586 634 1616 ².
665 1579 742 1617 Sed
771 1592 816 1616 ex
844 1580 921 1615 hoc
948 1579 1054 1615 Deus
1083 1577 1219 1614 dicitur
1245 1578 1491 1627 omnipotens

428 1635 519 1685 quia
547 1635 673 1671 omnia
693 1631 708 1662 β
736 1643 988 1681 quaecumque
1006 1631 1130 1676 voluit,
1140 1632 1236 1679 fecit
1253 1631 1284 1668 ³⁸.
1314 1632 1416 1679 Ergo
1435 1631 1490 1667 vi-

429 1689 540 1726 detur
567 1686 675 1736 quod
703 1685 831 1722 anima
852 1684 990 1722 Christi
1010 1683 1143 1720 habuit
1172 1684 1491 1732 omnipotentiam

429 1748 604 1790 respectu
641 1738 873 1776 naturalium
916 1737 1186 1786 operationum
1223 1737 1368 1786 proprii
1409 1749 1491 1774 cor-

428 1794 544 1844 poris.

484 1859 518 1883 2.
548 1846 785 1890 PRAETEREA,
819 1843 859 1880 in
897 1842 1048 1880 Christo
1083 1843 1151 1879 fuit
1184 1842 1384 1891 perfectius
1419 1843 1491 1879 hu-

429 1911 545 1937 mana
573 1905 708 1934 natura
727 1908 846 1945 quam
866 1895 904 1932 in
931 1896 1068 1933 Adam:
1098 1895 1137 1932 in
1163 1907 1254 1945 quo,
1275 1896 1491 1932 secundum

430 1952 651 2001 originalem
680 1949 858 1986 iustitiam
892 1961 1010 1997 quam
1039 1948 1172 1985 habuit
1195 1948 1234 1984 in
1256 1956 1353 1985 statu
1381 1949 1490 1985 inno-

430 2005 585 2051 centiae,
612 2015 752 2052 corpus
781 2002 946 2038 habebat
975 2001 1135 2038 omnino
1169 2001 1383 2038 subiectum
1413 2002 1491 2039 ani-

429 2071 527 2103 mae,
543 2065 586 2094 ut
603 2055 697 2093 nihil
711 2055 750 2092 in
766 2066 926 2103 corpore
940 2062 1069 2103 posset
1083 2054 1253 2091 accidere
1269 2062 1401 2091 contra
1414 2054 1491 2092 ani-

429 2124 516 2148 mae
535 2111 784 2147 voluntatem.
810 2109 911 2155 Ergo
932 2109 1053 2144 multo
1074 2107 1194 2155 magis
1208 2107 1337 2144 anima
1352 2107 1491 2144 Christi

429 2164 562 2201 habuit
590 2160 906 2210 omnipotentiam
938 2168 1111 2209 respectu
1140 2160 1199 2197 sui
1231 2160 1414 2208 corporis.

485 2217 518 2253 3.
548 2217 779 2260 PRAETEREA,
801 2214 849 2250 ad
873 2213 1183 2261 imaginationem
1203 2213 1354 2250 animae
1383 2221 1491 2250 natu-

429 2270 554 2307 raliter
579 2280 720 2317 corpus
739 2267 981 2311 immutatur;
1012 2274 1047 2303 et
1065 2274 1169 2303 tanto
1194 2266 1324 2314 magis,
1345 2274 1490 2315 quanto

429 2323 557 2360 anima
575 2321 686 2358 fuerit
704 2319 867 2357 fortioris
882 2325 896 2347 Υ
915 2318 1213 2367 imaginationis;
1243 2327 1285 2356 ut
1303 2319 1342 2355 in
1362 2319 1491 2356 Prima

429 2377 538 2413 Parte
558 2374 577 2396 ’¹‘
605 2373 780 2411 habitum
809 2380 874 2409 est.
913 2373 989 2409 Sed
1022 2372 1151 2409 anima
1185 2372 1322 2408 Christi
1357 2372 1492 2409 habuit

427 2429 608 2465 virtutem
636 2425 967 2476 perfectissimam,
1001 2433 1037 2462 et
1065 2432 1254 2474 quantum
1283 2425 1332 2461 ad
1360 2424 1490 2473 imagi-

428 2481 636 2527 nationem,
657 2488 693 2516 et
712 2487 901 2528 quantum
921 2479 971 2515 ad
990 2478 1080 2515 alias
1098 2477 1208 2514 vires.
1239 2478 1340 2526 Ergo
1362 2477 1491 2515 anima

429 2533 567 2571 Christi
604 2532 673 2569 fuit
707 2532 951 2581 omnipotens
986 2530 1025 2567 in
1054 2538 1228 2580 respectu
1265 2531 1315 2567 ad
1351 2542 1491 2580 corpus

428 2587 641 2636 proprium.

483 2641 556 2677 SED
586 2650 730 2676 CONTRA
758 2649 823 2674 EST
851 2638 959 2686 quod
995 2636 1131 2673 dicitur
1157 2637 1256 2673 Heb.
1277 2648 1298 2673 11
1317 2636 1354 2683 ²¹⁸,
1384 2637 1491 2685 quod

428 2694 549 2730 debuit
562 2704 634 2742 per
648 2693 775 2728 omnia
784 2691 972 2738 fratribus
994 2690 1210 2727 assimilari.-
1228 2697 1264 2725 et
1284 2689 1491 2738 praecipue

428 2746 467 2783 in
496 2745 555 2782 his
583 2756 682 2794 quae
711 2743 900 2793 pertinent
928 2743 975 2780 ad
1005 2742 1265 2779 conditionem
1296 2743 1491 2779 humanae

428 2806 596 2835 naturae.
628 2797 704 2835 Sed
733 2797 782 2834 ad
809 2796 1070 2833 conditionem
1106 2796 1299 2832 humanae
1332 2803 1490 2832 naturae

428 2851 589 2900 pertinet
617 2850 724 2899 quod
752 2849 931 2886 valetudo
961 2848 1142 2898 corporis,
1164 2855 1200 2884 et
1227 2847 1308 2884 eius
1336 2848 1490 2885 nutritio

429 2912 465 2941 et
493 2911 755 2952 augmentum,
786 2902 948 2951 imperio
977 2901 1142 2947 rationis,
1163 2913 1231 2938 seu
1260 2901 1446 2938 voluntati
1465 2899 1489 2947 δ,

429 2969 508 2993 non
536 2956 767 2994 subdantur:
797 2956 887 3005 quia
916 2954 1100 2992 naturalia
1129 2954 1197 2991 soli
1226 2954 1322 3000 Deo,
1351 2954 1417 3003 qui
1437 2962 1491 2990 est

430 3018 562 3046 auctor
590 3017 758 3054 naturae,
788 3008 1015 3045 subduntur.
1047 3008 1148 3056 Ergo
1177 3019 1248 3044 nec
1276 3006 1314 3043 in
1338 3006 1490 3044 Christo

429 3062 701 3099 subdebantur.
731 3062 823 3098 Non
843 3061 954 3109 igitur
972 3061 1100 3098 anima
1122 3060 1260 3097 Christi
1280 3059 1348 3097 fuit
1367 3060 1490 3097 omni-

430 3123 565 3163 potens
594 3122 767 3163 respectu
796 3114 940 3163 proprii
969 3113 1150 3163 corporis.

483 3169 706 3204 Rsssponm-:o
735 3179 915 3204 DiCENDUM
944 3168 1062 3215 quod,
1088 3166 1184 3203 sicut
1211 3166 1357 3203 dictum
1385 3174 1441 3203 est
1458 3165 1489 3213 ²⁸,

430 3220 558 3256 anima
587 3218 724 3256 Christi
753 3227 876 3267 potest
904 3219 1102 3268 dupliciter
1130 3219 1373 3257 considerari.
1403 3220 1490 3256 Uno

430 3273 561 3319 modo,
583 3272 796 3308 secundum
825 3271 1021 3319 propriam
1040 3272 1219 3309 virtutem
1240 3280 1275 3309 et
1301 3279 1488 3309 naturam.

485 3383 512 3416 α)
530 3388 578 3410 est.
596 3399 615 3403 -
633 3387 682 3410 etc.
701 3383 771 3409 addit
789 3383 870 3408 tertia.

483 3418 508 3451 β)
527 3427 564 3444 ex
578 3419 651 3445 hoc...
665 3418 762 3444 omnia.
774 3433 793 3437 -
804 3418 905 3448 Tertia;
920 3425 958 3443 ex
970 3419 1019 3443 hoc
1032 3419 1130 3444 dicitur
1143 3420 1309 3452 omnipotens
1323 3421 1386 3453 quia
1399 3421 1490 3446 anima

432 3453 504 3486 (quia
523 3455 612 3479 omnia
631 3455 671 3479 ed.
689 3453 717 3486 α)
737 3454 791 3479 ma.

483 3491 510 3521 γ)
529 3490 619 3514 anima
631 3490 719 3523 suerit
732 3488 867 3522 fortioris.
886 3502 904 3506 -
923 3487 1009 3521 magis
1027 3489 1118 3513 anema
1129 3490 1217 3521 suerit
1228 3490 1314 3523 sortis
1333 3492 1413 3516 tertia.

485 3523 508 3555 δ’)
528 3531 572 3549 seu
593 3525 732 3549 voluntati.
750 3538 768 3543 -
787 3523 932 3548 voluntatis
951 3523 982 3551 G.
996 3531 1049 3548 om.
1069 3523 1086 3554 l,
1105 3531 1149 3548 seu
1170 3525 1314 3550 uoluntatis
1328 3526 1347 3550 F
1363 3531 1389 3550 et
1406 3531 1489 3551 cetera

431 3560 518 3590 tertia3
539 3567 586 3591 pro
604 3560 760 3590 subdantur,
781 3558 911 3584 subdatur
928 3558 1000 3583 tertia
1018 3563 1118 3591 praeter
1138 3559 1166 3584 P.

1545 1367 1659 1404 etiam
1697 1379 1777 1404 non
1804 1375 1952 1416 poterat
1985 1367 2190 1404 immutare
2227 1366 2428 1416 proprium
2465 1379 2606 1417 corpus

1545 1432 1567 1456 a
1594 1420 1755 1457 naturali
1777 1420 2043 1469 dispositione:
2073 1420 2164 1469 quia
2189 1419 2318 1457 anima
2337 1419 2360 1467 ζ,
2389 1421 2606 1458 secundum

1544 1473 1742 1522 propriam
1770 1480 1958 1519 naturam,
1985 1472 2099 1510 habet
2127 1473 2418 1510 determinatam
2445 1485 2606 1523 propor-

1545 1525 1692 1562 tionem
1719 1526 1768 1562 ad
1796 1537 1912 1562 suurn
1941 1537 2093 1575 corpus.

1598 1578 1685 1615 Alio
1714 1578 1834 1615 modo
1862 1585 1986 1627 potest
2013 1578 2246 1616 considerari
2273 1577 2402 1616 anima
2421 1583 2439 1606 η
2469 1577 2608 1617 Christi

1546 1631 1762 1668 secundum
1781 1631 1889 1680 quod
1908 1638 1963 1668 est
1982 1631 2280 1668 instrumentum
2305 1630 2458 1668 unitum
2476 1631 2607 1669 Verbo

1546 1683 1617 1720 Dei
1645 1683 1685 1720 in
1712 1695 1888 1733 persona.
1919 1684 1967 1720 Et
1985 1682 2039 1723 sic
2066 1684 2303 1721 subdebatur
2323 1683 2405 1721 eius
2432 1683 2608 1733 potestati

1544 1736 1706 1774 totaliter
1734 1736 1860 1773 omnis
1889 1736 2085 1786 dispositio
2113 1736 2257 1786 proprii
2286 1736 2468 1787 corporis.
2504 1732 2608 1784 Quia

1545 1797 1675 1826 tamen
1716 1789 1836 1827 virtus
1877 1789 2035 1826 actionis
2075 1802 2157 1827 non
2197 1789 2351 1839 proprie
2393 1789 2608 1828 attribuitur

1546 1842 1812 1889 instrumento,
1842 1842 1909 1879 sed
1936 1842 2134 1892 principali
2161 1843 2296 1891 agenti,
2320 1842 2402 1880 talis
2429 1842 2608 1893 omnipo-

1545 1895 1661 1932 tentia
1680 1894 1895 1932 attribuitur
1913 1895 2033 1943 magis
2059 1895 2131 1944 ipsi
2150 1895 2279 1932 Verbo
2298 1895 2370 1933 Dei
2388 1907 2509 1945 quam
2527 1895 2607 1934 ani·-

1546 1960 1634 1985 mae
1663 1947 1813 1984 Christi.

1577 1998 1656 2038 ‘AD
1686 2013 1820 2038 PRIMUM
1849 2012 1946 2038 ERGO
1975 2012 2156 2038 mCENDUM
2192 2001 2299 2051 quod
2326 2001 2493 2039 verbum
2530 2001 2607 2039 Da-

1546 2053 1716 2091 masceni
1744 2061 1798 2090 est
1825 2053 2112 2102 intelligendum
2140 2061 2330 2103 quantum
2358 2054 2407 2091 ad
2432 2055 2608 2093 volunta-

1545 2114 1624 2144 tem
1652 2106 1824 2143 divinam
1851 2106 2000 2144 Christi.
2030 2106 2144 2153 Quia,
2165 2106 2261 2144 sicut
2288 2106 2369 2156 ipse
2396 2107 2436 2144 in
2454 2119 2608 2156 praece·

1546 2159 1649 2196 denti
1669 2159 1834 2208 capitulo
1849 2159 1868 2181 ’¹‘
1887 2159 1985 2203 dicit,
2006 2160 2231 2209 beneplacito
2250 2160 2398 2197 divinae
2414 2161 2610 2199 voluntatis
2637 2168 2645 2177 “

1540 2214 1822 2262 permittebatur
1847 2215 1957 2249 carni
1976 2214 2059 2262 pati
2084 2219 2118 2249 et
2145 2215 2297 2263 operari
2323 2225 2417 2262 quae
2435 2215 2606 2264 propria.

1599 2267 1655 2302 An
1694 2277 1883 2302 SECUNDUM
1919 2277 2100 2303 mci-:NDUM
2137 2266 2245 2315 quod
2281 2277 2361 2302 non
2396 2266 2610 2316 pertinebat

1546 2319 1622 2356 hoc
1649 2319 1698 2355 ad
1723 2318 1944 2366 originalem
1972 2317 2150 2355 iustitiam
2177 2330 2296 2368 quam
2319 2318 2447 2356 Adam
2473 2318 2609 2362 habuit

1545 2372 1585 2409 in
1613 2379 1711 2409 statu
1738 2371 1989 2414 innocentiae,
2011 2372 2119 2421 quod
2145 2371 2275 2409 anima
2295 2370 2464 2413 hominis
2490 2373 2607 2413 habe-

1546 2432 1601 2461 ret
1635 2424 1815 2461 virtutem
1849 2424 2127 2461 transmutandi
2163 2436 2304 2474 corpus
2338 2424 2541 2474 proprium
2567 2425 2607 2462 in

1547 2489 1837 2527 quamcumque
1865 2477 2048 2514 formam:
2085 2476 2153 2513 sed
2180 2477 2287 2526 quod
2315 2485 2444 2526 posset
2477 2477 2607 2527 ipsum

1546 2543 1773 2567 conservare
1803 2530 1948 2579 absque
1976 2537 2212 2566 nocumento
2231 2527 2256 2566 θ.
2289 2530 2337 2566 Et
2364 2530 2465 2567 hanc
2491 2530 2607 2568 etiam

1545 2583 1726 2620 virtutem
1755 2582 1927 2620 Christus
1955 2595 2151 2620 assumere
2183 2582 2378 2632 potuisset,
2408 2582 2439 2620 si
2466 2582 2608 2623 voluis-

1546 2644 1611 2673 set.
1643 2637 1730 2678 Sed,
1760 2648 1851 2672 cum
1879 2635 1953 2672 sint
1980 2643 2054 2672 tres
2081 2643 2198 2673 status
2227 2635 2445 2683 hominum,
2469 2635 2608 2677 scilicet

1546 2689 1797 2734 innocentiae,
1818 2690 1953 2737 culpae
1972 2697 2008 2724 et
2026 2689 2185 2736 gloriae3
2215 2689 2311 2726 sicut
2336 2689 2384 2726 de
2403 2696 2501 2726 statu
2527 2691 2607 2738 glo·

1546 2742 1622 2779 riae
1651 2741 1856 2790 assumpsit
1883 2741 2283 2790 comprehensionem,
2305 2749 2341 2778 et
2368 2742 2416 2778 de
2434 2749 2532 2779 statu
2551 2741 2607 2780 in-

1546 2794 1744 2832 nocentiae
1768 2793 2050 2831 immunitatem
2079 2806 2101 2831 a
2128 2802 2298 2843 peccato,
2318 2794 2368 2831 ita
2387 2802 2423 2831 et
2441 2794 2489 2832 de
2508 2802 2607 2833 statu

1546 2849 1680 2897 culpae
1716 2846 1920 2896 assumpsit
1957 2846 2219 2885 necessitatem
2256 2846 2479 2885 subiacendi
2513 2859 2606 2898 poe-

1545 2899 1762 2938 nalitatibus
1789 2900 1905 2936 huius
1933 2899 2043 2946 vitae,
2073 2908 2115 2937 ut
2142 2900 2238 2938 insta
2255 2900 2275 2923 ’¹‘
2303 2899 2458 2938 dicetur.

1599 2955 1656 2990 An
1674 2965 1832 2990 TERTIUM
1852 2965 2033 2990 DlCENDUM
2052 2953 2160 3002 quod
2188 2952 2459 3002 imaginationi,
2479 2952 2510 2990 si
2530 2953 2604 2990 sor-

1545 3006 1590 3043 tis
1619 3005 1739 3051 fuerit,
1769 3005 1986 3042 naturaliter
2013 3006 2144 3043 obedit
2171 3018 2312 3056 corpus
2339 3012 2527 3055 quantum
2555 3005 2605 3043 ad

1545 3059 1682 3109 aliqua.
1714 3059 1810 3095 Puta
1829 3067 2019 3107 quantum
2039 3059 2088 3096 ad
2107 3070 2242 3096 casum
2270 3059 2318 3096 de
2345 3058 2451 3096 trabe
2470 3057 2509 3095 in
2527 3059 2604 3095 alto

1544 3111 1686 3162 posita;
1716 3111 1807 3160 quia
1835 3110 2054 3160 imaginatio
2074 3119 2162 3149 nata
2189 3118 2245 3149 est
2270 3122 2353 3149 esse
2371 3109 2604 3161 principium

1545 3173 1674 3202 motus
1703 3164 1848 3211 localis,
1879 3172 1920 3201 ut
1947 3164 2084 3202 dicitur
2111 3164 2150 3201 in
2177 3165 2223 3202 111
2250 3163 2296 3202 de
2318 3164 2458 3201 Anima
2482 3162 2513 3200 ¹¹³.
2547 3162 2604 3201 Si·
2631 3165 2643 3178 ⁸

1545 3217 1683 3255 militer
1701 3217 1815 3254 etiam
1844 3225 2034 3266 quantum
2062 3217 2112 3254 ad
2139 3215 2399 3255 alterationem
2427 3227 2528 3265 quae
2549 3224 2604 3253 est
2642 3219 2656 3240 '·
2677 3209 2682 3215 '
2707 3235 2712 3240 -
2766 3207 2775 3241 -'
2805 3206 2825 3247 .’,

1544 3271 1760 3308 seeundum
1789 3271 1956 3307 calorem
1982 3277 2020 3306 et
2047 3269 2173 3318 frigus,
2202 3276 2240 3306 et
2266 3267 2339 3306 alia
2366 3279 2604 3317 consequen-

1599 3394 1609 3410 ε
1640 3393 1666 3411 a.
1683 3399 1703 3404 —
1721 3385 1740 3410 F
1760 3389 1786 3409 et
1802 3384 1889 3414 ter-tim
1908 3386 2004 3410 contra
2021 3390 2080 3408 cum
2099 3382 2209 3408 ablativo
2227 3381 2272 3412 ιΕ,
2290 3389 2343 3407 om.
2362 3381 2447 3407 ceteri.

1597 3391 1623 3454 ξς
1641 3420 1741 3445 anima.
1758 3433 1778 3438 -
1795 3419 1897 3450 ‘sertin
1916 3418 2007 3444 anima
2028 3416 2135 3443 our-{stt

1596 3459 1624 3489 η)
1643 3456 1742 3480 anima.
1761 3469 1780 3474 —
1797 3454 1899 3485 Tei-tiu
1917 3453 2017 3479 scilicet
2033 3453 2133 3478 anima.

1597 3489 1622 3525 Θ)
1641 3494 1806 3516 nocumento.
1823 3504 1843 3509 -
1860 3489 1934 3514 amru*
1951 3490 2108 3514 nocumento
2126 3486 2208 3512 tertia.
