2872 3970
96 752 108 762 ⁸
127 751 191 772 loun.
216 756 267 779 cap.
291 756 308 778 1,

1065 246 1328 292 QUAESTIO
1357 247 1389 293 I,
1419 245 1710 282 ARTICULUS
1738 246 1772 281 V

331 340 354 365 a
393 326 581 376 principio
631 325 792 362 humani
833 324 981 372 generis
1022 325 1128 361 Deus
1177 324 1393 361 incarnatus

331 380 471 417 fuisset.

389 432 422 468 3.
453 433 684 477 PRAETEREA,
705 442 805 478 opus
831 429 971 477 gratiae
1000 442 1079 466 non
1104 438 1159 466 est
1186 429 1315 466 minus
1334 441 1394 465 or-

334 484 508 522 dinatum
537 496 656 532 quam
675 495 774 531 opus
794 490 963 519 naturae.
994 483 1071 519 Sed
1091 488 1224 519 natura
1253 483 1394 518 initium

333 538 442 574 sumit
469 549 492 573 a
516 537 709 586 perfectis:
743 542 784 571 ut
820 534 908 571 dicit
943 533 1116 581 Boetius,
1146 535 1185 571 in
1220 534 1316 571 libro
1351 534 1396 570 de

339 589 598 626 Consolatione
615 588 646 624 ³⁶.
676 588 777 635 Ergo
806 599 906 635 opus
933 587 1071 634 gratiae
1100 587 1232 624 debuit
1253 600 1274 623 a
1293 587 1395 636 prin-

335 641 435 690 cipio
464 653 546 677 esse
574 640 796 689 perfectum.
827 640 904 676 Sed
923 639 962 676 in
982 652 1098 689 opere
1128 639 1396 676 incarnationis

335 693 599 730 consideratur
632 692 811 742 perfectio
847 692 1003 740 gratiae:
1041 693 1256 729 secundum
1292 691 1394 737 illud,

343 748 503 784 Verbum
523 758 613 782 caro
622 746 771 793 sactum
791 750 841 781 est
854 744 890 787 *ς
911 753 947 781 et
965 753 1098 794 postea
1117 745 1302 791 subditur,
1317 745 1396 794 ple-

337 811 426 835 num
444 800 591 848 gratiae
609 804 642 834 et
659 799 830 835 veritatis.
854 798 955 844 Ergo
976 797 1149 834 Christus
1168 810 1190 834 a
1208 797 1396 846 principio

337 850 498 888 humani
524 850 673 898 generis
701 849 833 886 debuit
860 850 1059 887 incarnari.

390 904 464 940 SED
492 914 637 939 CONTRA
670 915 735 939 EST
769 903 876 951 quod
911 903 1049 939 dicitur
1080 903 1200 939 Galat.
1232 914 1264 938 [v
1283 901 1319 938 ²¹⁶:
1349 903 1398 938 At

336 957 401 993 ubi
425 957 522 993 venit
553 955 743 1004 plenitudo
780 957 972 1005 temporis,
1001 957 1097 992 misit
1128 956 1229 991 Deus
1261 955 1397 991 Filium

99 1016 242 1064 {rss‘gmb·⁶¹
251 1016 311 1037 Am·
335 1020 455 1054 suum,
473 1009 623 1056 factum
644 1020 693 1044 ex
711 1008 884 1044 muliere:
911 1008 978 1045 ubi
997 1007 1086 1044 dicit
1106 1007 1243 1044 Glossa
1256 1007 1276 1028 ²¹⁶
1290 1007 1397 1055 quod

157 1059 162 1063 ”
332 1061 521 1110 plenitudo
540 1062 715 1110 temporis
733 1066 783 1097 est
803 1061 902 1109 quod
919 1062 1160 1110 praefinitum
1178 1060 1257 1107 suit
1275 1072 1298 1096 a
1317 1061 1398 1096 Deo

197 1113 211 1147 β
337 1115 450 1150 Patre
462 1114 610 1162 quando
629 1115 783 1149 mitteret
798 1111 812 1142 β
826 1113 962 1150 Filium
976 1125 1095 1149 suum.
1118 1113 1194 1149 Sed
1209 1113 1315 1148 Deus
1330 1124 1399 1148 sua

338 1165 521 1214 sapientia
549 1165 681 1202 omnia
701 1165 884 1201 definivit.
915 1166 1016 1212 Ergo
1036 1164 1398 1201 convenientissimo

338 1226 511 1266 tempore
531 1218 637 1254 Deus
656 1225 712 1254 est
730 1217 958 1254 incarnatus.
985 1218 1032 1254 Et
1051 1217 1103 1253 sic
1123 1229 1202 1253 non
1222 1217 1290 1253 fuit
1308 1229 1399 1253 con-

338 1270 498 1307 veniens
525 1270 632 1318 quod
661 1282 682 1306 a
710 1269 898 1318 principio
929 1269 1090 1306 humani
1117 1269 1265 1316 generis
1293 1270 1399 1306 Deus

339 1322 610 1359 incarnaretur.

392 1376 616 1412 Responnsso
649 1387 830 1411 DICENDUM
863 1374 981 1422 quod,
1015 1386 1106 1411 cum
1144 1386 1243 1423 opus
1279 1374 1399 1411 incar-

339 1427 502 1464 nationis
529 1427 786 1476 principaliter
818 1426 1015 1463 ordinetur
1042 1427 1090 1463 ad
1119 1427 1399 1475 reparationem

339 1487 497 1516 naturae
524 1481 718 1516 humanae
738 1492 807 1528 per
825 1479 969 1528 peccati
998 1479 1256 1526 abolitionem,
1278 1479 1399 1516 mani-

339 1533 478 1569 festum
506 1540 561 1568 est
589 1532 696 1581 quod
724 1544 804 1569 non
829 1532 897 1569 fuit
916 1532 1151 1569 conveniens
1170 1545 1192 1568 a
1211 1532 1399 1581 principio

341 1585 500 1622 humani
529 1585 687 1632 generis,
717 1593 803 1621 ante
831 1593 1044 1633 peccatum,
1072 1586 1200 1621 Deum
1229 1585 1399 1621 incarna-

340 1645 424 1674 tum
452 1637 584 1674 fuisse:
618 1649 698 1674 non
727 1637 831 1674 enim
864 1638 976 1674 datur
1007 1637 1197 1674 medicina
1225 1637 1295 1673 nisi
1323 1637 1400 1674 iam

341 1690 515 1727 infirmis.
550 1690 661 1727 Unde
695 1690 775 1738 ipse
804 1690 997 1726 Dominus
1025 1690 1124 1736 dicit,
1153 1691 1287 1726 Matth.
1310 1703 1343 1726 lx
1361 1690 1398 1726 ³⁶:

341 1744 431 1780 lVon
452 1749 502 1779 est
521 1755 612 1791 opus
638 1743 840 1779 valentibus
867 1743 1040 1788 medicus,
1060 1743 1125 1778 sed
1141 1743 1239 1779 male
1266 1744 1402 1779 haben-

341 1797 453 1832 tibus:
481 1807 555 1831 non
576 1796 673 1831 enim
693 1797 780 1832 veni
795 1807 932 1832 vocare
950 1796 1070 1840 iustos,
1090 1795 1156 1830 sed
1175 1801 1400 1844 peccatores.

396 1847 472 1884 Sed
487 1859 567 1883 non
582 1847 696 1884 etiam
712 1846 836 1884 statim
851 1854 937 1895 post
951 1854 1153 1895 peccatum
1168 1846 1402 1883 conveniens

342 1899 410 1937 fuit
428 1900 557 1936 Deum
577 1899 775 1936 incarnari.
797 1899 927 1936 Primo
948 1899 1117 1948 quidem,
1138 1907 1294 1948 propter
1313 1911 1402 1936 con—

342 1952 529 1989 ditionem
557 1952 718 1989 humani
746 1952 901 2001 peccati,
922 1952 1029 2000 quod
1050 1964 1096 1988 ex
1115 1952 1294 2000 superbia
1315 1964 1403 2001 pro-

342 2013 517 2042 venerat:
542 2005 646 2041 unde
666 2017 713 2041 eo
733 2005 853 2041 modo
873 2013 952 2041 erat
972 2006 1092 2041 homo
1113 2004 1331 2041 liberandus
1350 2013 1402 2051 ut,

344 2057 578 2100 humiliatus,
608 2065 896 2105 recognosceret
924 2069 963 2093 se
992 2057 1191 2094 liberatore
1225 2057 1403 2105 indigere.

343 2111 455 2147 Unde
475 2122 591 2158 super
610 2110 702 2146 illud
721 2110 841 2147 Galat.
858 2122 890 2146 111
904 2110 942 2146 *ε
968 2110 1147 2146 Ordinata
1161 2122 1234 2159 per
1252 2110 1408 2160 angelos

345 2165 382 2199 in
402 2175 517 2199 manu
536 2163 759 2208 mediatoris,
775 2162 863 2199 dicit
878 2163 1015 2199 Glossa
1028 2162 1062 2198 ²¹²:
1084 2165 1235 2212 Magno
1254 2163 1407 2199 consilio

335 2217 485 2263 factum
513 2221 565 2251 est
592 2221 640 2260 ut,
660 2221 744 2264 post
771 2217 930 2252 hominis
957 2227 1096 2261 casum,
1118 2227 1192 2251 non
1221 2215 1318 2252 illico
1337 2217 1411 2252 Dei

345 2268 461 2305 Filius
487 2269 700 2304 mitteretur.
729 2268 889 2317 Reliquit
916 2269 1014 2304 enim
1036 2269 1137 2304 Deus
1159 2269 1267 2317 prius
1294 2269 1409 2305 homi-

346 2332 431 2357 nem
460 2322 497 2356 in
526 2320 691 2357 libertate
725 2322 880 2366 arbitrii,
910 2322 946 2356 in
976 2321 1059 2369 Iege
1091 2321 1264 2366 naturali,
1294 2327 1332 2357 ut
1358 2323 1410 2358 sic

344 2375 441 2411 vires
460 2379 617 2410 naturae
634 2385 723 2410 suae
741 2379 991 2422 cognosceret.
1027 2374 1098 2410 Ubi
1123 2385 1207 2409 cum
1227 2373 1408 2422 deficeret,

346 2427 487 2476 Legem
524 2427 672 2475 accepit.
717 2426 800 2468 Qua
828 2426 926 2471 data,
955 2426 1107 2462 invaluit
1143 2427 1305 2472 morbus,
1334 2439 1409 2463 non

347 2479 470 2528 Legis,
489 2478 555 2514 secl
581 2484 738 2515 naturae
762 2480 869 2515 vitio:
897 2484 934 2515 ut
961 2480 1022 2524 ita,
1044 2479 1195 2527 cognita
1213 2491 1281 2516 sua
1309 2481 1410 2527 infir-

348 2532 482 2576 mitate,
502 2531 681 2567 clamaret
703 2531 755 2568 ad
779 2532 974 2576 medicum,
995 2537 1028 2567 et
1045 2533 1193 2580 gratiae
1221 2539 1412 2580 quaereret

348 2583 542 2620 auxilium.

403 2635 595 2682 Secundo,
615 2643 772 2685 propter
800 2636 977 2673 ordinem
1005 2636 1260 2685 promotionis
1284 2636 1323 2673 in
1343 2637 1410 2673 bo-

349 2700 457 2734 num,
471 2689 687 2725 secundum
702 2701 821 2737 quem
836 2689 884 2726 ab
899 2689 1120 2738 imperfecto
1136 2689 1184 2726 ad
1199 2690 1410 2738 perfectum

349 2740 581 2789 proceditur.
611 2740 722 2778 Unde
743 2742 950 2790 Apostolus
978 2742 1077 2788 dicit,
1098 2743 1112 2778 Ι
1131 2742 1182 2778 ad
1203 2743 1289 2779 Cor.
1310 2755 1357 2778 xv
1371 2742 1408 2779 *ε

349 2794 439 2830 Νοη
463 2795 570 2842 prius
598 2793 697 2842 quod
721 2795 910 2842 spirituale
935 2800 996 2840 est,
1015 2795 1080 2831 sed
1106 2795 1205 2843 quod
1230 2795 1411 2832 animale.-

349 2846 480 2882 deinde
516 2846 615 2894 quod
648 2847 846 2894 spirituale.
888 2848 1037 2883 Primus
1072 2849 1183 2883 homo
1221 2848 1266 2884 de
1297 2854 1408 2894 terra,

348 2905 536 2935 terrenus:
562 2898 742 2935 secundus
769 2900 880 2935 homo
908 2899 954 2935 de
980 2900 1095 2945 caelo,
1123 2900 1295 2936 caelestis.

402 2951 545 2995 Tertio,
575 2958 732 2999 propter
759 2950 979 2998 dignitatem
1007 2952 1126 3000 ipsius
1146 2952 1262 2988 Verbi
1289 2952 1409 2989 incar-

350 3003 439 3040 nati.
469 3003 572 3050 Quia
592 3015 708 3052 super
726 3003 818 3040 illud
841 3004 961 3040 Galat.
982 3016 1016 3040 1v
1029 3005 1060 3051 ³⁸,
1087 3006 1159 3042 Ubi
1174 3006 1272 3042 venit
1293 3006 1410 3054 pleni-

96 595 209 623 ·Lib.111‚
216 601 307 623 pros-x.

98 783 158 799 vers.
175 784 208 804 ¹⁴·

99 907 109 918 ⁸
121 905 188 927 Vei-s.
205 912 229 933 4,

104 1694 115 1705 ·
127 1692 194 1714 Vere.
211 1698 243 1720 ιε,
259 1698 290 1721 ¹3·

106 2106 118 2118 ⁸
130 2105 196 2128 Vera.
213 2111 247 2133 ¹9.

106 2167 117 2179 ⁸
131 2166 189 2188 Ord-

112 2746 123 2757 ·
137 2745 203 2767 Vers.
217 2745 256 2773 46,
270 2751 307 2772 47.

114 3009 127 3020 ⁴
139 3007 205 3031 Vm.
220 3015 242 3036 4.

2460 257 2503 292 19

1447 324 1533 360 tudo
1552 326 1735 373 temporis,
1756 323 1845 360 dicit
1865 323 2051 360 Glossa*:
2079 324 2225 365 Quanto
2253 325 2375 360 maior
2394 324 2506 360 iudex

1447 378 1624 422 veniebat,
1653 382 1753 413 tanto
1780 388 2013 425 praeconum
2041 378 2151 412 series
2178 376 2328 425 longior
2354 389 2505 426 praece-

2535 329 2543 338 ·
2558 328 2616 349 Ord.
2629 329 2689 355 Aug.

1419 422 1422 440 ¹
1448 429 1536 466 dere
1563 429 1725 466 debebat.

1502 482 1662 528 Quarto,
1677 494 1724 518 ne
1740 481 1866 518 fervor
1880 481 1970 518 fidei
1984 481 2167 529 temporis
2182 481 2390 530 prolixitate
2405 489 2506 530 tepe-

1450 542 1579 571 sceret.
1602 534 1704 581 Quia
1718 533 1817 570 circa
1830 534 1949 570 finem
1965 534 2102 570 mundi
2117 535 2330 583 refrigescet
2344 539 2358 561 Υ
2373 537 2508 571 caritas
2630 539 2646 564 Υ

1449 587 1650 623 multorum
1660 586 1696 623 *t
1725 594 1760 622 et
1774 588 1869 623 Luc.
1881 599 1961 623 xvm
1975 586 2015 608 *³¹⁸
2029 586 2182 623 dicitur:
2208 588 2302 623 Cum
2317 587 2431 623 Filius
2445 588 2508 624 ho·
2536 585 2675 633 Lffifflffp
2685 591 2748 612 '‘¹¹¹'’

1449 641 1559 676 minis
1576 641 1706 685 veniet,
1720 645 1880 688 putasne
1898 641 2056 676 inveniet
2071 639 2192 686 fidem
2211 651 2321 688 super
2339 645 2477 676 terram
2489 640 2510 676 ξ)
2537 640 2557 649 “”
2573 638 2638 660 Vm·
2654 638 2676 659 ⁸·

1503 693 1560 728 AD
1594 704 1728 729 PRIMUM
1765 704 1862 728 ERGO
1900 704 2080 728 DICENDUM
2117 692 2223 740 quod
2261 691 2393 741 caritas
2430 704 2509 728 non

1450 744 1574 781 differt
1602 744 1727 781 amico
1756 743 1971 791 subvenire,
1992 746 2096 780 salva
2114 752 2243 780 tamen
2269 744 2509 791 negotiorum

1451 797 1733 845 opportunitate
1754 805 1790 833 et
1808 809 2061 845 personarum
2087 797 2316 833 conditione.
2348 797 2387 834 Si
2406 797 2510 834 enim

1451 850 1624 886 medicus
1639 849 1764 886 statim
1779 862 1801 886 a
1815 849 2002 898 principio
2023 849 2265 896 aegritudinis
2279 850 2511 886 medicinam

1451 902 1557 938 daret
1574 902 1740 948 infirmo,
1756 902 1885 938 minus
1905 902 2117 950 proficeret,
2133 903 2195 938 vel
2209 902 2328 950 magis
2347 903 2511 939 laederet
2637 945 2649 953 κ

1452 967 1571 1002 quam
1591 954 1748 991 iuvaret.
1770 956 1817 991 Et
1831 954 1918 991 ideo
1934 955 2047 991 etiam
2062 955 2253 991 Dominus
2269 967 2347 991 non
2363 953 2511 991 statim6
2636 954 2650 969 '³

1453 1006 1721 1043 incarnationis
1750 1007 1966 1044 remedium
1990 1008 2164 1044 humano
2183 1007 2311 1054 generi
2330 1007 2511 1054 exhibuit,

1453 1071 1500 1095 ne
1521 1059 1613 1096 illud
1641 1067 1902 1096 contemneret
1930 1072 1975 1096 ex
2004 1060 2193 1108 superbia,
2215 1060 2244 1096 si
2268 1060 2373 1109 prius
2402 1073 2512 1097 suam

1453 1111 1714 1148 infirmitatem
1742 1124 1822 1148 non
1851 1121 2106 1159 cognosceret.

1506 1166 1563 1200 AD
1583 1176 1771 1201 SECUNDUM
1791 1177 1971 1201 mcENDUM
1991 1165 2096 1212 quod
2117 1165 2351 1212 Augustinus
2370 1166 2418 1201 ad
2438 1166 2513 1202 hoc

1454 1217 1668 1265 respondet,
1690 1216 1728 1252 in
1753 1216 1848 1253 libro
1873 1217 1918 1253 de
1936 1219 2012 1254 Sex
2036 1218 2314 1259 Quaestionibus
2341 1219 2514 1267 Pagano-

1453 1282 1538 1306 rum
1553 1269 1582 1315 ²¹²,
1604 1268 1745 1311 dicens,
1762 1270 1839 1315 Qu.
1856 1281 1888 1314 11,
1905 1269 2012 1317 quod
2031 1275 2119 1305 tunc
2136 1270 2249 1306 voluit
2272 1271 2434 1306 Christus
2453 1272 2513 1306 ho-

1453 1323 1612 1358 minibus
1631 1334 1824 1370 apparere,
1845 1328 1877 1358 et
1896 1322 1997 1371 apud
2014 1334 2075 1358 eos
2095 1323 2313 1371 praedicari
2327 1335 2434 1359 suam
2455 1323 2515 1359 do-

1454 1376 1624 1420 ctrinam,
1663 1375 1810 1423 quando
1838 1380 1871 1410 et
1899 1376 1965 1411 ubi
1996 1376 2131 1411 sciebat
2158 1387 2234 1411 esse
2270 1377 2333 1424 qui
2365 1377 2401 1412 in
2431 1388 2514 1412 eum

1444 1428 1603 1475 fuerant
1630 1427 1814 1463 credituri.
1843 1428 1917 1463 His
1944 1429 2042 1463 enim
2072 1430 2306 1476 temporibus,
2336 1434 2368 1464 et
2395 1430 2450 1465 his
2478 1430 2514 1464 in

1454 1481 1553 1525 locis,
1574 1480 1662 1516 tales
1698 1481 1863 1516 homines
1891 1482 1927 1516 in
1957 1481 2033 1516 eius
2064 1481 2342 1528 praedicatione
2362 1482 2516 1528 futuros

1454 1545 1530 1569 esse
1551 1534 1686 1569 sciebat
1704 1537 1715 1552 Ξ
1736 1532 1871 1581 quales,
1894 1545 1966 1568 non
1990 1533 2134 1581 quidem
2155 1545 2293 1579 omnes,
2312 1534 2377 1570 sed
2392 1540 2515 1570 tamen
2641 1546 2652 1562 ε

1454 1586 1560 1621 multi
1578 1587 1614 1621 in
1643 1586 1720 1621 eius
1738 1585 1927 1634 corporali
1948 1587 2159 1634 praesentia
2177 1587 2346 1633 fuerunt,
2368 1588 2431 1635 qui
2450 1599 2517 1623 nec

1455 1640 1491 1674 in
1522 1650 1618 1682 eum,
1646 1639 1822 1674 suscitatis
1849 1639 2014 1683 mortuis,
2043 1638 2193 1674 credere
2219 1639 2423 1675 voluerunt.

1510 1690 1585 1727 Sed
1606 1691 1704 1726 hanc
1724 1689 2016 1737 responsionem
2037 1690 2245 1738 reprobans
2265 1691 2367 1727 idern
2388 1693 2517 1739 Augu-

1456 1742 1575 1778 stinus
1603 1742 1702 1786 dicit,
1724 1742 1762 1777 in
1782 1742 1878 1777 libro
1908 1742 1952 1778 de
1970 1743 2250 1779 Per-severantia
2269 1743 2307 1779 *ι
2338 1745 2520 1792 Nunquid

1451 1807 1648 1843 possumus
1675 1795 1797 1830 dicere
1820 1796 1956 1842 Tyrios
1983 1801 2046 1831 aut
2071 1795 2251 1840 Sidonios,
2271 1796 2402 1832 talibus
2420 1797 2521 1845 apud

1455 1859 1494 1883 se
1521 1848 1710 1884 virtutibus
1718 1847 1845 1894 factis,
1866 1847 2017 1883 credere
2041 1847 2208 1893 noluisse,
2229 1854 2291 1884 aut
2318 1849 2520 1885 credituros

1458 1912 1531 1936 non
1551 1900 1672 1947 fuisse
1698 1901 1731 1935 si
1745 1901 1906 1947 fierent:
1933 1912 2017 1935 cum
2046 1902 2122 1949 ipse
2149 1901 2332 1937 Dominus
2358 1903 2409 1938 eis
2436 1908 2519 1938 atte-

1456 1958 1568 1989 stetur
1596 1952 1695 2001 quod
1720 1954 1840 1988 acturi
1866 1958 1981 1988 essent
2008 1964 2173 2002 magnae
2199 1954 2410 1990 humilitatis
2432 1967 2520 2003 poe-

1459 2007 1658 2049 nitentiam,
1674 2006 1706 2041 si
1723 2006 1759 2040 in
1780 2007 1831 2041 eis
1839 2005 1948 2051 facta
1968 2004 2083 2041 essent
2104 2006 2313 2042 divinarum
2329 2007 2392 2043 illa
2410 2009 2520 2056 signa

1459 2057 1664 2095 virtutum?

1512 2110 1685 2155 Proinde,
1708 2117 1750 2146 ut
1771 2109 1852 2158 ipse
1876 2111 2028 2146 solvens
2056 2110 2183 2147 subdit
2201 2110 2230 2157 ³¹⁶,
2251 2113 2343 2148 sicut
2369 2114 2521 2162 Aposto-

1460 2163 1516 2199 lus
1539 2164 1600 2207 ait,
1631 2177 1649 2195 <‹
1668 2175 1741 2199 non
1769 2169 1819 2198 est
1837 2163 1989 2199 volentis
2015 2175 2132 2212 neque
2158 2167 2349 2210 currentis,
2369 2166 2434 2201 sed
2457 2167 2521 2202 mi-

1460 2218 1610 2252 serentis
1630 2216 1702 2251 Dei
1722 2231 1756 2260 »,
1776 2216 1840 2264 qui
1864 2216 1919 2251 his
1948 2227 2037 2264 quos
2058 2217 2258 2264 praevidit,
2278 2219 2311 2253 si
2336 2219 2437 2266 apud
2463 2231 2523 2255 eos

1452 2269 1561 2316 sacta
1581 2274 1706 2314 essent,
1725 2269 1799 2304 suis
1824 2268 2013 2304 miraculis
2032 2269 2245 2315 credituros,
2266 2272 2394 2318 quibus
2411 2272 2525 2308 voluit

1461 2322 1638 2365 subvenit,
1658 2321 1738 2357 aliis
1757 2326 1878 2357 autem
1899 2333 1971 2356 non
1991 2323 2167 2367 subvenit,
2187 2322 2232 2358 de
2254 2324 2382 2371 quibus
2401 2325 2437 2359 in
2456 2336 2524 2361 sua

1458 2373 1802 2423 praedestinatione,
1824 2373 1962 2409 occulte
1981 2374 2124 2422 quidem
2143 2374 2209 2410 sed
2234 2376 2334 2420 iuste,
2354 2376 2457 2412 aliud
2473 2378 2524 2413 iu-

1463 2427 1606 2463 dicavit.
1637 2428 1695 2462 Ita
1723 2426 2016 2462 misericordiam
2036 2428 2112 2462 eius
2139 2428 2176 2462 in
2196 2428 2251 2463 his
2279 2429 2342 2476 qui
2367 2428 2524 2465 liberan-

1463 2485 1534 2525 tur,
1555 2485 1587 2515 et
1614 2480 1803 2515 veritatem
1833 2480 1869 2514 in
1898 2479 1952 2514 his
1981 2480 2044 2527 qui
2063 2481 2290 2528 puniuntur,
2319 2482 2398 2516 sine
2425 2481 2524 2518 dubi-

1463 2533 1600 2568 tatione
1627 2532 1832 2567 credamus.

1517 2586 1574 2620 An
1601 2596 1759 2621 TERTIUM
1779 2596 1959 2621 DlCENDUM
1979 2585 2084 2632 quod
2113 2584 2323 2633 perfectum
2347 2593 2401 2622 est
2419 2586 2524 2634 prius

1464 2637 1697 2686 imperfecto,
1728 2636 1766 2672 in
1794 2636 1953 2673 diversis
1988 2637 2164 2685 quidem,
2194 2645 2366 2686 tempore
2395 2646 2431 2675 et
2458 2651 2523 2676 na—

1463 2698 1558 2736 tura,
1580 2697 1730 2738 oportet
1750 2689 1852 2726 enim
1881 2690 1987 2738 quod
2007 2689 2216 2738 perfectum
2246 2690 2290 2726 sit
2318 2692 2423 2739 quod
2453 2691 2523 2728 alia

1464 2743 1513 2779 ad
1541 2742 1813 2791 perfectionem
1842 2742 2014 2778 adducit:
2051 2743 2116 2778 sed
2146 2742 2183 2778 in
2212 2755 2291 2779 uno
2320 2751 2356 2779 et
2384 2744 2522 2781 eodem

1464 2795 1730 2844 imperfectum
1758 2802 1813 2830 est
1836 2794 1941 2843 prius
1969 2802 2153 2843 tempore,
2175 2795 2242 2831 etsi
2264 2795 2308 2831 sit
2335 2796 2523 2844 posterius

1464 2855 1599 2884 natura
1617 2847 1647 2884 ³⁸.
1674 2847 1736 2884 Sic
1756 2859 1845 2894 ergo
1865 2847 2191 2895 imperfectionem
2210 2855 2366 2884 naturae
2387 2850 2523 2886 huma-

1464 2913 1536 2937 nae
1565 2899 1764 2936 duratione
1801 2899 1992 2948 praecedit
2025 2907 2176 2935 aeterna
2213 2900 2284 2936 Dei
2321 2901 2520 2949 perfectio:

1464 2954 1530 2990 sed
1550 2953 1721 3001 sequitur
1740 2951 1861 3000 ipsam
1881 2959 2147 2988 consummata
2166 2952 2344 3000 perfectio
2360 2953 2398 2990 in
2413 2955 2523 2992 unio-

1464 3018 1512 3042 ne
1541 3005 1589 3041 ad
1617 3005 1757 3041 Deum.

2544 1274 2552 1282 ⁸
2567 1273 2585 1294 E
2603 1273 2640 1295 ist.
2657 1272 2705 1299 cu,
2723 1273 2753 1293 al.

2543 1299 2583 1320 XL
2597 1299 2625 1321 K.

2546 1748 2556 1757 ⁸
2570 1747 2625 1773 Cup.
2641 1752 2671 1767 ix.

2550 2111 2559 2122 ⁴
2575 2110 2631 2138 Cap.
2649 2116 2682 2131 xi.

2552 2856 2560 2865 ·
2575 2854 2602 2875 D.
2620 2859 2681 2875 ¹02¹.

405 3112 430 3147 β)
449 3114 557 3146 quando
576 3114 700 3139 mitteret.
712 3128 732 3132 —-
749 3114 850 3144 Tertia;
869 3114 1026 3146 quandoque
1045 3115 1158 3141 mittere.

404 3148 431 3183 γ)
451 3149 539 3181 quia...
551 3149 739 3183 refrigescet.—
748 3149 808 3173 EFa
822 3155 846 3174 et
861 3150 934 3174 tertia
948 3149 1102 3183 (refrigeret
1113 3151 1131 3182 1,
1136 3151 1267 3184 frigescet
1277 3151 1343 3186 PF);
1357 3160 1410 3178 om.

1518 3117 1542 3149 δ)
1561 3118 1661 3142 statim.
1673 3131 1692 3135 —
1709 3125 1726 3141 a
1742 3117 1875 3149 principio
1895 3117 1991 3142 addunt
2009 3117 2143 3143 editiones.

1517 3153 1539 3186 ε)
1559 3153 1665 3177 sciebat.
1680 3167 1698 3170 —-
1712 3153 1882 3184 praesciebat
1899 3153 1980 3178 tertia.

1023 3219 1358 3253 Commentaria
1381 3221 1630 3254 Cardinaus
1652 3221 1850 3254 Caietani

353 3385 476 3424 generis
505 3385 538 3415 in
565 3386 614 3415 sui
644 3386 819 3425 principio,
843 3385 962 3415 scilicet
991 3386 1210 3422 innocentiae,
1236 3391 1266 3416 et
1292 3386 1408 3425 lapsuS.

353 3428 493 3459 Vertitur
508 3430 594 3459 enirn
617 3429 650 3459 in
666 3430 887 3469 quaestionem
912 3439 951 3459 an
975 3429 1007 3459 in
1030 3429 1186 3469 principio
1211 3430 1341 3460 humani
1357 3440 1410 3470 ge-

353 3473 437 3502 neris
459 3472 603 3503 debuerit
619 3473 792 3503 incarnatio
810 3483 893 3503 esse:
919 3479 949 3503 et
964 3478 1132 3513 propterea
1147 3474 1234 3503 iuxta
1249 3474 1410 3514 duplicem

354 3521 471 3546 statum
493 3517 527 3546 in
550 3517 724 3557 principio,
749 3517 869 3556 duplici
899 3517 1108 3557 respondetur
1132 3518 1356 3554 conclusione,
1381 3523 1411 3548 et

355 3565 488 3599 utraque
510 3561 664 3599 negative.

356 3307 403 3368 IN
434 3297 557 3327 articuli
587 3298 689 3337 quinti
721 3296 863 3327 eiusdem
896 3298 1014 3336 primae
1046 3298 1240 3337 quaestionis
1274 3308 1408 3338 corpore
1435 3313 1438 3334 ι

384 3340 465 3371 duae
489 3347 562 3371 sunt
586 3342 820 3377 conclusiones,
837 3342 923 3371 iuxta
949 3341 1110 3381 duplicem
1134 3347 1250 3371 statum
1277 3342 1409 3372 humani
1436 3341 1438 3379 j
1463 3343 1602 3384 generis,
1619 3349 1693 3373 ante
1702 3349 1879 3383 peccatum,
1893 3345 1996 3374 Deum
2013 3345 2215 3376 incarnatum
2222 3347 2340 3387 fuisse.
2357 3347 2521 3377 Probatur.

1519 3300 1622 3329 Prima
1646 3305 1706 3329 est:
1746 3300 1821 3330 Non
1841 3300 1915 3341 fuit
1944 3301 2134 3331 conveniens
2164 3312 2183 3332 a
2200 3302 2362 3342 principio
2390 3303 2524 3333 humani

1437 3396 1438 3402 ¹
1466 3386 1556 3426 Opus
1572 3388 1796 3418 incarnationis
1815 3389 2028 3428 principaliter
2044 3389 2206 3419 ordinatur
2228 3390 2267 3420 ad
2291 3391 2521 3430 reparationem

1465 3436 1594 3461 naturae
1610 3441 1667 3471 per
1682 3432 1890 3462 abolitionem
1906 3434 2037 3472 peccati.
2062 3433 2146 3472 Ergo
2163 3443 2229 3463 non
2246 3433 2305 3464 fuit
2328 3435 2521 3465 conveniens

1438 3490 1439 3496 κ
1466 3480 1538 3504 ante
1554 3481 1722 3515 peccatum
1738 3476 1844 3506 Deum
1859 3477 2022 3506 incarnari.
2035 3495 2057 3498 -
2072 3477 2226 3507 Probatur
2240 3478 2368 3517 sequela
2384 3479 2519 3509 ratione:

1438 3524 1439 3559 g
1467 3519 1542 3558 quia
1564 3519 1721 3549 medicina
1744 3529 1811 3550 non
1828 3519 1918 3550 datur
1940 3521 2000 3550 nisi
2023 3519 2165 3551 infirmis.
2191 3521 2230 3551 Et
2253 3523 2438 3552 auctoritate
2455 3523 2521 3552 Do-

1437 3563 1440 3599 }
1466 3563 1542 3593 mini
1569 3562 1697 3603 duplici.
