2872 3970
931 281 1192 327 QUAESTIO
1220 282 1286 328 Ll,
1318 282 1605 321 ARTICULUS
1633 285 1646 321 I

2297 282 2372 329 487

601 511 1009 588 QUAESTIO
1048 514 1977 591 QUINQUAGESIMAPRIMA

851 639 940 679 DE
983 638 1394 682 SEPULTURA
1438 642 1722 683 CHRISTI

987 753 1022 778 IN
1050 753 1220 784 QUATUOR
1246 754 1445 780 ARTICULOS
1471 755 1583 780 DIVlSA

205 851 391 938 Dempta
421 844 745 882 considerandum
775 853 831 883 est
855 831 904 883 de
930 848 1124 896 sepultura
1151 846 1259 884 Chri-

286 904 331 934 Stl
366 925 374 934 .

204 949 254 987 Et
280 949 379 986 circa
404 949 481 986 hoc
508 957 747 998 quaeruntur
773 957 948 999 quatuor.

131 997 176 1042 ‘J
257 1000 407 1038 Primo:
436 1009 568 1038 utrum
595 1001 829 1039 conveniens
857 1003 967 1040 fuerit
988 1003 1183 1041 Christum
1202 1016 1258 1041 se-

308 1053 427 1103 peliri.

1367 848 1564 886 Secundo:
1594 849 1642 886 de
1670 850 1788 887 modo
1817 851 2031 899 sepulturae
2060 850 2151 887 eius.

1366 918 1516 955 Tertio:
1553 927 1683 956 utrum
1710 931 1850 968 corpus
1878 920 1958 957 eius
1986 920 2094 957 suerit
2121 921 2160 957 in
2188 922 2363 970 sepulcro

1418 989 1641 1026 resolutum.

1366 1057 1534 1103 Quarto:
1571 1058 1628 1094 De
1656 1065 1827 1107 ternpore
1856 1070 1934 1106 quo
1969 1058 2081 1095 iacuit
2108 1058 2146 1095 in
2174 1060 2359 1108 sepulcro.

1010 1163 1325 1206 ARTICULUS
1357 1165 1559 1206 PRIMUS

737 1262 894 1294 UTRUM
916 1263 1076 1313 FUER¹T
1101 1263 1377 1296 CONVENIENS
1401 1265 1625 1296 CHRISTUM
1648 1265 1835 1296 SEPELIRI

658 1349 733 1379 Infra,
754 1357 800 1382 qu.
820 1357 864 1381 Lu,
883 1355 930 1375 art.
949 1358 981 1393 μ
1003 1351 1146 1382 Compend.
1169 1351 1267 1381 771201„
1284 1359 1340 1383 cap.
1359 1358 1465 1376 ccxxxiv
1472 1359 1479 1383 ς
1499 1352 1508 1376 1
1526 1352 1563 1376 ad
1584 1352 1653 1381 Cor„
1673 1360 1727 1384 cap.
1746 1361 1786 1382 xv.
1806 1353 1863 1379 lect.
1882 1361 1900 1379 ι.

270 1453 292 1473 «-
316 1452 387 1485 '1³³³‘
410 1447 433 1472 n
453 1447 587 1472 ptumum
614 1448 666 1473 stc
694 1448 928 1474 PROCEDrrUR.
961 1437 1121 1475 Videtur
1152 1439 1259 1487 quod

330 1476 384 1546 {23
411 1499 492 1524 non
510 1487 622 1526 fuerit
635 1488 869 1526 conveniens
885 1489 1080 1527 Christum
1097 1490 1257 1540 sepeliri.

276 1544 279 1545 ⁷
360 1537 381 1580 ’ἢ
395 1536 471 1578 De
501 1540 652 1578 Christo
680 1541 785 1578 enim
813 1540 948 1578 dicitur
979 1541 1019 1579 in
1046 1543 1200 1580 Psalmo
1219 1543 1255 1580 *ε

200 1639 205 1643 Α
260 1584 327 1628 17'5
334 1600 345 1624 τ’
373 1587 547 1630 Factus
567 1599 618 1630 est
643 1595 735 1631 sicut
754 1595 865 1631 homo
883 1596 962 1631 sine
988 1595 1183 1642 adiutorio,
1204 1597 1257 1632 in-

201 1643 257 1695 ter
283 1649 447 1682 mortuos
483 1646 585 1682 liber.
625 1646 702 1684 Sed
729 1645 770 1683 in
801 1647 975 1695 sepulcro
1011 1647 1259 1685 includuntur

201 1694 365 1747 c'orpora
391 1705 656 1735 mortuorum:
686 1698 794 1748 quod
811 1698 963 1736 videtur
991 1698 1150 1736 libertati
1176 1712 1257 1736 esse

201 1749 447 1786 contrarium.
477 1750 578 1798 Ergo
598 1762 678 1788 non
706 1750 858 1788 videtur
883 1751 997 1789 fuisse
1025 1751 1258 1789 conveniens

126 1810 143 1819 “
201 1801 310 1851 quod
337 1813 477 1850 corpus
507 1802 645 1840 Christi
673 1803 903 1852 sepeliretur.

255 1864 291 1891 2.
317 1853 548 1901 mmmm,
569 1854 662 1892 nihil
690 1855 788 1892 circa
808 1855 1003 1893 Christum
1025 1855 1109 1893 fieri
1127 1856 1258 1893 debuit

201 1905 310 1955 quod
335 1917 418 1944 non
445 1914 542 1944 esset
568 1906 803 1944 salutiferum
829 1908 951 1945 nobis.
983 1908 1060 1945 Sed
1087 1907 1127 1944 in
1152 1909 1257 1945 nullo

200 1957 353 2005 Videtur
391 1957 440 1996 ad
477 1959 639 1996 salutem
676 1959 882 1997 hominum
922 1959 1110 2010 pertinere
1151 1961 1258 2009 quod

200 2007 375 2052 'Christus
402 2009 471 2047 fuit
489 2012 671 2060 sepultus.
701 2012 803 2060 Ergo
830 2025 911 2050 non
928 2012 1000 2050 fuit
1025 2013 1258 2050 conveniens

202 2061 398 2101 Christum
426 2063 585 2112 sepeliri.

257 2114 290 2152 3.
320 2115 551 2161 PRAETEREA‚
572 2115 846 2154 inconveniens
874 2129 955 2154 esse
973 2116 1124 2154 videtur
1151 2118 1258 2167 quod

122 2200 133 2214 ,
168 2205 176 2218 ,
201 2167 319 2214 Deus,
335 2166 402 2216 qui
421 2176 477 2205 est
493 2181 604 2219 super
622 2170 743 2206 caelos
762 2170 924 2206 excelsos
939 2175 956 2191 α
970 2170 1001 2214 *,
1021 2169 1061 2206 in
1084 2178 1182 2207 terra
1201 2182 1257 2207 se-

119 2223 175 2271 sjs'
201 2218 391 2269 peliretur.
422 2221 499 2258 Sed
526 2220 620 2258 illud
642 2222 749 2270 quod
768 2221 947 2259 convenit
974 2222 1126 2271 corpori
1150 2222 1257 2260 Chri-

111 2272 130 2325 s:
152 2287 155 2289 ¹
201 2270 249 2322 Sti
265 2279 434 2320 mortuo,
454 2273 667 2311 attribuitur
685 2275 781 2320 Deo,
802 2274 947 2312 ratione
965 2274 1130 2311 unionis.
1156 2275 1257 2323 Ergo

49 2334 52 2338 '
201 2323 477 2363 inconveniens
503 2326 655 2363 videtur
683 2326 878 2364 Christum
904 2327 1019 2364 fuisse
1053 2329 1256 2377 sepultum.

255 2377 330 2415 San
358 2389 502 2415 CONTRA
530 2390 595 2416 EST
628 2379 736 2428 quod
763 2379 956 2417 Dominus
984 2379 1092 2425 dicit⁷
1120 2380 1255 2416 Matth.

117 2438 171 2461 ³2·-
199 2420 285 2475 ¹xxvi
301 2429 334 2477 ²⁸¹,
363 2430 412 2468 de
438 2430 598 2468 muliere
627 2443 727 2480 quae
755 2444 847 2469 eum
869 2431 1034 2470 inunxit:
1069 2432 1167 2481 Opus
1193 2434 1256 2469 bo-

46 2502 49 2509 ÷
111 2486 156 2535 ’ἦ
202 2486 471 2531 ηωηορεναὶα
498 2489 550 2520 est
567 2485 604 2520 in
628 2496 710 2520 me.-
737 2492 773 2521 et
797 2492 929 2533 postea
956 2484 1084 2521 subdit
1101 2484 1138 2520 *ε
1167 2486 1257 2522 Mit-

52 2573 58 2587 :
112 2543 121 2594 ς’
201 2539 280 2624 fans
306 2539 536 2636 ιιηὲιὲςηίξνη
555 2537 625 2573 hoc
643 2538 680 2573 in
701 2549 835 2585 corpus
861 2549 998 2583 meum,
1018 2537 1069 2574 ad
1083 2537 1256 2585 sepelien-

111 2601 120 2622 ;
200 2622 202 2625 ,
251 2598 290 2623 m
316 2599 377 2624 me
420 2599 474 2625 eci
489 2617 497 2625 .

240 2639 477 2677 'RESPONDEO
496 2652 676 2679 mammon
691 2642 798 2691 quod
817 2641 1050 2679 conveniens
1068 2641 1137 2678 fuit
1152 2640 1256 2678 Chri-

203 2698 305 2729 stum
324 2692 483 2742 sepeliri.
512 2693 643 2731 Primo
663 2694 833 2743 quidem,
853 2695 902 2732 ad
921 2694 1256 2743 comprobandum

201 2742 399 2782 veritatem
426 2744 579 2782 mortis:
613 2758 694 2784 non
721 2746 822 2784 enim
853 2746 987 2796 aliquis
1015 2746 1054 2783 in
1081 2747 1256 2795 sepulcro

202 2795 370 2845 ponitur,
389 2796 461 2834 nisi
488 2798 645 2847 quando
665 2798 743 2836 iam
771 2799 818 2836 de
841 2799 996 2836 veritate
1015 2798 1148 2836 mortis
1166 2810 1256 2835 con-

121 2883 123 2885 ,
202 2855 283 2885 stat.
311 2848 423 2886 Unde
447 2857 483 2886 et
501 2850 622 2888 Marci
639 2863 688 2888 xv
703 2851 723 2873 '¹‘
742 2851 875 2900 legitur
894 2852 1001 2900 quod
1019 2850 1171 2898 Pilatus,
1191 2863 1256 2888 an-

124 2908 144 2917 “
201 2906 358 2950 tequam
377 2902 602 2940 concederet
622 2903 818 2940 Christum
837 2903 997 2952 sepeliri,
1018 2902 1182 2951 diligenti
1201 2902 1256 2940 in-

50 2967 59 2988 s
121 2956 157 3004 ᾗ(
202 2952 405 3005 quisitione
433 2954 612 3002 cognovit
639 2967 731 2993 eum
758 2963 958 2993 mortuum
986 2967 1078 2992 esse.

123 3043 124 3046 ,
165 3039 170 3043 ,
256 3005 448 3052 Secundo,
478 3006 569 3056 quia
595 3019 665 3057 per
690 3008 767 3045 hoc
794 3008 902 3058 quod
931 3007 1102 3045 Christus
1129 3007 1177 3044 de
1201 3019 1256 3044 se-

201 3057 345 3147 Ki'sscro'
355 3058 570 3105 resurrexit,
586 3059 698 3097 datur
712 3072 798 3109 spes
812 3059 1034 3108 resurgendi
1046 3071 1117 3109 per
1130 3059 1258 3108 ipsum

152 3115 154 3117 ’
206 3152 209 3167 3
244 3121 262 3146 s
280 3121 348 3159 qul
367 3117 455 3148 sunt
473 3110 513 3148 in
527 3112 718 3161 sepulcro:
740 3111 954 3149 secundum
973 3111 1065 3149 illud
1079 3112 1182 3148 Ioan.
1193 3111 1255 3148 v*:

220 3272 224 3275 ⁴
255 3258 284 3292 α)
301 3258 429 3284 excelsos.
446 3271 465 3276 -
482 3257 603 3283 excelsus
621 3256 699 3283 PIsG.

1316 1439 1450 1476 Omnes
1469 1441 1532 1488 qui
1548 1441 1584 1475 in
1605 1442 1848 1476 monumentis
1862 1447 1955 1486 sunt,
1971 1441 2118 1478 audient
2135 1453 2262 1479 vocem
2275 1443 2363 1478 Filii

1310 1492 1392 1537 Dei,
1413 1497 1446 1527 et
1473 1493 1537 1540 qui
1562 1492 1754 1538 audierint,
1783 1494 1912 1530 vivent.

1363 1542 1506 1590 Tertio,
1526 1544 1575 1580 ad
1603 1545 1823 1592 exemplum
1849 1556 1984 1581 eorum
2012 1545 2078 1594 qui
2105 1558 2174 1595 per
2195 1554 2359 1584 mortem

1312 1594 1450 1632 Christi
1478 1595 1716 1644 spiritualiter
1742 1596 1958 1634 moriuntur
1978 1598 2152 1646 peccatiS‚
2172 1598 2238 1647 qui
2265 1599 2359 1636 scili—

1310 1655 1368 1684 cet
1382 1647 1655 1684 absconduntur
1668 1661 1692 1685 a
1705 1650 1982 1686 conturbatione
1998 1651 2189 1687 hominum
2198 1650 2228 1687 *.
2249 1651 2359 1688 Unde

1310 1699 1446 1736 dicitur
1468 1700 1604 1736 Coloss.
1621 1712 1653 1736 111
1666 1700 1702 1736 *ε
1728 1702 1874 1737 Mortui
1891 1703 1981 1748 estis,
2002 1708 2035 1738 et
2052 1704 2126 1740 vita
2144 1709 2263 1740 vestra
2282 1705 2359 1740 abs-

1310 1752 1456 1788 condita
1475 1758 1525 1788 est
1543 1764 1627 1788 cum
1650 1753 1793 1789 Christo
1812 1755 1849 1789 in
1869 1754 1960 1790 Deo.
1990 1754 2100 1791 Unde
2119 1762 2155 1790 et
2173 1755 2358 1804 baptizati,

1311 1804 1378 1853 qui
1396 1816 1466 1853 per
1483 1812 1648 1840 mortem
1668 1804 1805 1842 Christi
1824 1805 2040 1842 moriuntur
2059 1806 2232 1855 peccatis,
2252 1807 2360 1856 quasi

1311 1856 1621 1904 consepeliuntur
1641 1856 1789 1893 Christo
1808 1869 1878 1905 per
1895 1856 2197 1895 immersionem:
2228 1871 2360 1896 secun-

1310 1907 1407 1945 dum
1425 1907 1518 1944 illud
1535 1909 1645 1944 Rom.
1665 1920 1699 1945 Vl
1718 1908 1754 1945 *ε
1779 1910 1989 1957 Consepulti
2005 1922 2130 1947 sumus
2150 1923 2234 1947 cum
2257 1912 2360 1948 Chri-

1309 1966 1363 1997 sto
1385 1972 1458 2010 per
1485 1962 1705 2009 baptismum
1731 1962 1769 1997 in
1797 1967 1964 1998 mortem.
2356 2007 2358 2010 Ι

1363 2013 1420 2049 AD
1439 2024 1574 2050 PRIMUM
1587 2024 1685 2050 ERGO
1704 2025 1884 2050 DICENDUM
1902 2014 2008 2062 quod
2024 2013 2196 2051 Christus
2215 2015 2328 2053 etiam
2347 2014 2362 2045 β

1311 2065 1480 2114 sepultus
1509 2064 1672 2101 ostendit
1690 2077 1730 2101 se
1748 2064 1845 2101 inter
1862 2073 2035 2102 mortuos
2054 2065 2217 2104 liberum
2234 2067 2359 2115 fuisse,

1311 2116 1351 2153 in
1370 2117 1445 2153 hoc
1463 2117 1570 2165 quod
1587 2128 1657 2166 per
1680 2116 1931 2154 inclusionem
1958 2118 2118 2166 sepulcri
2141 2131 2221 2155 non
2238 2119 2362 2168 potuit

1311 2168 1486 2218 impediri
1514 2168 1608 2218 quin
1635 2169 1684 2206 ab
1712 2180 1758 2205 eo
1786 2170 2018 2217 resurgendo
2046 2170 2210 2207 exiverit.

1362 2222 1420 2258 An
1439 2233 1626 2258 SECUNDUM
1645 2233 1824 2258 mci-:NDUM
1844 2222 1961 2270 quod,
1982 2221 2077 2258 sicut
2096 2222 2233 2259 Christi
2256 2236 2360 2262 mors

1311 2273 1516 2310 efficienter
1544 2281 1698 2322 operata
1716 2281 1772 2310 est
1789 2281 1959 2310 nostram
1986 2275 2157 2322 salutem,
2178 2274 2228 2312 ita
2246 2275 2360 2313 etiam

1311 2333 1347 2362 et
1375 2325 1456 2362 eius
1485 2326 1688 2375 sepultura.
1717 2326 1828 2363 Unde
1854 2325 2114 2375 Hieronymus
2133 2326 2231 2374 dicit,
2250 2340 2361 2377 super

1309 2380 1436 2416 Marc.
1456 2377 1496 2414 *ε
1526 2378 1719 2427 Sepultura
1748 2379 1882 2414 Christi
1907 2380 2144 2428 resurgimus.
2173 2380 2222 2416 Et
2243 2380 2359 2417 Isaiae

1311 2443 1380 2476 Lm,
1400 2442 1515 2479 super
1541 2429 1633 2467 illud
1652 2429 1682 2478 ³¹⁸,
1711 2431 1822 2467 Dabit
1840 2431 1969 2480 impios
1990 2443 2064 2480 pro
2087 2431 2284 2480 sepultura,
2304 2431 2358 2469 di-

1310 2482 1359 2519 cit
1378 2483 1513 2520 Glossa
1530 2481 1568 2519 *z
1599 2482 1705 2519 idest:
1727 2483 1868 2529 Gentes,
1889 2494 1983 2531 quae
1999 2484 2077 2519 sine
2089 2485 2223 2532 pietate
2241 2490 2356 2530 erant,
2384 2518 2396 2528 ,

1309 2536 1390 2572 Deo
1417 2536 1591 2584 Patrique
1613 2535 1729 2581 dabit,
1759 2537 1844 2583 quia
1869 2541 2033 2572 mortuus
2061 2541 2094 2571 et
2116 2536 2273 2584 sepultus
2297 2548 2358 2573 eos
2385 2544 2395 2554 ⁴

1309 2600 1356 2625 ac
1380 2589 1508 2625 uisivit.

1357 2601 1419 2677 qm>
1433 2651 1591 2677 TERTmM
1613 2651 1792 2677 DICENDUM
1811 2640 1929 2688 quod,
1945 2639 2039 2676 sicut
2057 2639 2191 2676 dicitur
2205 2639 2243 2676 in
2262 2652 2356 2688 quo-

1311 2692 1401 2731 dam
1435 2693 1621 2730 Sermone
1650 2691 1808 2728 Concilii
1842 2691 2025 2741 Ephesini
2042 2691 2078 2738 ³¹⁸,
2109 2692 2199 2728 nihil
2224 2693 2357 2729 horum
2384 2726 2397 2741 ο

1310 2757 1405 2795 quae
1430 2745 1573 2782 salvant
1599 2746 1783 2790 homines,
1812 2745 1987 2780 iniuriam
2013 2745 2094 2780 Deo
2110 2745 2230 2792 facit.-
2265 2756 2358 2793 quae
2393 2752 2435 2793 ἦξε
2451 2752 2489 2767 ‘⁸¹¹

1310 2797 1500 2834 ostendunt
1535 2809 1639 2843 eum,
1673 2808 1747 2832 non
1778 2795 2009 2845 passibilem,
2036 2796 2101 2832 sed
2133 2796 2356 2832 clementem.

1310 2850 1359 2887 Et
1385 2849 1425 2886 in
1452 2849 1525 2886 alio
1559 2849 1745 2886 Sermone
1773 2847 1943 2885 eiusdem
1974 2847 2133 2884 Concilii
2168 2847 2301 2896 legitur
2318 2847 2355 2884 *z

1309 2901 1416 2940 Nihil
1429 2907 1533 2951 putat
1560 2903 1734 2937 iniuriam
1752 2901 1852 2936 Deus
1879 2900 1978 2949 quod
2002 2905 2052 2936 est
2069 2901 2213 2937 occasio
2235 2900 2358 2936 salutis

1309 2955 1526 2991 hominibus.
1559 2955 1615 2990 Tu
1634 2952 1778 3002 quidem
1797 2964 1871 2989 non
1890 2954 1939 2988 ita
1966 2952 2074 2989 vilem
2093 2952 2166 2988 Dei
2186 2957 2358 2989 naturam

1310 3007 1509 3051 arbitreris,
1529 3011 1705 3054 tanquam
1733 3016 1828 3053 quae
1845 3004 2042 3053 aliquando
2069 3005 2228 3042 subiecta
2245 3005 2359 3053 possit

1311 3070 1387 3095 esse
1413 3069 1565 3094 miurus.

1363 3255 1388 3289 β)
1406 3255 1495 3281 etiam.
1513 3268 1533 3274 -
1550 3255 1610 3281 Om.
1628 3256 1653 3280 H
1672 3260 1696 3281 et
1714 3255 1847 3280 editiones.
1866 3255 1916 3280 Pro
1934 3256 2058 3285 ostendit,
2074 3257 2181 3290 fatetur
2199 3261 2259 3290 post
2272 3257 2360 3290 fuisse

1310 3291 1444 3317 editiones.
1462 3304 1481 3310 —
1497 3290 1613 3316 exiverit
1631 3290 1664 3322 Ρ;
1683 3291 1772 3316 exiret
1789 3290 1818 3321 F,
1837 3290 1923 3315 exivit
1940 3291 2025 3316 ceteri.

871 3378 1203 3412 commentaria
1223 3377 1476 3410 Cardinalis
1496 3377 1696 3410 Caietam

135 3458 147 3471 ⁴³
208 3474 371 3540 Tffls
395 3466 506 3497 clarus.
529 3483 552 3488 -
574 3465 610 3496 In
633 3474 767 3505 corpore
796 3474 861 3495 una
888 3465 1070 3495 conclusio:
1098 3464 1297 3495 Conveniens
1319 3464 1393 3505 fuit
1415 3464 1574 3495 Christum
1596 3465 1734 3505 sepeliri.
1769 3464 1922 3494 Probatur
1943 3464 2112 3505 tripliciter.
2148 3464 2264 3497 Omnia
2287 3470 2361 3495 sunt

2387 1657 2585 1683 ·Ps.xxx,vers.2¹
2592 1674 2597 1678 .

2387 1713 2397 1723 ⁸
2411 1711 2477 1733 Vers.
2490 1718 2510 1740 3.

2390 1919 2399 1929 ·
2413 1918 2477 1940 Vere.
2492 1925 2515 1944 4.

2387 2387 2397 2396 ⁸
2421 2386 2544 2408 comment.
2571 2386 2595 2407 in

2386 2418 2406 2433 s.
2429 2411 2520 2439 Mam,
2544 2418 2594 2459 ‘¹³:³9ss

2385 2444 2523 2512 ἶὲἱέῐνὸρρ.
2537 2454 2593 2485 Hie-

2471 2530 2521 2563 sin'e
2531 2547 2593 2563 nom.

2385 2854 2593 2907 ‘Tiss’gflatfiiss'eyssz

2385 2905 2465 2927 homil.
2473 2905 2508 2927 011.
