2872 3970
375 204 470 230 XXXII

498 273 727 321 Halensis;
761 273 880 313 Sum.
925 273 1065 313 Theol.
1100 278 1204 326 part.
1239 273 1308 320 III,
1344 285 1413 325 qu.
1451 283 1537 320 V111,
1572 271 1728 312 memb.
1765 273 1806 321 3,
1839 279 1912 315 art.
1952 286 2005 315 2:
2045 291 2064 312 ‹
2093 275 2266 316 Contra.
2291 276 2559 324 Psal.xxx11,

373 337 483 376 Fiat
511 335 805 376 misericordia
838 337 925 381 tua,
949 334 1145 382 Domine,
1180 336 1311 388 super
1341 346 1429 380 nos,
1455 333 1815 394 quemadmodum
1845 336 2117 390 speravimus
2148 337 2192 377 in
2225 340 2275 377 te.
2311 337 2561 379 Secundum

376 398 590 444 Glossam,
625 396 692 437 hic
736 397 972 437 insinuatur
1014 395 1275 436 desiderium
1318 394 1559 449 Prophetae
1604 394 1657 435 de
1700 396 2001 446 incarnatione,
2044 404 2085 439 et
2117 399 2314 439 meritum
2354 399 2561 454 adimple—

374 459 533 499 tionis.
550 459 752 507 Primum,
789 471 886 498 cum
926 457 1047 506 dicit,
1082 458 1191 498 Fiat
1224 455 1520 498 misericordia
1553 459 1646 504 tua,
1680 457 1881 506 Domine,
1915 461 2049 514 super
2081 472 2188 508 nos,·
2225 460 2340 501 unde
2375 459 2560 502 Glossa:

372 521 722 570 Incarnationem
753 519 974 560 desiderat
1011 519 1185 573 impleri
1212 519 1445 573 Propheta.
1489 517 1741 559 Secundum
1775 519 1846 568 ibi,
1883 493 2256 572 Quemadmodum
2292 523 2564 577 speravimus

374 582 418 624 in
452 585 492 623 te
507 598 523 631 ,·
556 582 670 623 unde
706 582 885 622 Glossa:
922 580 1307 633 Quemadmodum,
1334 579 1384 620 id
1401 582 1472 627 est,
1501 579 1597 631 Quo
1630 581 1780 621 merito
1796 580 1820 621 ?
1851 582 1982 635 quasi
2009 583 2071 624 ita
2087 583 2188 636 fiat,
2215 587 2259 624 et
2278 586 2461 639 propter
2483 584 2563 625 hoc

357 646 459 698 fiat,
495 646 598 699 quia
629 644 902 700 speravimus
933 643 977 683 in
1010 645 1058 690 te,
1095 654 1179 682 non
1212 643 1256 682 in
1290 642 1377 682 alio
1404 657 1440 681 ›.

498 708 567 748 Ex
609 707 767 762 quibus
816 703 1163 747 concludendum
1211 703 1382 744 videtur
1425 702 1470 744 S.
1506 703 1723 744 Thomam
1767 705 1902 746 verba
1943 705 2176 761 adoptasse
2223 707 2443 757 Halensis,
2489 709 2563 762 qui

373 769 613 811 Lombardi
644 770 839 825 glossam
873 767 1009 809 refert.

448 924 451 927 ,
500 892 582 944 Qu.
617 904 673 940 111,
708 897 783 932 art.
819 893 859 939 6,
895 904 984 945 arg.
1021 891 1076 930 3:
1117 904 1135 926 ‹
1164 890 1463 929 Damascenus
1508 888 1608 929 dicit
1650 889 1692 929 in
1725 890 1782 930 III
1816 889 1938 938 libro,
1984 895 2026 930 et
2067 891 2340 946 Augustinus
2381 892 2425 933 in
2462 894 2479 933 I
2513 893 2565 934 de

383 955 600 1001 Trinitate,
637 952 757 1007 quod
792 966 845 992 ex
879 951 1170 992 incarnatione
1204 950 1300 991 Filii
1333 950 1417 991 Dei
1452 951 1741 1005 consequitur,
1777 951 1898 1005 quod
1931 951 2143 1006 quidquid
2181 953 2332 994 dicitur
2365 954 2419 995 de
2453 955 2563 996 Filio

374 1017 470 1064 Dei,
513 1015 664 1056 dicitur
707 1014 761 1055 de
803 1014 914 1054 Filio
964 1013 1164 1062 hominis,
1204 1019 1247 1053 et
1284 1025 1307 1053 e
1341 1025 1556 1054 converso
1585 1029 1620 1054 ».
1669 1013 1714 1054 S.
1749 1012 1943 1054 Thomas
1989 1014 2267 1056 Damasceno
2315 1015 2433 1057 idern·
2479 1017 2563 1058 iam

374 1078 670 1132 adscripscrat,
706 1077 762 1116 III
796 1076 924 1123 Sent.,
962 1075 1056 1116 dist.
1094 1087 1163 1124 vn,
1199 1088 1268 1128 qu.
1304 1087 1344 1123 11,
1379 1081 1454 1116 art.
1491 1087 1530 1123 2,
1565 1089 1653 1130 arg.
1690 1076 1729 1116 3.

500 1140 602 1180 Non
636 1138 727 1179 istis
765 1138 911 1178 verbis
945 1150 1198 1192 expressum
1232 1136 1446 1178 invenitur
1478 1137 1593 1191 apud
1627 1137 1949 1178 Damascenum
1982 1143 2025 1178 et
2057 1138 2364 1194 Augustinum,
2399 1139 2477 1180 sed
2509 1140 2565 1181 ad

360 1215 552 1245 ,sensum
586 1207 762 1242 tantum.
800 1200 1030 1242 Gualterus
1064 1199 1118 1240 de
1151 1198 1407 1240 Mauritania
1438 1199 1522 1240 hoc
1556 1199 1717 1240 dictum
1750 1199 1990 1240 Ambrosio
2023 1200 2224 1250 attribuit,
2247 1207 2294 1241 ut
2320 1201 2477 1242 videre
2502 1207 2568 1242 est

377 1264 491 1319 apud
532 1264 584 1304 D'
605 1264 858 1318 Argentree,
900 1261 953 1302 de
983 1262 1122 1302 Novis
1159 1261 1409 1309 Erroribus,
1445 1275 1484 1316 p.
1522 1273 1592 1314 29,
1628 1261 1683 1302 ad
1715 1274 1782 1303 an.
1824 1273 1950 1313 1140.
1986 1285 2045 1292 -——-
2080 1262 2142 1303 Cf.
2177 1263 2294 1312 infra,
2330 1269 2477 1305 notam
2511 1263 2566 1304 ad

378 1340 448 1380 qu.
483 1338 523 1374 x,
559 1331 633 1366 art.
677 1338 710 1373 1,
747 1338 835 1379 arg.
872 1325 912 1365 3.

502 1439 585 1491 Qu.
620 1449 675 1486 IV,
711 1443 784 1478 art.
812 1449 851 1486 2,
882 1450 970 1492 arg.
995 1438 1050 1478 3:
1091 1452 1109 1474 ‹
1138 1437 1413 1492 Innocentius
1447 1438 1503 1478 III
1539 1437 1640 1478 dicit
1672 1437 1714 1478 in
1748 1437 1936 1491 quadam
1970 1438 2197 1487 Decretali,
2231 1439 2351 1493 quod
2375 1443 2567 1495 persona

375 1502 466 1542 Dei
494 1499 757 1554 consumpsit
777 1501 1013 1553 personam
1046 1498 1233 1539 hominis
1261 1515 1295 1539 ».

503 1562 548 1603 S.
582 1562 662 1602 Th.
698 1561 754 1602 111
789 1561 916 1609 Sent„
954 1560 1049 1601 dist.
1087 1572 1126 1609 v,
1163 1574 1233 1614 qu.
1267 1573 1324 1609 111,
1358 1566 1433 1602 art.
1468 1561 1508 1609 3,
1543 1574 1631 1616 arg.
1668 1573 1721 1612 4:
1756 1561 1861 1602 dicit
1888 1562 2159 1603 Innocentius
2190 1563 2262 1603 Ill
2290 1563 2440 1618 (Piana
2470 1563 2547 1606 IV
2551 1567 2564 1620 )

377 1626 422 1665 in
456 1625 624 1665 Decret.

503 1685 779 1726 Innocentius
801 1684 842 1723 V
865 1684 1021 1738 pariter
1054 1684 1095 1725 in
1118 1685 1175 1724 III
1199 1685 1326 1732 Sent„
1365 1684 1459 1725 dist.
1486 1697 1526 1731 v,
1551 1697 1622 1738 qu.
1646 1696 1688 1732 11,
1712 1690 1786 1726 art.
1813 1697 1851 1733 2,
1876 1698 1966 1740 arg.
1990 1697 2030 1736 4,
2054 1685 2153 1726 citat
2178 1687 2475 1730 Innocentium
2497 1688 2566 1730 111.

504 1749 551 1788 B.
577 1747 783 1787 Albertus
817 1746 1017 1801 Magnus,
1052 1747 1108 1786 III
1143 1747 1270 1794 Sent.,
1307 1746 1402 1787 dist.
1439 1757 1479 1794 V,
1514 1751 1588 1786 art.
1621 1758 1686 1795 12,
1721 1760 1810 1802 arg.
1849 1760 1896 1787 1:
1931 1747 2150 1788 Dicebant
2177 1748 2354 1801 quidam
2387 1751 2565 1805 antiqui,

379 1809 497 1865 quod
515 1812 707 1864 persona
739 1821 823 1848 non
857 1809 1094 1863 assumpsit
1113 1811 1360 1862 personam,
1395 1809 1476 1849 sed
1501 1808 1765 1862 consumpsit
1792 1821 1900 1850 eam.

506 1871 746 1912 Gulielmus
780 1870 1188 1918 Autissiodorensis,
1223 1870 1430 1912 Summae
1462 1870 1533 1911 lib.
1568 1870 1636 1918 III,
1671 1876 1788 1911 tract.
1822 1871 1852 1919 Ι,
1887 1883 1976 1925 cap.
1999 1883 2026 1919 1,
2061 1885 2133 1926 qu.
2157 1884 2256 1914 v111:
2289 1874 2341 1914 In
2373 1874 2569 1916 Nicaeno

387 1934 571 1975 Concilio
602 1932 768 1980 dicitur,
805 1931 923 1985 quod
950 1932 994 1972 in
1026 1932 1330 1973 Jncarnatione
1362 1932 1472 1973 Filii
1490 1935 1683 1986 persona
1716 1933 1980 1987 consumpsit
2006 1935 2253 1988 personam,
2287 1947 2372 1976 non
2404 1939 2568 1978 natura

380 1999 600 2037 naturam.

506 2056 719 2104 Halensis,
764 2056 971 2096 Summae
1012 2061 1115 2110 part.
1151 2056 1220 2103 ΙΙΙ,
1256 2069 1325 2110 qu.
1361 2067 1418 2103 v1,
1452 2061 1527 2096 art
1563 2067 1603 2107 4,
1638 2055 1680 2096 in
1713 2057 2006 2111 argumentis·
2053 2058 2104 2098 ln
2137 2058 2333 2100 Nicaeno
2371 2060 2565 2108 Concilio,

382 2119 531 2174 inquit,
565 2117 725 2158 dicitur
755 2117 872 2171 quod
899 2118 943 2157 in
975 2118 1281 2158 lncarnatione
1306 2119 1496 2171 persona
1529 2118 1793 2172 consumpsit
1811 2121 2061 2172 personam.

507 2181 690 2221 Ioannes
725 2179 983 2227 Cornubius‚
1017 2180 1088 2219 De
1125 2179 1263 2219 Verbo
1295 2180 1531 2226 incarnato,
1568 2193 1639 2233 qu,
1664 2191 1723 2220 V11
1756 2179 1969 2236 (Mignet.
1995 2181 2187 2230 CXCIX,
2223 2183 2302 2224 col,
2330 2184 2449 2238 302),
2483 2184 2569 2226 iam

383 2250 508 2284 antea
557 2242 745 2282 dixerat:
798 2258 816 2279 «
847 2241 974 2282 Unde
1017 2241 1222 2295 scriptum
1262 2247 1352 2282 est:
1400 2242 1581 2282 Natura
1626 2244 1834 2283 naturam
1874 2255 1959 2283 non
2001 2245 2226 2313 consumit
2269 2245 2351 2286 sed
2377 2248 2569 2300 persona

374 2308 621 2359 personam,
659 2303 759 2357 quia
793 2316 952 2343 nomen
986 2303 1087 2343 iuris
1121 2309 1232 2343 est»

508 2365 750 2406 Concilium
784 2364 1152 2413 Francfordiense,
1186 2378 1252 2404 an.
1281 2375 1381 2417 794,
1416 2364 1459 2404 in
1492 2364 1688 2419 Epistola
1721 2365 1943 2418 Synodica
1975 2366 2030 2406 ad
2064 2367 2308 2422 Episcopos
2343 2369 2506 2410 Galliae
2529 2375 2571 2411 et

385 2427 640 2469 Germaniae
665 2426 874 2480 (Labbaei
907 2432 1010 2467 tom.
1035 2427 1128 2475 VII,
1160 2425 1290 2479 1040)
1315 2426 1413 2466 citat
1435 2426 1713 2467 Paschasium
1746 2427 2013 2476 Diaconum;
2043 2428 2157 2482 apud
2190 2442 2320 2483 quem
2343 2430 2567 2480 invenitur,

383 2490 479 2530 Lib.
504 2490 540 2529 II
563 2488 614 2529 de
638 2488 804 2542 Spiritu
837 2489 1005 2535 Sancto,
1032 2502 1121 2542 cap.
1145 2499 1211 2528 1v:
1246 2489 1450 2535 Persona,
1482 2487 1593 2536 dicit,
1609 2491 1844 2544 personam
1877 2502 2125 2530 consumere
2146 2493 2298 2560 potest,
2325 2492 2569 2535 substantia

382 2565 483 2592 vero
514 2550 803 2591 substantiam
836 2563 1083 2590 consumere
1114 2562 1198 2590 non
1222 2552 1375 2604 potest.
1410 2550 1624 2603 Loquitur
1657 2551 1710 2591 de
1744 2550 1904 2592 unitate
1937 2565 2149 2605 personae
2182 2553 2224 2593 in
2259 2553 2446 2594 Christo.

507 2613 600 2653 Nec
634 2612 676 2652 in
710 2611 831 2652 Actis
867 2611 1047 2652 Concilii
1081 2611 1270 2660 Nicaeni,
1306 2612 1398 2652 sive
1431 2612 1574 2659 Primi,
1598 2612 1690 2653 sive
1718 2612 1920 2660 Secundi,
1945 2613 2055 2654 sicut
2087 2614 2229 2655 necin
2252 2615 2489 2657 Innocentii
2512 2617 2569 2658 111

386 2688 463 2715 nec
497 2674 734 2715 Innocentii
768 2674 828 2713 IV
862 2673 1161 2714 Decretalibus
1194 2674 1341 2714 litteris
1374 2673 1598 2714 invenitur.

512 2797 593 2849 Qu.
630 2809 700 2845 vn,
735 2803 808 2837 art.
851 2810 916 2844 11,
951 2796 1005 2836 ad
1046 2809 1095 2836 1:
1136 2812 1153 2833 «
1182 2796 1283 2836 Alio
1318 2796 1451 2836 modo
1485 2802 1629 2850 potest
1661 2797 1803 2838 referri
1837 2797 1954 2851 (illud
1987 2799 2104 2839 Ioan.
2139 2812 2195 2848 m,
2229 2800 2331 2840 Non
2366 2801 2481 2842 enim
2509 2800 2575 2842 ad

387 2872 636 2899 mensuram
669 2858 748 2899 dat
775 2859 898 2899 Deus
930 2858 1155 2912 Spiritum)
1190 2858 1244 2898 ad
1279 2857 1442 2898 donum
1476 2858 1595 2912 quod
1630 2858 1776 2900 datum
1805 2865 1870 2900 est
1891 2859 2104 2904 humanae
2138 2867 2312 2903 naturae
2335 2868 2382 2903 ut
2401 2862 2570 2904 uniatur

390 2921 560 2961 divinae
594 2934 832 2974 personae;
868 2920 987 2974 quod
1022 2921 1149 2960 etiam
1182 2926 1247 2960 est
1280 2919 1443 2960 donum
1478 2920 1708 2969 infinitum;
1743 2921 1858 2962 unde
1897 2922 2056 2962 Glossa
2094 2922 2195 2963 dicit
2231 2923 2413 2964 ibidem:
2447 2923 2573 2964 Sicut

388 2984 525 3023 Pater
546 2983 725 3036 plenum
749 2984 789 3022 et
801 2981 1045 3036 perfectum
1072 2982 1228 3035 genuit
1252 2981 1449 3029 Verbum,
1473 2982 1535 3022 sic
1547 2982 1728 3036 plenum
1751 2986 1794 3023 et
1802 2983 2046 3038 perfectum
2068 2988 2133 3025 est
2150 2985 2318 3026 unitum
2348 2985 2569 3026 humanae

389 3047 574 3085 naturae
602 3061 635 3083 ».

513 3106 614 3145 Non
648 3104 800 3145 iisdem
834 3105 1011 3145 omnino
1045 3106 1190 3146 verbis
1225 3106 1383 3147 Glossa
1416 3105 1653 3154 Ordinaria,
1677 3119 1789 3160 quae
1822 3107 1883 3148 sic
1917 3108 2119 3162 exponit:
2158 3123 2178 3145 ‹
2204 3107 2325 3148 Sicut
2352 3113 2489 3149 totum
2514 3121 2567 3149 ex

390 3167 534 3221 seipso
569 3172 661 3206 toto
695 3166 845 3221 genuit
877 3166 1033 3206 Filium
1067 3180 1205 3216 suum,
1240 3168 1297 3208 ita
1330 3168 1547 3209 incarnato
1571 3168 1681 3209 Filio
1715 3181 1795 3209 suo
1829 3175 1968 3210 totum
1990 3169 2194 3224 Spiritum
2227 3180 2352 3210 suurn
2385 3169 2565 3211 dedit».

514 3228 671 3268 Paulus
715 3227 963 3282 Burgensis,
1009 3227 1063 3268 ad
1107 3230 1343 3284 marginem
1377 3244 1402 3269 a
1442 3230 1567 3270 nobis
1612 3230 1774 3279 citatus,
1817 3231 1860 3271 in
1902 3230 2121 3271 additione
2157 3241 2202 3270 111
2237 3230 2292 3270 ad
2333 3231 2564 3284 Lyranum,

393 3289 573 3330 eandem
607 3289 811 3344 glossam,
837 3289 968 3329 immo
994 3295 1035 3329 et
1058 3289 1149 3342 ipsa
1182 3292 1236 3331 D.
1261 3291 1458 3332 Thomae
1480 3292 1613 3332 verba
1636 3306 1746 3346 quae
1769 3292 2039 3347 praecedunt,
2061 3291 2207 3345 paucis
2241 3292 2412 3332 mutatis
2434 3292 2564 3333 affert.

393 3351 520 3391 Unde
555 3350 763 3391 coniicere
796 3351 893 3391 licet
925 3350 1065 3404 ipsum
1098 3364 1123 3390 a
1157 3351 1200 3392 S.
1237 3353 1429 3394 Doctore
1463 3353 1853 3407 interpretationem
1886 3353 1944 3394 ibi
1977 3353 2145 3393 allatam
2185 3359 2423 3394 mutuatum
2457 3366 2563 3394 esse.

518 3471 599 3524 Qu.
635 3484 719 3519 vm,
755 3478 828 3512 art.
864 3474 904 3520 3,
941 3473 1182 3512 Comment.
1219 3485 1426 3514 numm:
1467 3491 1485 3511 «
1513 3474 1729 3528 Scriptum
1763 3475 1984 3523 estenim,
2015 3474 2135 3529 quod
2166 3475 2212 3515 in
2243 3474 2412 3529 inferno
2443 3475 2565 3516 nulla

394 3535 458 3573 est
488 3532 717 3587 redemptio
745 3550 778 3573 ».
