2872 3970
272 1081 281 1091 ⁸
287 1080 384 1102 Aristor.
390 1080 435 1101 loc.
443 1079 480 1101 cit.

270 1107 293 1127 in
308 1112 371 1134 corp.
386 1110 426 1128 art.

270 1341 388 1389 ¹nffi'dqu
410 1346 480 1368 xxvn,

511 292 584 331 352

1183 409 1515 443 commentaria
1537 407 1787 441 cardinatis
1808 408 2010 441 Caietam

564 510 605 531 ao
633 501 692 530 hac
722 499 925 550 quaestione,
955 498 988 528 in
1023 497 1116 527 titulo
1144 496 1239 536 primi
1269 494 1410 530 articuli,
1438 477 1570 524 notandi

513 511 562 573 P
566 550 639 575 sunt
666 543 792 574 termini
819 551 942 573 omnes.
977 541 1018 572 Et
1046 540 1203 581 primum,
1228 538 1318 579 quod
1341 537 1494 569 nativitas
1519 546 1572 568 su-

509 591 606 620 mitur
637 588 765 628 proprie
794 593 824 617 et
853 585 1044 620 formaliter,
1074 589 1111 614 ut
1141 583 1284 614 continet
1312 581 1508 612 nativitatem
1538 581 1572 611 in

507 639 600 664 utero
635 637 666 662 et
687 631 883 662 nativitatem
910 639 947 660 ex
974 634 1076 659 utero.
1111 627 1156 658 Ita
1183 626 1272 677 quod
1294 635 1363 656 non
1389 625 1571 656 tractabitur

509 678 616 708 solum
639 675 678 706 de
701 675 862 705 nativitate
886 683 924 703 ex
946 678 1056 708 utero,
1087 671 1143 702 sed
1165 671 1261 701 etiam
1284 669 1324 700 de
1345 669 1508 700 nativitate
1537 669 1572 699 in

509 727 618 752 utero:
653 725 688 750 ut
719 724 872 749 testantur
904 717 1047 757 quinque
1077 715 1171 756 primi
1199 713 1321 744 articuli
1351 713 1446 743 huius
1475 722 1572 752 quae-

510 765 630 795 stionis.

563 809 620 839 Est
643 813 750 838 autem
773 804 947 835 differentia
970 805 1051 834 inter
1066 802 1314 842 conceptionem
1330 806 1360 831 et
1375 800 1572 831 nativitatem

509 853 542 883 in
565 858 656 883 utero
681 849 837 881 formalis.
862 849 937 888 quia
953 847 1123 887 conceptio
1147 845 1318 876 attenditur
1335 853 1434 884 penes
1450 844 1572 884 captio-

509 904 583 926 nem
607 895 651 925 rei
675 893 714 924 ad
730 893 976 932 concipientem,
1001 900 1039 921 ex
1054 891 1117 920 hoc
1133 890 1220 920 enim
1236 888 1350 919 dicitur
1365 888 1480 919 mulier
1495 896 1572 918 con-

509 940 614 980 cipere
643 937 732 978 quod
754 936 851 967 simul
873 934 959 976 apud
982 944 1016 965 se
1039 933 1125 974 capit
1150 930 1240 973 quod
1262 931 1481 973 generandum
1505 937 1571 968 est;

508 984 652 1014 nativitas
678 986 785 1012 autem
809 979 979 1010 attenditur
1007 984 1107 1019 penes
1130 984 1292 1017 egressum
1315 986 1333 1006 a
1355 981 1502 1017 parente;
1534 985 1572 1006 ex

508 1028 571 1058 hoc
594 1027 681 1057 enim
706 1035 756 1055 res
778 1024 865 1055 nasci
888 1023 1003 1054 dicitur
1033 1021 1123 1062 quod
1146 1021 1185 1052 ad
1207 1026 1354 1052 naturam
1379 1021 1518 1061 pergit,
1525 1026 1573 1051 est

509 1071 594 1102 enim
618 1070 670 1101 via
694 1070 726 1100 in
751 1073 903 1099 naturam
918 1068 945 1097 ’ἢ
969 1065 1064 1098 Unde
1077 1066 1223 1096 nativitas
1245 1070 1323 1096 tunc
1330 1064 1478 1115 perfecte
1494 1074 1572 1095 con-

508 1120 664 1145 summata
681 1119 736 1150 est,
754 1112 884 1153 quando
901 1121 938 1142 ex
954 1116 1046 1141 utero
1062 1109 1169 1150 proles
1185 1109 1261 1140 exit:
1282 1109 1358 1149 quia
1373 1113 1451 1140 tunc
1465 1109 1572 1149 primo

508 1158 690 1199 adipiscitur
720 1157 883 1207 propriam
905 1160 1051 1186 naturam
1082 1159 1118 1184 ut
1141 1163 1190 1184 res
1220 1153 1355 1184 omnino
1385 1158 1527 1194 separata
1555 1162 1572 1182 a

508 1209 624 1239 matre;
644 1201 787 1242 quandiu
811 1201 897 1230 enirn
921 1204 968 1230 est
988 1198 1023 1229 in
1047 1203 1138 1229 utero
1162 1197 1280 1238 proles,
1304 1202 1351 1228 est
1369 1196 1490 1237 aliquid
1505 1206 1572 1227 ma-

507 1248 571 1277 tris.
591 1247 632 1277 Et
646 1251 816 1286 propterea
831 1250 907 1275 tunc
924 1243 1107 1283 simpliciter
1123 1247 1154 1272 et
1169 1242 1315 1272 absolute
1331 1240 1468 1272 dicimus
1482 1239 1573 1282 quod

507 1292 608 1321 homo
631 1295 724 1320 natus
747 1294 803 1319 est.

563 1335 722 1365 Tractavit
746 1343 820 1373 ergo
844 1333 967 1362 Auctor
994 1331 1081 1371 prius
1105 1330 1145 1361 de
1169 1329 1287 1361 Christi
1309 1330 1523 1370 conceptione
1539 1330 1572 1366 *,

509 1384 540 1409 et
562 1388 649 1409 nunc
672 1378 711 1408 de
734 1378 911 1408 nativitate·
944 1382 1014 1406 tum
1045 1375 1120 1416 quia
1148 1374 1237 1414 prius
1261 1373 1490 1404 consideranda
1512 1373 1573 1404 fuit

507 1424 586 1453 ratio
610 1422 841 1462 conceptionis,
866 1426 897 1451 et
919 1426 1031 1460 postea
1053 1419 1232 1455 nativitatis,
1256 1418 1291 1448 in
1309 1427 1376 1448 uno
1401 1423 1433 1448 et
1455 1417 1572 1448 eodem

507 1476 620 1517 opere,
650 1476 716 1506 quo
748 1471 923 1505 conceptus
954 1470 984 1495 et
1011 1468 1104 1494 natus
1128 1468 1174 1493 est
1203 1463 1237 1493 ιιι
1260 1467 1370 1499 utero;
1402 1467 1473 1492 tum
1496 1462 1572 1502 quia

507 1511 651 1541 nativitas
679 1509 863 1550 simpliciter
890 1514 921 1539 et
945 1507 1089 1538 absolute
1112 1511 1314 1547 nuncupata,
1346 1515 1429 1546 quae
1452 1505 1572 1536 scilicet

508 1561 553 1585 est
577 1564 615 1585 ex
638 1560 730 1584 utero
755 1553 854 1593 (unde
877 1558 1026 1583 tractatus
1048 1552 1106 1582 iste
1130 1551 1386 1601 denominatur),
1414 1550 1572 1601 posterior

507 1605 553 1629 est
577 1599 711 1628 omnino
735 1598 958 1637 conceptione.
990 1596 1031 1626 Et
1053 1595 1099 1626 fas
1122 1595 1182 1626 fuit
1211 1601 1247 1625 ut
1270 1595 1303 1625 in
1326 1594 1484 1634 principio
1510 1599 1572 1624 tra-

507 1649 608 1673 ctatus
632 1642 671 1673 de
694 1642 855 1672 nativitate
878 1641 1081 1671 inchoaretur
1104 1650 1122 1670 a
1141 1640 1263 1670 ratione
1284 1639 1453 1669 nativitatis
1477 1638 1572 1669 etiam

506 1688 540 1717 in
562 1693 665 1717 utero.
798 1704 803 1706 -

558 1731 595 1761 ΙΙ.
620 1729 807 1761 Notandum
835 1734 881 1759 est
910 1728 1026 1759 deinde
1057 1727 1147 1769 quod
1172 1727 1370 1767 comparatio
1397 1726 1572 1758 distinctio-

508 1784 583 1806 nem
604 1779 864 1815 comparatorum
880 1773 984 1813 exigit.
1009 1772 1050 1802 Et
1067 1777 1237 1813 propterea
1250 1777 1363 1802 natura
1379 1776 1411 1802 et
1425 1780 1572 1812 persona,

507 1819 589 1850 inter
617 1829 695 1859 quas
725 1817 761 1848 fit
786 1818 838 1848 hic
865 1817 1062 1857 comparatio
1093 1817 1126 1846 in
1153 1815 1265 1846 ordine
1296 1814 1335 1845 ad
1358 1815 1572 1851 nativitatem,

508 1869 678 1894 sumuntur
700 1863 734 1892 in
748 1862 812 1892 hoc
828 1861 961 1891 articulo
977 1865 1013 1890 ut
1029 1860 1067 1890 ab
1082 1860 1220 1890 invicem
1239 1858 1492 1899 distinguuntur:
1508 1858 1573 1888 hoc

509 1913 565 1943 est,
589 1913 700 1937 natura
724 1905 902 1936 secundum
925 1905 1082 1934 rationem
1100 1909 1240 1939 naturae,
1264 1907 1300 1933 ut
1323 1902 1443 1933 scilicet
1465 1907 1572 1933 actum

508 1957 639 1991 naturae
661 1960 719 1980 seu
742 1949 864 1980 formae
887 1953 1021 1983 exercet,
1041 1948 1098 1988 qui
1114 1947 1299 1988 exprimitur
1319 1956 1377 1987 per
1392 1946 1424 1987 ly
1441 1951 1476 1977 ut
1489 1953 1574 1987 quo;

510 2001 541 2026 et
564 1988 706 2025 similiter
728 2003 866 2034 persona
887 1991 1066 2023 secundum
1080 1993 1238 2022 rationem
1253 1991 1442 2032 hypostasis,
1460 1996 1498 2021 ιιι
1513 1991 1572 2021 sci-

508 2040 582 2070 licet
612 2045 719 2069 actum
749 2046 904 2078 personae
928 2042 1067 2073 exercet,
1097 2036 1153 2076 qui
1180 2035 1374 2076 significatur
1399 2044 1456 2076 per
1482 2034 1515 2076 ly
1538 2039 1574 2065 ut

508 2083 604 2124 quod.
628 2082 875 2122 Distinguuntur
892 2076 1051 2121 siquidem
1069 2086 1181 2111 natura
1204 2085 1236 2110 et
1257 2088 1395 2120 persona
1410 2084 1446 2110 ut
1460 2088 1524 2119 quo
1541 2084 1573 2110 et

508 2127 615 2168 quod:
638 2132 684 2157 est
707 2126 794 2156 enim
816 2130 927 2156 natura
950 2134 1014 2165 qua
1032 2124 1211 2166 hypostasis
1234 2129 1280 2154 est
1302 2123 1335 2154 id
1358 2122 1448 2163 quod
1471 2126 1526 2153 es't.

563 2171 614 2201 111.
637 2169 824 2201 Notandum
847 2169 979 2200 demum
1003 2174 1048 2199 est
1071 2167 1160 2208 quod
1182 2167 1216 2198 in
1238 2167 1302 2198 hoc
1313 2167 1422 2208 primo
1438 2166 1571 2197 articulo

507 2224 574 2246 non
599 2220 645 2245 est
668 2215 812 2265 quaestio
837 2213 876 2244 de
899 2222 1036 2253 persona
1056 2212 1173 2243 Christi
1197 2217 1228 2242 et
1239 2217 1354 2242 natura
1370 2211 1497 2247 Christi,
1516 2209 1573 2241 sed

507 2260 540 2290 in
565 2259 730 2290 communi
754 2258 793 2288 de
816 2263 928 2288 natura
952 2262 982 2287 et
1005 2266 1152 2297 persona,
1176 2262 1212 2286 ut
1234 2256 1345 2287 titulus
1368 2256 1437 2295 ipse
1460 2261 1571 2286 sonat:

507 2304 540 2334 in
556 2303 702 2353 sequenti
725 2302 884 2343 siquidem
906 2301 1039 2331 articulo
1055 2311 1094 2331 an
1111 2300 1238 2331 Christo
1261 2300 1432 2331 conveniat
1445 2305 1571 2342 tempo-

506 2347 578 2378 ralis
601 2347 755 2382 nativitas,
773 2351 951 2387 quaeretur.
975 2344 1016 2375 Et
1031 2344 1104 2376 ideo
1129 2344 1168 2375 ad
1190 2342 1491 2375 universalissimam
1511 2343 1572 2374 dis-

506 2392 695 2422 tinctionem
716 2391 797 2421 inter
820 2396 966 2420 naturam
981 2395 1012 2419 et
1034 2398 1215 2430 personam,
1233 2389 1334 2429 qualis
1353 2393 1399 2418 est
1414 2387 1497 2418 dicta
1512 2387 1571 2418 dif-

507 2435 648 2471 ferentia,
664 2433 892 2465 recurrendum
912 2439 974 2464 est:
997 2438 1034 2463 ut
1053 2434 1149 2464 etiam
1165 2441 1203 2464 ex
1217 2433 1360 2464 Auctore
1380 2433 1415 2462 in
1435 2441 1571 2472 corpore

507 2480 630 2510 articuli
657 2480 821 2519 percipere
847 2483 956 2518 potes,
986 2477 1066 2508 dum
1093 2487 1132 2508 ex
1158 2477 1362 2508 distinctione
1391 2476 1571 2507 secundum

506 2523 641 2554 modum
665 2522 862 2563 significandi
884 2523 966 2552 inter
987 2527 1133 2552 naturam
1157 2527 1188 2552 et
1210 2530 1396 2562 personam,
1425 2520 1571 2552 differen-

506 2569 583 2598 tiam
607 2568 688 2599 inter
710 2573 855 2598 naturam
879 2572 910 2596 et
932 2575 1104 2606 personam
1127 2566 1260 2606 aperuit.

561 2609 613 2642 IV.
638 2611 673 2641 In
704 2621 839 2651 corpore
869 2610 991 2641 articuli
1021 2611 1152 2650 ponitur
1178 2610 1283 2651 primo
1314 2619 1379 2640 una
1409 2608 1570 2640 distinctio

507 2656 706 2692 bimembris;
738 2655 851 2686 deinde
883 2654 1093 2695 respondetur
1116 2654 1261 2695 quaesito
1292 2653 1415 2684 duabus
1439 2654 1570 2685 conclu-

506 2701 659 2735 sionibus,
684 2699 815 2740 singulis
837 2699 924 2729 iuxta
947 2699 1070 2739 singula
1092 2698 1303 2729 distinctionis
1321 2698 1474 2728 membra.
1499 2697 1570 2728 Dis-

506 2745 617 2774 tinctio
642 2749 703 2774 est:
736 2744 888 2774 Nativitas
911 2748 1016 2783 potest
1039 2743 1134 2774 alicui
1161 2742 1330 2782 dupliciter
1349 2742 1495 2772 attribui:
1520 2743 1571 2772 vel

507 2789 587 2818 sicut
610 2788 772 2824 subiecto;
795 2787 846 2818 vel
870 2787 952 2817 sicut
973 2787 1122 2817 termino.
1146 2805 1170 2809 —
1191 2787 1297 2817 Prima
1315 2786 1482 2817 conclusio
1506 2792 1569 2817 est:

507 2832 668 2862 Nativitas
691 2832 886 2867 attribuitur,
912 2841 976 2861 non
1002 2837 1155 2866 naturae,
1183 2830 1239 2862 sed
1255 2839 1419 2871 personae
1441 2835 1477 2861 ut
1497 2830 1570 2861 sub-

508 2877 587 2907 iecto
618 2875 770 2906 nascenti.
794 2893 815 2898 -
846 2875 1008 2906 Secunda:
1033 2875 1195 2906 Nativitas
1219 2879 1357 2905 naturae
1383 2874 1572 2906 attribuitur

509 2925 544 2951 ut
567 2920 712 2950 termino.

562 2963 801 2994 Advertendum
825 2969 871 2994 est
896 2965 960 2994 hoc
983 2964 1015 2993 in
1039 2964 1113 2994 loco
1138 2963 1318 2994 cautissime
1349 2962 1438 3003 quod
1462 2962 1571 2993 distin-

509 3008 572 3038 ctio
602 3009 661 3038 ista
687 3015 754 3038 non
782 3013 828 3038 est
856 3007 1059 3048 intelligenda
1089 3013 1125 3038 ut
1153 3012 1255 3038 sonat.
1291 3007 1374 3037 Nam
1403 3006 1572 3047 dupliciter

508 3057 613 3091 potest
635 3051 776 3092 intelligi.
796 3052 855 3082 Vel
879 3051 919 3082 de
934 3052 1077 3082 subiecto
1094 3051 1310 3082 inhaesionis:
1331 3057 1368 3082 ut
1391 3051 1511 3082 scilicet
1525 3051 1571 3082 illi

510 3095 630 3126 dicatur
652 3096 779 3126 attribui
803 3096 945 3126 nativitas
969 3101 1004 3126 ut
1020 3096 1175 3132 subiecto,
1198 3096 1233 3126 in
1248 3105 1316 3136 quo
1332 3095 1506 3126 subiective
1523 3101 1571 3126 est

509 3139 662 3175 nativitas,
687 3140 767 3169 sicut
790 3145 897 3170 motus
921 3140 971 3170 vel
994 3140 1129 3170 mutatio
1155 3145 1201 3171 est
1223 3140 1256 3170 in
1279 3139 1423 3170 subiecto
1448 3140 1501 3170 cui
1523 3139 1572 3170 in-

510 3183 616 3213 haeret
639 3191 695 3213 seu
719 3183 799 3213 inest
821 3187 929 3213 motus
953 3193 1009 3214 seu
1032 3184 1186 3220 mutatio;
1223 3182 1515 3224 quemadmodum,
1547 3183 1572 3214 si

510 3232 623 3257 manus
646 3225 778 3262 calefiat,
803 3226 966 3257 calefactio
991 3233 1037 3257 est
1060 3227 1233 3258 subiective
1256 3228 1290 3258 in
1313 3237 1421 3264 manu,
1446 3233 1477 3258 et
1492 3228 1517 3258 si
1533 3237 1572 3258 ex

510 3279 592 3310 aqua
611 3269 646 3299 fit
664 3279 726 3305 aer,
745 3271 905 3309 generatio
922 3271 1000 3300 aeris
1016 3277 1062 3301 est
1077 3272 1249 3302 subiective
1266 3272 1299 3302 in
1314 3272 1444 3302 materia
1459 3272 1570 3312 prima,

511 3323 592 3353 quae
616 3319 840 3344 transmutatur
863 3314 894 3343 in
919 3323 1034 3344 aerem.
1063 3315 1102 3345 Et
1125 3315 1169 3346 sic
1193 3325 1259 3345 non
1283 3316 1418 3346 sumitur
1441 3316 1474 3346 in
1497 3325 1572 3356 pro-

511 3358 627 3396 posito.
658 3357 745 3387 Tum
774 3357 849 3397 quia
872 3357 1016 3387 nativitas
1039 3358 1097 3388 hac
1121 3359 1153 3388 in
1177 3359 1278 3389 littera
1306 3359 1420 3390 dicitur
1444 3369 1511 3390 esse
1538 3360 1571 3390 in

511 3408 645 3439 persona
668 3405 703 3431 ut
726 3401 758 3431 in
782 3400 936 3430 subiecto.
961 3400 1094 3431 Constat
1110 3407 1216 3432 autem
1235 3411 1405 3442 personam
1420 3412 1488 3434 non
1504 3413 1572 3434 esse

513 3444 689 3474 subiectum
713 3444 904 3474 inhaesionis
934 3450 1078 3484 respectu
1108 3446 1291 3477 nativitatis:
1323 3447 1398 3487 quia
1428 3447 1572 3478 nativitas

513 3492 558 3516 est
582 3487 752 3518 subiective
777 3488 808 3518 in
833 3487 961 3518 materia
985 3488 1105 3527 prima,
1137 3498 1211 3519 cum
1235 3490 1272 3519 sit
1296 3491 1417 3530 species
1440 3501 1570 3531 genera-

1468 3585 1572 3593 ΜΝ

1186 289 1448 338 QUAESTIO
1477 288 1640 336 XXXV,
1669 287 1962 327 ARTICULUS
1989 288 2003 326 l

1618 723 1782 754 personae
1797 715 1823 744 ⁴*.
1847 713 1923 744 Non
1947 714 2033 745 enim
2056 713 2170 745 frustra
2192 713 2312 746 addidit
2333 714 2367 756 ly
2389 715 2552 748 nascenti:
2574 716 2631 748 sed
2651 722 2688 750 ut

1624 493 1720 525 tionis
1743 492 1971 532 substantialis;
1996 500 2028 525 et
2050 495 2126 535 quia
2148 495 2303 532 nativitas,
2327 494 2471 536 quandiu
2493 494 2595 534 durat,
2617 492 2685 530 ιιοιι

1625 542 1672 568 est
1695 537 1800 568 adhuc
1821 546 1960 579 persona
1981 546 2065 579 quae
2086 539 2242 575 nascitur,
2267 544 2308 576 et,
2332 548 2430 580 quam
2453 540 2593 581 primum
2614 550 2687 583 per-
2724 555 2726 557 ¹

1624 589 1704 612 sona
1726 587 1782 618 est,
1806 582 1951 613 nativitas
1974 580 2097 613 desinit.
2120 600 2144 605 —
2166 579 2254 613 Tum
2277 583 2353 623 quia
2374 583 2408 614 in
2430 582 2533 615 littera
2547 581 2686 622 insinua-
2730 618 2733 619 γ

1624 630 1675 656 tur
1693 625 1834 657 exclusio
1857 626 1947 657 istius
1970 635 2091 662 5ειι5ιι5,
2115 625 2194 657 dum
2217 626 2442 658 concludendo
2465 626 2579 660 dieitur
2597 629 2687 671 quod
2730 644 2732 647 ’
2754 665 2756 667 ,

1624 669 1775 700 nativitas
1810 675 1963 711 tanquam
1992 670 2132 701 subiecto
2164 671 2308 702 nascenti
2333 670 2471 712 proprie
2501 671 2688 707 attribuitur
2714 703 2715 706 ,

1624 763 1814 789 monstraret
1836 757 1926 798 quod
1948 767 2017 788 non
2038 757 2183 798 loquitur
2205 758 2245 789 de
2268 759 2412 790 subiecto
2435 759 2639 794 inhaesionis.

1678 801 1738 832 Vel
1761 806 1867 842 potest
1889 801 2022 842 intelligi
2046 801 2085 832 de
2102 803 2246 833 subiecto
2265 802 2554 835 denominationis.
2549 811 2556 820 ·
2577 809 2615 836 ιιι
2627 805 2690 838 sd-

1623 845 1698 876 licet
1720 845 1765 876 illi
1787 846 1975 876 attribuatur
1997 847 2142 877 nativitas
2165 851 2201 877 ut
2215 847 2372 884 subiecto,
2396 846 2487 888 quod
2501 846 2612 881 deno

1623 893 1675 919 tur
1697 889 1826 930 proprie
1849 899 1868 920 a
1890 890 2052 921 nativitate
2074 899 2207 921 nascens
2231 895 2265 921 et
2277 894 2398 922 natum.
2421 890 2464 922 Et
2485 890 2531 923 sic
2553 901 2569 934 s
2600 889 2635 900 ”

1623 933 1657 963 ιιι
1680 933 1860 974 proposito.
1884 933 1972 964 Tum
1995 934 2072 974 quia
2094 933 2220 965 medius
2242 935 2397 966 terminus
2417 931 2570 977 probans
2578 928 2620 968 ειλ

1625 977 1746 1008 clai-ans
1770 977 2014 1008 conclusionem
2037 978 2173 1018 primam
2196 983 2244 1010 est
2271 979 2361 1019 quod
2383 979 2416 1010 id
2437 979 2565 1020 quod
2618 985 2625 989 ’

1625 1027 1671 1052 ε5ι
1687 1026 1723 1052 ut
1735 1021 1928 1052 subiectum:
1950 1026 1982 1052 et
1997 1022 2140 1053 similiter
2154 1023 2332 1060 conclusio.
2348 1029 2385 1054 ut
2396 1023 2519 1056 dictim
2529 1029 2614 1061 ειμι
2625 1024 2633 1032 ”

1625 1070 1660 1096 ut
1681 1066 1821 1096 subiecto
1846 1066 1999 1097 nascenti.
2019 1083 2043 1090 -
2068 1066 2156 1098 Tum
2179 1068 2255 1108 quia
2276 1067 2322 1098 sic
2343 1067 2454 1099 omnia
2476 1076 2562 1110 quae
2581 1068 2621 1111 ιη

1623 1115 1689 1140 tera
1713 1109 1881 1146 dicuntur,
1913 1110 2034 1151 absque
2056 1110 2208 1152 scrupulo
2231 1120 2306 1142 vera
2325 1110 2535 1164 inveniuntur
2552 1108 2630 1151 ει]

1624 1198 1825 1238 probatione,
1850 1207 1948 1239 quam
1965 1199 2059 1238 etiam
2075 1199 2109 1229 in
2125 1199 2345 1236 conclusione,
2363 1192 2561 1240 nunquam

1625 1241 1666 1273 de
1687 1242 1834 1273 subiecto
1857 1248 1890 1273 et
1911 1242 2050 1273 termino
2073 1243 2260 1280 nativitatis,
2291 1243 2348 1274 sed
2373 1243 2530 1290 loquitur
2538 1234 2625 1276 ἰοῦ

1624 1286 1764 1317 subiecto
1789 1292 1821 1317 et
1843 1285 1883 1317 de
1905 1286 1989 1318 sicut
2003 1287 2140 1319 termino
2154 1288 2335 1324 nativitatis,
2357 1293 2395 1319 ut
2411 1287 2501 1328 potet
2519 1287 2690 1329 111:th
2743 1296 2746 1297 ’

1624 1330 1858 1370 Praeponendo
1882 1330 2041 1371 siquidem
2071 1340 2196 1372 semper
2218 1331 2251 1372 ly
2273 1331 2357 1362 sicut
2386 1337 2440 1363 aut
2462 1332 2496 1374 ly
2518 1337 2682 1375 tanqum

1624 1374 1837 1406 manifestavit
1867 1374 1957 1415 quod
1982 1384 2049 1405 non
2078 1375 2118 1406 de
2141 1375 2285 1406 subiecto
2313 1381 2368 1406 aut
2393 1377 2531 1408 termino

1623 1419 1826 1460 loquebatur,
1849 1419 1906 1450 sed
1929 1419 1968 1450 de
1983 1419 2032 1449 his
2056 1428 2139 1460 quae
2155 1429 2188 1450 se
2203 1419 2322 1450 habent
2344 1425 2380 1450 ut
2402 1420 2598 1452 subiectum
2604 1426 2666 1452 ει
2717 1420 2722 1435 ”

1624 1463 1789 1494 terminus.

1680 1507 1721 1538 Et
1743 1507 1795 1538 hic
1819 1512 1866 1538 est
1886 1507 2002 1548 procul
2025 1506 2126 1539 dubio
2148 1517 2242 1539 verus
2265 1513 2296 1539 et
2315 1507 2457 1539 formalis
2472 1516 2585 1540 sensus
2601 1518 2630 1540 ιι

1624 1551 1755 1582 litterae.
1783 1551 1923 1582 Persona
1945 1551 2109 1603 siquidem
2128 1558 2175 1583 est
2197 1552 2376 1583 subiectum
2399 1549 2567 1594 proprium
2589 1550 2611 1584 d

1624 1596 1808 1626 minationis
1840 1601 1987 1636 respectu
2014 1596 2200 1627 nativitatis:
2231 1605 2325 1633 nam,
2355 1597 2484 1638 proprie
2513 1595 2692 1638 loquendo}
2747 1633 2750 1636 Α

1625 1639 1771 1671 Socrates
1794 1645 1842 1670 est
1864 1640 1921 1680 qui
1943 1640 2084 1670 nascitur
2106 1646 2137 1671 et
2159 1645 2272 1680 postea
2293 1646 2388 1672 natus
2411 1646 2467 1672 est.
2615 1680 2617 1683 4

1680 1684 1719 1715 V.
1740 1683 1917 1715 Conclusio
1934 1692 2010 1724 ergo
2026 1684 2156 1725 prima·
2158 1706 2166 1721 ‚
2183 1683 2292 1725 quoad
2306 1684 2555 1727 utrumque&
2564 1686 2572 1690 ”

1625 1729 1670 1759 sic
1693 1729 1855 1779 probatur.
1878 1728 1979 1766 Quod
2000 1729 2140 1760 nascitur
2163 1734 2210 1760 est
2229 1734 2386 1769 tanqum
2512 1762 2521 1769 ,
2588 1723 2595 1733 “

1623 1773 1737 1803 vitatis.
1762 1773 1848 1813 Ergo
1872 1772 1963 1813 quod
1985 1778 2040 1803 est.
2065 1773 2150 1814 Ergo
2173 1773 2358 1804 subsistens.
2387 1773 2476 1815 Ergo
2504 1770 2553 1819 ’“4
2567 1766 2575 1775 ’

1625 1826 1692 1847 ιιοιι
1715 1822 1836 1847 natura.
2520 1820 2613 1868 ”’ἷ.,,
2667 1849 2682 1853 „

1679 1860 1883 1891 Antecedens
1912 1870 1973 1911 pro
1997 1859 2135 1891 evidenti
2157 1861 2356 1902 relinquitur.
2390 1859 2433 1893 Et
2458 1856 2579 1897 vttt'er·M

1625 1909 1681 1940 est,
1698 1905 1834 1944 cognitis
1847 1904 2000 1935 terminis.
2016 1923 2039 1927 —
2054 1903 2158 1935 Prima
2174 1905 2405 1946 consequentia
2418 1898 2602 1946 probi&

1625 1947 1715 1988 quod
1737 1949 1886 1984 nascitur,
1909 1949 2049 1979 nascitur
2071 1947 2111 1979 ad
2133 1949 2196 1979 hoc
2218 1948 2309 1989 quod
2327 1949 2377 1980 sit.
2401 1948 2502 1988 Quod
2518 1940 2694 1991 Μ

1625 1993 1701 2033 quia
1722 1993 1810 2023 nasci
1833 1997 1880 2023 ε5ι
1903 1991 2067 2032 quoddam
2085 1993 2244 2032 generari·
2266 1993 2358 2033 quod
2379 1998 2690 2033 gemmtnuflmt
2724 2027 2738 2032 ,

1625 2042 1793 2077 generatur
1815 2035 1856 2067 ad
1878 2037 1942 2067 hoc
1965 2036 2055 2077 quod
2077 2037 2126 2068 sit.
2149 2055 2172 2060 -
2194 2036 2343 2068 Secunda
2357 2045 2436 2069 vero
2458 2037 2692 2115 βψ

1625 2081 1787 2121 probatur.
1811 2080 1896 2119 Quia
1917 2090 1984 2111 esse
2008 2086 2055 2111 est
2077 2082 2206 2121 proprie
2222 2081 2428 2119 subsistentis.
2453 2080 2508 2124 Q
2599 2075 2622 2081 θ’
2713 2087 2746 2123 :ft

1623 2130 1688 2155 tur:
1719 2125 1795 2164 quia
1818 2124 1921 2155 forma
1943 2134 2011 2155 non
2034 2125 2207 2156 subsistens
2229 2134 2297 2156 non
2321 2124 2436 2156 dicitur
2459 2124 2587 2160 esseut
2613 2127 2621 2130 ”
2708 2134 2723 2138 “

1625 2173 1680 2204 est,
1704 2168 1760 2199 sed
1782 2173 1819 2199 ut
1841 2176 1904 2209 qua
1928 2167 2052 2209 aliquid
2074 2173 2129 2199 est.
2153 2186 2176 2192 —
2198 2168 2307 2200 Tertia
2330 2174 2438 2200 autem
2459 2166 2582 2212 cemeq

1624 2213 1787 2253 probatur.
1811 2212 1896 2251 Quia
1917 2221 2055 2252 persona
2077 2212 2272 2253 significh
2292 2221 2351 2253 per
2365 2212 2506 2245 moduni

1624 2257 1681 2294 tis;
1704 2262 1817 2288 natura
1839 2262 1947 2287 autem
1970 2265 2028 2297 per
2049 2256 2186 2288 modum
2206 2256 2342 2289 tonnae.
2484 2257 2536 2297 ,ἶ
2558 2262 2602 2292 ,ζ
2626 2285 2632 2293 .

1679 2301 1828 2342 Perspice
1854 2301 1888 2332 in
1910 2301 1970 2332 hac
1991 2300 2188 2332 deductione
2214 2310 2300 2352 quae
2321 2301 2489 2339 din‘mus
2476 2302 2511 2340 “.
2518 2323 2522 2326 -

1625 2346 1769 2376 subiecto
1783 2345 2053 2376 denominationis
2068 2344 2220 2377 intendit:
2237 2346 2313 2386 qu'm
2325 2355 2364 2380 ex
2374 2338 2516 2379 modia·
2526 2360 2553 2373 ··=
2571 2362 2577 2373 ·

1624 2390 1739 2430 probat
1762 2389 2015 2420 conclusionem.
2041 2388 2159 2420 Modus
2180 2389 2267 2421 enim
2282 2387 2481 2430 significandi
2501 2391 2523 2420 'v
2538 2377 2597 2417 ‘3²⁶

1624 2434 1731 2464 solum
1753 2434 1999 2474 proprietatem,
2029 2433 2084 2464 sed
2106 2434 2271 2465 veritatem
2294 2429 2565 2466 enuntiationis}
2601 2459 2623 2467 .,

1625 2484 1672 2509 ε5ι
1695 2478 1781 2509 enim
1804 2478 1838 2508 in
1860 2477 1969 2508 Primo
1985 2477 2116 2508 Libro*
2138 2483 2270 2518 propter
2284 2484 2362 2510 eum
2376 2478 2470 2509 ὶεωιιι
2484 2479 2558 2511 0066

1623 2522 1737 2553 Deitas
1758 2527 1897 2564 generat
1917 2521 2083 2559 deitatem,
2114 2527 2146 2553 et
2170 2523 2263 2557 istam
2286 2531 2411 2559 veram,
2438 2522 2537 2556 Dm
2693 2533 2719 2559 -Ύ

1624 2567 1739 2597 Deum,
1763 2566 1804 2597 Et
1824 2565 2035 2598 conformiter
2057 2575 2145 2598 nunc
2167 2564 2282 2598 dicitur
2304 2565 2396 2608 quod
2417 2571 2535 2609 natum
2549 2576 2623 2608 m
2673 2577 2727 2597 ¹.

1624 2612 1722 2641 scitur
1744 2620 1804 2641 nec
1829 2616 1875 2641 est
1897 2615 1985 2647 nata,
2013 2609 2071 2642 sed
2091 2617 2229 2651 persona
2252 2616 2299 2642 est
2322 2619 2405 2651 quae
2427 2610 2578 2655 nasum?
2665 2611 2674 2620 '⁴
2695 2609 2726 2623 '⁹⁴²

1624 2661 1706 2686 nata.
1738 2655 1812 2685 Hoc
1836 2655 1922 2685 ειιιιιι
1939 2660 1985 2686 est
2007 2664 2189 2706 personam,
2206 2660 2238 2686 et
2259 2664 2327 2686 non
2350 2658 2519 2730 naturam,
2523 2654 2616 2687 esu

1623 2786 1731 2818 videre
1761 2788 1794 2818 ιιι
1825 2788 2016 2828 probatione
2050 2787 2210 2819 secimdae
2241 2787 2478 2819 conclusionis·
2463 2742 2623 2822 ἐπὶ

1626 2832 1720 2862 etiam
1743 2841 1782 2862 ex
1805 2831 1905 2862 modo
1929 2830 2128 2872 significandi
2150 2831 2314 2872 probatur.
2583 2840 2585 2843 ·

1679 2875 1732 2906 VI.
1757 2875 1904 2907 Secunda
1934 2876 2100 2907 conclusio
2120 2876 2137 2892 ⁹
2163 2876 2334 2917 probatur,
2366 2854 2484 2916 primo.
2517 2862 2573 2918 Τ,

1624 2920 1793 2950 nativitatis
1823 2925 1870 2951 est
1896 2919 2010 2951 forma.
2043 2919 2130 2960 Ergo
2157 2925 2280 2950 natura.
2304 2938 2328 2943 —
2353 2914 2571 2952 Antecedeni²

1625 2964 1701 3004 quia
1723 2964 1877 2995 terminus
1900 2964 2069 2995 cuiuslibet
2079 2964 2296 3004 generationis
2319 2968 2366 2994 est
2379 2963 2496 3001 forma.
2515 2960 2547 2988 -·'

1625 3008 1756 3048 quentia
1784 3009 1956 3048 probatur:
1989 3009 2066 3049 quia
2097 3013 2209 3039 natura
2240 3007 2436 3048 significatur
2465 3017 2550 3049 per

1625 3051 1758 3083 formae.

1681 3095 1908 3133 Confirmatur‚
1933 3096 2090 3128 secundo:
2115 3097 2190 3137 quia
2213 3096 2358 3127 nativitas
2381 3095 2495 3128 dicitur
2509 3094 2626 3135 κλιμ-

1625 3145 1742 3176 turam,
1767 3150 1805 3171 ex
1829 3140 1855 3171 11
1877 3141 2005 3182 Phystc.
2029 3141 2071 3172 Et
2093 3141 2279 3181 exponitur.
2305 3140 2381 3182 quia
2402 3140 2538 3173 intentio

1625 3184 1665 3215 ad
1688 3183 1836 3221 formam,
1860 3194 1916 3215 seu
1940 3190 2096 3220 naturam,
2120 3185 2316 3216 terminatur.

1680 3228 1819 3259 Adverte
1841 3229 1895 3259 hic
1918 3228 2007 3269 quod
2029 3234 2141 3260 natura
2166 3238 2235 3261 non
2257 3228 2368 3260 solum
2390 3237 2424 3259 se
2445 3226 2541 3260 hahet
2568 3230 2616 3265 ἰιι
2628 3227 2630 3232 “

1625 3272 1732 3303 minus
1755 3273 1788 3303 ιιι
1807 3272 2070 3304 denominando·
2062 3282 2164 3314 ipsam
2179 3272 2375 3304 nativitatem
2398 3273 2431 3313 (a
2441 3272 2590 3303 tei-mni}
2619 3288 2633 3297 -=

1626 3316 1874 3348 denominantur
1895 3317 2146 3357 generationes):
2171 3316 2227 3348 sed
2248 3321 2279 3348 et
2298 3316 2477 3348 secundum
2491 3325 2559 3347 rem

1626 3360 1720 3391 habet
1743 3361 1870 3392 termini
1892 3361 2066 3397 rationem,
2096 3361 2250 3402 quoniam
2274 3360 2313 3392 ad
2336 3365 2481 3392 naturam
2503 3359 2618 3391 termin
2746 3375 2748 3378 >

1626 3404 1805 3435 secundum
1827 3413 1895 3435 rem
1917 3405 2090 3445 generatio.
2125 3404 2167 3436 Et
2193 3410 2362 3456 propterea
2389 3404 2513 3436 Auctor
2539 3411 2583 3437 ex
2599 3400 2694 3445 pirus

1626 3449 1670 3479 rei
1702 3449 1797 3479 etiam
1822 3449 1980 3480 rationem
2009 3448 2129 3484 attulit.
2161 3458 2199 3480 ex
2226 3448 2404 3480 intentione
2426 3453 2556 3480 namne
2576 3451 2721 3479 utente

1625 3493 1830 3532 generatione
1853 3498 1889 3523 ut
1911 3493 1961 3523 via
1984 3493 2017 3523 ιιι
2040 3498 2195 3528 naturam,
2215 3491 2255 3523 ad
2278 3500 2376 3532 quam
2399 3491 2508 3523 tendit.

2742 3609 2757 3624 ιχ
2761 3601 2763 3607 ·
2798 3608 2806 3619 x

2756 3825 2787 3921 ,;
2828 3861 2830 3902 ;

2763 3925 2794 3970 ει
2828 3929 2830 3931 ’
