2872 3970
920 295 1182 340 QUAESTIO
1211 296 1335 342 XXV,
1365 296 1655 334 ARTICULUS
1683 297 1717 333 V

237 373 381 418 Christi,
410 372 565 421 dignum
585 378 634 408 est
653 373 704 408 ihi
720 383 795 407 esse
822 373 886 407 ubi
902 377 952 407 est
971 373 1056 420 ipse.
1087 373 1163 408 Sed
1184 372 1291 409 Chri-

235 434 313 464 stus
341 425 522 461 adoratur
553 423 774 461 adoratione
802 423 941 460 latriae.
980 425 1080 471 Ergo
1110 432 1145 460 et
1172 432 1294 461 mater

235 478 328 516 eius.

290 542 324 567 2.
345 530 582 573 ΡιίΑΕτΕκΕΑ,
612 528 876 564 Damaseenus
904 527 1004 575 dicit,
1025 528 1064 565 in
1083 530 1133 566 IV
1152 529 1247 565 libro
1262 528 1292 575 ²¹⁸,

202 580 210 587 ’
235 582 342 638 quod
369 583 491 618 honor
510 582 639 617 matris
658 581 819 628 refertur
837 581 887 617 ad
902 581 1041 628 filium.
1073 581 1150 618 Sed
1178 581 1294 618 Filius

235 634 417 674 adoratur
443 632 665 670 adoratione
693 632 832 669 latriae.
863 633 964 680 Ergo
993 641 1028 669 et
1056 641 1187 670 mater.

291 687 325 724 3.
354 686 593 732 mmmm,
632 684 872 722 coniunctior
905 693 960 721 est
989 685 1139 722 Christo
1176 693 1297 722 mater

237 740 318 778 eius
345 750 465 788 quam
492 750 596 775 crux.
641 737 718 774 Sed
745 749 838 774 crux
866 737 1047 774 adoratur
1074 738 1295 775 adoratione

236 792 376 831 latriae.
414 791 515 839 Ergo
551 798 587 827 et
621 797 743 826 mater
762 795 779 810 ‘²
814 790 951 826 eadem
985 789 1207 827 adoratione
1242 798 1297 826 est

236 843 445 884 adoranda.

291 898 365 936 SED
394 907 538 934 CONTRA
556 907 621 932 EST
640 895 748 944 quod
775 901 897 931 mater
914 893 988 930 Dei
1006 902 1061 931 est
1079 907 1177 943 pura
1195 907 1297 932 crea—

237 954 333 989 tura.
361 950 455 987 Non
482 959 571 996 ergo
600 948 635 984 ei
662 947 823 984 debetur
850 947 1022 984 adoratio
1051 947 1189 984 latriae.

290 1005 514 1041 Respoum-:o
533 1013 715 1039 DICENDUM
742 999 860 1049 quod,
890 999 981 1049 quia
999 1000 1105 1036 latria
1124 1001 1194 1038 soli
1213 1002 1297 1037 Deo

239 1057 419 1102 debetur,
448 1066 528 1091 non
555 1053 716 1091 debetur
750 1061 943 1090 creaturae
970 1051 985 1082 β
1011 1060 1127 1102 prout
1154 1061 1299 1090 creatu-

238 1121 322 1147 ram
350 1108 565 1146 secundum
592 1119 632 1143 se
651 1117 894 1144 veneramur.
922 1105 1030 1142 Licet
1048 1113 1178 1143 autem
1197 1118 1298 1143 crea-

237 1169 345 1208 turae
373 1156 609 1199 insensibiles
643 1171 724 1197 non
752 1158 825 1196 sint
856 1170 1015 1208 capaces
1042 1158 1299 1196 venerationis

239 1214 455 1252 secundum
482 1212 640 1262 seipsas,
669 1219 842 1249 creatura
867 1219 998 1249 tamen
1025 1210 1217 1249 rationalis
1245 1220 1301 1248 est

239 1275 359 1319 capax
385 1264 640 1303 venerationis
673 1265 889 1302 secundum
917 1264 1094 1314 seipsam.
1137 1265 1185 1301 Et
1212 1264 1299 1301 ideo

238 1319 332 1370 nulli
358 1331 478 1370 purae
506 1325 700 1356 creaturae
728 1317 900 1355 rationali
927 1318 1089 1355 debetur
1107 1319 1230 1354 cultus
1249 1319 1300 1354 la-

238 1371 342 1410 triae.
373 1373 475 1410 Cum
503 1383 592 1420 ergo
620 1371 732 1408 beata
753 1370 869 1419 Virgo
898 1370 944 1407 sit
969 1382 1066 1420 pure
1085 1376 1101 1399 Υ
1129 1378 1302 1407 creatura

247 1531 251 1535 ,
293 1504 322 1542 α)
339 1507 435 1531 mater.
451 1519 471 1524 -
487 1505 544 1530 eius
562 1507 654 1529 ‘mater
675 1503 704 1533 F.
723 1506 810 1528 mater
830 1502 931 1528 Christi
953 1502 1028 1527 tertia
1053 1507 1154 1534 praeter
1177 1502 1195 1527 1.
1212 1515 1232 1520 —
1250 1501 1301 1526 Pro

238 1540 331 1566 eadem
349 1540 508 1566 adoratione
526 1542 573 1569 est,
593 1542 633 1564 est
651 1539 812 1564 adoratione
829 1538 927 1563 Ian-iae
945 1537 1027 1564 tertia.

292 1574 320 1610 β)
338 1582 391 1600 non
409 1574 520 1601 debetur
537 1578 686 1600 creaturae.
702 1589 722 1593 —
739 1574 807 1599 nulli
822 1576 964 1599 creaturae
983 1573 1093 1598 debetur
1111 1572 1194 1597 latria
1212 1571 1301 1602 tertia;

239 1610 261 1639 F
279 1611 354 1644 legit:
371 1610 529 1642 Respondet>
553 1609 695 1635 dicendum
717 1609 790 1642 quod
807 1609 890 1634 latria
908 1609 959 1634 soli
979 1609 1036 1634 Deo
1053 1608 1180 1640 competit
1198 1608 1240 1633 vel
1257 1607 1302 1632 de-

240 1646 331 1676 betum·
349 1653 401 1671 non
419 1645 489 1671 em‘m
509 1645 620 1671 debetur·
637 1648 779 1671 creaturae
793 1648 879 1677 prout
897 1649 945 1670 etc.

2326 298 2399 334 283

1348 373 1557 420 rationalis,
1594 385 1671 410 non
1701 374 1860 411 debetur
1887 374 1920 410 ei
1956 374 2124 411 adoratio
2153 375 2298 421 latriae,
2336 376 2402 412 sed

1348 428 1475 463 solum
1493 426 1687 463 veneratio
1707 426 1851 463 duliae:
1882 427 2109 463 eminentius
2128 436 2256 464 tamen
2284 440 2402 476 quam

1349 477 1479 515 ceteris
1507 479 1697 526 creaturis,
1727 479 1955 528 inquantum
1974 480 2056 528 ipsa
2075 487 2129 515 est
2148 488 2267 516 mater
2286 481 2356 517 Dei
2370 481 2400 517 ²¹⁶.

1349 533 1398 568 Et
1421 531 1508 568 ideo
1536 531 1672 568 dicitur
1698 532 1804 580 quod
1824 532 1983 568 debetur
2002 532 2046 577 ei,
2076 544 2155 568 non
2175 533 2403 581 qualiscum-

1350 596 1426 633 que
1455 583 1568 630 dulia,
1598 585 1664 620 sed
1692 584 1922 634 hyperdulia.

1403 638 1459 673 AD
1475 648 1609 673 PR1MUM
1629 649 1726 673 ERGO
1746 648 1925 673 DICENDUM
1947 637 2052 684 quod
2074 636 2184 673 matri
2203 636 2299 685 regis
2325 650 2405 675 non

1351 689 1511 725 debetur
1538 689 1705 737 aequalis
1734 690 1860 725 honor
1887 689 2025 725 honori
2054 689 2119 737 qui
2138 689 2298 726 debetur
2315 690 2403 737 regi.

1351 741 1522 777 Debetur
1547 748 1676 777 tamen
1705 741 1738 777 ei
1766 740 1924 790 quidam
1952 742 2078 779 honor
2105 742 2319 788 consimilis,
2349 755 2405 779 ra-

1351 793 1454 829 tione
1483 793 1684 830 cuiusdam
1712 793 1963 830 excellentiae.
2007 795 2054 830 Et
2087 795 2162 831 hoc
2197 794 2407 842 significant

1352 846 1591 882 auctoritates
1619 846 1807 882 inductae.

1405 899 1461 934 An
1490 911 1677 936 SECUNDUM
1710 910 1890 935 DICENDUM
1925 899 2032 947 quod
2051 900 2176 936 honor
2194 899 2322 936 matris
2350 911 2407 936 re-

1352 950 1469 986 fertur
1496 951 1544 987 ad
1571 950 1706 997 filium,
1735 951 1826 999 quia
1853 951 1934 1000 ipsa
1952 959 2073 988 mater
2100 960 2154 988 est
2181 960 2336 1001 propter
2362 951 2406 988 fi-

1353 1002 1448 1038 lium
1467 1003 1704 1040 honoranda.
1724 1004 1817 1040 Non
1835 1011 1963 1040 tamen
1983 1016 2029 1040 eo
2044 1005 2163 1041 modo
2183 1017 2261 1053 quo
2281 1006 2409 1041 honor

1353 1054 1526 1101 imaginis
1554 1056 1711 1092 refertur
1737 1056 1785 1092 ad
1814 1058 2021 1105 exemplar:
2051 1056 2141 1105 quia
2168 1057 2248 1106 ipsa
2267 1057 2405 1104 imago,

1353 1115 1468 1156 prout
1495 1107 1534 1143 in
1563 1119 1601 1143 se
1630 1107 1890 1144 consideratur
1916 1117 1957 1146 ut
1985 1121 2043 1145 res
2071 1110 2273 1158 quaedam,
2301 1111 2407 1146 nullo

1354 1160 1474 1196 modo
1503 1167 1558 1195 est
1584 1161 1813 1196 veneranda.

1407 1213 1464 1248 AD
1491 1223 1649 1248 TER‘rluM
1676 1224 1855 1249 DiCENDUM
1882 1213 1988 1261 quod
2016 1225 2118 1260 crux,
2138 1222 2252 1262 prout
2270 1214 2351 1263 ipsa
2369 1214 2409 1250 in

1355 1276 1395 1301 se
1424 1264 1702 1310 consideratur,
1731 1273 1773 1300 ut
1800 1265 1944 1302 dictum
1972 1273 2026 1302 est
2043 1266 2073 1312 ²¹⁸,
2103 1278 2182 1302 non
2210 1274 2264 1302 est
2291 1279 2410 1315 capax

1355 1316 1514 1354 honoris
1528 1315 1553 1353 δ.
1584 1317 1660 1354 Sed
1679 1317 1789 1354 beata
1806 1317 1922 1365 Virgo
1942 1325 1996 1354 est
2015 1319 2228 1355 secundum
2247 1318 2410 1367 seipsam

1356 1381 1476 1418 capax
1502 1369 1769 1406 venerationis.
1800 1371 1847 1406 Et
1868 1371 1954 1407 ideo
1983 1383 2062 1407 non
2082 1379 2136 1407 est
2155 1371 2283 1407 similis
2303 1371 2408 1408 ratio.

1408 1499 1435 1533 γ)
1454 1500 1490 1525 sit
1503 1508 1582 1532 pure.
1600 1514 1620 1520 --
1633 1508 1704 1532 pure
1721 1501 1757 1526 sit
1775 1501 1804 1531 F,
1822 1501 1859 1526 sit
1871 1509 1946 1533 pura
1964 1502 2016 1527 PG.

1407 1534 1432 1568 δ)
1449 1539 1533 1567 prout
1551 1536 1634 1567 ipsa...
1654 1537 1770 1562 honoris.
1782 1551 1802 1555 —
1820 1544 1870 1562 non
1890 1540 1929 1562 est
1946 1545 2036 1569 capax
2055 1538 2231 1563 venerationis
2244 1542 2329 1570 prout
2343 1539 2369 1563 in
2384 1546 2412 1564 se

1354 1571 1543 1596 consideratur
1561 1574 1591 1596 ut
1609 1572 1708 1596 dictum
1727 1575 1767 1596 est
1785 1571 1827 1605 (ut
1845 1573 1944 1597 dictum
1964 1575 2003 1597 est
2021 1580 2073 1598 om.
2092 1573 2126 1607 G)
2145 1574 2226 1599 tertia.

915 1723 1248 1755 Commentaria
1271 1721 1522 1754 cardinalis
1544 1721 1744 1754 Caietam

242 1813 407 1877 Taunus
430 1803 531 1834 clarus
555 1811 610 1834 est.
633 1821 656 1826 -
679 1803 715 1834 In
736 1813 871 1844 corpore
889 1803 1011 1833 articuli
1034 1802 1128 1832 unica
1153 1807 1200 1831 est
1222 1810 1300 1831 con·
1326 1801 1330 1842 Ι

301 1847 413 1884 clusio,
433 1848 553 1878 habens
569 1847 647 1878 duas
662 1852 780 1887 partes:
803 1847 906 1878 Beata
928 1847 1027 1888 Virgo
1051 1851 1098 1876 est
1119 1845 1300 1881 adoranda,

243 1900 308 1922 non
332 1891 440 1928 latria,
463 1891 520 1922 sed
541 1891 746 1933 hyperdulia.

296 1936 452 1966 Probatur
474 1936 578 1975 primo
598 1945 670 1975 pars
692 1936 847 1975 negativa.
880 1934 969 1965 Nulli
991 1934 1038 1964 rei
1059 1934 1231 1964 venerabili
1254 1942 1302 1963 se-

243 1979 385 2010 cundum
408 1989 452 2016 se,
468 1980 528 2010 nisi
551 1979 612 2010 soli
630 1980 711 2016 Deo,
728 1979 861 2010 debetur
883 1979 981 2009 latria.
1005 1978 1090 2018 Ergo
1109 1978 1189 2008 nulli
1203 1987 1303 2018 purae

243 2029 403 2055 creaturae
425 2023 580 2054 rationali.
611 2023 696 2063 Ergo
727 2023 842 2054 Beatae
865 2023 988 2062 Virgini
1013 2032 1081 2052 non
1104 2021 1237 2052 debetur
1259 2021 1303 2051 la-

241 2068 311 2098 tria.
332 2085 356 2090 -
377 2066 588 2103 Antecedens,
611 2067 645 2097 in
667 2067 720 2097 illa
742 2067 909 2107 particula,
933 2066 1108 2097 venerabili
1129 2065 1304 2096 secundum

241 2121 285 2148 se,
310 2111 448 2142 excludit
470 2116 502 2142 et
523 2116 680 2142 creaturas
701 2110 908 2147 insensibiles,
933 2110 1042 2150 quales
1063 2115 1137 2140 sunt
1150 2110 1304 2149 imagines

244 2160 276 2186 et
291 2165 410 2192 cruceS‚
427 2164 509 2195 quae
524 2164 592 2185 non
608 2160 682 2185 sunt
697 2153 875 2185 secundum
891 2164 925 2185 se
935 2153 1146 2185 venerabiles:
1167 2153 1305 2184 excludit

244 2204 276 2230 et
297 2199 528 2230 humanitatem
551 2198 678 2234 Christi,
702 2208 786 2239 quae
809 2198 988 2229 secundum
1003 2208 1037 2229 se
1059 2207 1127 2228 non
1147 2203 1194 2228 est
1207 2207 1305 2228 vene-

243 2243 349 2274 rabilis
371 2249 408 2273 ut
428 2252 478 2273 res
501 2241 638 2279 adorata,
654 2248 691 2273 ut
708 2248 795 2283 patet
818 2252 855 2272 ex
878 2241 969 2273 dictis
987 2242 1132 2282 superius
1146 2243 1173 2272 *.
1197 2242 1304 2272 Ambo

245 2287 331 2318 enim
353 2286 524 2317 adorantur
545 2286 650 2317 latria:
681 2292 717 2316 ut
738 2291 826 2327 patet
848 2296 886 2317 ex
908 2291 980 2316 ante
996 2287 1013 2303 ³*
1037 2285 1137 2316 dictis.
1167 2285 1209 2316 Et
1231 2285 1304 2316 ideo

244 2330 279 2361 in
301 2330 403 2361 littera
425 2331 598 2371 apponitur
619 2330 652 2371 ly
669 2339 786 2370 purae,
810 2340 886 2360 cum
909 2329 1032 2366 dicitur,
1050 2339 1158 2370 purae
1180 2335 1306 2360 creatu-

245 2383 312 2405 rae.
334 2392 359 2397 —
381 2373 621 2414 Consequentia
642 2375 745 2414 prima
766 2375 934 2414 probatur:
960 2374 1035 2414 quia
1054 2372 1196 2404 creatura
1211 2374 1306 2404 ratio-

244 2417 324 2449 nalis
347 2423 394 2449 est
417 2427 515 2459 capax
538 2417 717 2448 secundum
743 2427 777 2448 se
799 2418 942 2448 honoris.
965 2436 988 2441 —
1011 2417 1158 2448 Secunda
1181 2423 1304 2448 autem:

245 2462 322 2502 quia
343 2461 441 2492 Beata
462 2462 562 2502 Virgo
586 2467 633 2492 est
654 2471 734 2502 pura
757 2467 899 2492 creatura
921 2461 1092 2492 rationalis.

299 2505 447 2536 Secunda
469 2511 577 2536 autem
596 2515 667 2546 pars
686 2506 849 2546 probatur.
872 2506 958 2544 Quia
971 2505 1150 2536 veneranda
1166 2511 1213 2536 est
1229 2507 1306 2536 emi-

244 2550 373 2580 nentius
396 2550 544 2580 creaturis
568 2550 693 2580 ceteris:
719 2550 794 2590 quia
817 2555 863 2580 est
885 2555 986 2580 mater
1008 2550 1080 2580 Dei.

301 2593 338 2624 11.
362 2593 398 2624 In
408 2600 410 2602 '
420 2593 484 2624 hoc
506 2594 650 2630 articulo,
675 2599 707 2624 et
726 2594 903 2634 specialiter
917 2594 951 2624 in
966 2594 1175 2634 responsione
1191 2593 1231 2625 ad
1245 2599 1306 2624 ter-

245 2638 337 2674 tium,
361 2636 496 2668 dubium
519 2638 667 2674 occurrit,
691 2639 767 2678 quia
789 2647 857 2668 non
880 2637 974 2668 debet
997 2647 1064 2668 esse
1080 2638 1212 2668 minoris
1229 2647 1307 2668 con-

246 2680 375 2712 ditionis
397 2690 446 2712 res
468 2681 648 2712 veneranda
674 2681 853 2712 secundum
879 2691 913 2712 se
943 2687 974 2712 et
1003 2681 1181 2712 secundum
1204 2681 1306 2718 aliud,

246 2734 345 2766 quam
366 2725 394 2756 si
412 2730 494 2756 esset
516 2725 623 2756 solum
637 2725 817 2756 veneranda
832 2725 1010 2756 secundum
1026 2725 1127 2756 aliud:
1152 2727 1307 2766 quoniam

245 2769 465 2800 venerabilitas
487 2769 666 2800 secundum
688 2779 722 2799 se
744 2779 812 2800 non
833 2774 880 2799 est
902 2769 1044 2800 conditio
1064 2769 1244 2801 diminuens
1259 2780 1307 2801 ra-

245 2813 370 2844 tionem
391 2813 644 2843 venerabilitatis.
673 2812 736 2843 Sed
758 2813 856 2843 Beata
877 2813 987 2853 Virgo,
1011 2814 1037 2844 si
1060 2823 1127 2844 non
1150 2820 1231 2845 esset
1252 2824 1307 2845 ve-

246 2856 394 2887 nerabilis
417 2856 595 2887 secundum
617 2866 661 2893 se,
685 2856 740 2887 sed
763 2857 869 2887 solum
887 2858 1010 2888 ratione
1020 2857 1152 2894 Christi,
1169 2864 1204 2889 ut
1220 2868 1306 2895 crux,

247 2900 431 2931 adoraretur
452 2900 550 2937 latria,
574 2909 643 2931 non
665 2901 771 2931 minus
794 2910 892 2941 quam
915 2910 992 2934 crux
1006 2901 1143 2932 Christi:
1168 2903 1244 2943 quia
1258 2903 1307 2933 in—

247 2945 383 2975 trinsece
405 2943 466 2974 fuit
487 2945 533 2975 illi
557 2945 739 2975 coniuncta.
762 2944 848 2985 Ergo
871 2945 966 2976 etiarn
988 2955 1086 2982 nunc,
1110 2951 1146 2976 ut
1164 2956 1214 2977 res
1229 2956 1307 2977 con-

247 2988 356 3019 iuncta
379 2987 517 3024 Christe,
541 2987 702 3019 adoranda
723 2993 771 3019 est
792 2989 896 3019 latria:
921 2994 952 3019 et
967 2989 1144 3020 secundum
1159 2991 1306 3031 seipsam,

247 3031 445 3072 hyperdulia.
468 3050 492 3054 —
509 3032 550 3062 Et
565 3031 780 3063 confirmatur.
804 3032 890 3071 Quia
903 3034 967 3064 iam
983 3033 1104 3065 dictum
1119 3039 1166 3065 est
1180 3035 1198 3051 θ
1219 3035 1308 3075 quod

248 3085 317 3150 nam
337 3076 523 3107 inconvenit
545 3085 644 3108 unam
667 3081 698 3107 et
716 3075 850 3108 eandem
865 3087 1035 3118 personam
1050 3078 1173 3109 adorari
1188 3078 1307 3118 duplici

249 3129 268 3151 a
290 3120 444 3150 oratione.

1411 1800 1463 1831 Ad
1485 1801 1548 1831 hoc
1571 1801 1686 1841 dicitur
1709 1801 1814 1841 quod,
1845 1802 1918 1832 licet
1940 1803 2156 1833 venerabilitas
2183 1803 2358 1834 secundum
2381 1814 2414 1834 se

1357 1854 1424 1875 non
1448 1844 1596 1875 distrahat
1618 1846 1774 1875 rationem
1793 1846 2045 1881 venerabilitatis,
2069 1847 2169 1876 immo
2186 1853 2231 1877 est
2247 1847 2415 1887 perfectior

1358 1888 1533 1919 differentia
1563 1889 1648 1925 eius,
1684 1889 1825 1919 distrahit
1854 1895 1960 1920 tamen
1991 1891 2148 1920 rationem
2174 1891 2414 1921 venerabilitatis

1357 1933 1480 1963 ratione
1503 1933 1645 1963 alterius:
1676 1934 1719 1963 ita
1743 1933 1831 1973 quod
1853 1934 2032 1964 venerabile
2059 1935 2180 1965 ratione
2204 1935 2328 1965 alterius
2355 1935 2416 1965 dis-

1358 1977 1490 2007 trahitur
1511 1987 1568 2017 per
1590 1977 1768 2007 venerabile
1795 1978 1972 2008 secundum
1995 1987 2038 2008 se.
2065 1979 2273 2018 Exemplum:
2305 1988 2360 2018 per
2383 1989 2416 2009 se

1359 2022 1526 2052 subsistere
1550 2031 1617 2052 non
1641 2021 1781 2051 distrahit
1803 2022 1960 2052 rationem
1989 2023 2078 2058 entis,
2103 2022 2158 2052 sed
2181 2028 2227 2052 est
2249 2022 2417 2062 perfectior

1358 2065 1442 2095 illius
1465 2065 1598 2101 modus;
1622 2065 1678 2095 sed
1700 2065 1841 2096 distrahit
1862 2067 2018 2096 rationem
2041 2067 2121 2096 entis
2136 2067 2169 2096 in
2185 2067 2257 2102 aiio,
2274 2072 2351 2106 puta
2366 2076 2416 2097 ac-

1360 2108 1501 2139 cidentis.
1525 2110 1567 2140 Et
1588 2109 1673 2145 ideo,
1697 2109 1772 2139 curn
1795 2109 1883 2139 latria
1905 2110 1985 2140 inter
2008 2115 2162 2140 creaturas
2186 2111 2335 2141 debeatur
2357 2111 2417 2140 soli

1358 2154 1530 2184 venerabili
1545 2154 1667 2183 ratione
1683 2153 1819 2190 alterius,
1840 2163 2040 2193 consequens
2059 2159 2105 2184 est
2127 2154 2215 2194 quod
2239 2154 2419 2194 quodcum-

1360 2207 1423 2237 que
1447 2203 1588 2228 creatum
1612 2203 1658 2228 est
1679 2197 1857 2228 secundum
1880 2207 1913 2228 se
1935 2198 2122 2234 venerabile,
2145 2208 2212 2228 non
2235 2199 2274 2228 sit
2296 2199 2418 2228 ratione

1359 2242 1486 2272 alterius
1509 2241 1688 2272 venerabile
1710 2242 1808 2272 latn'a.

1415 2285 1466 2316 111.
1490 2285 1531 2315 Et
1561 2286 1586 2315 si
1613 2291 1723 2316 contra
1751 2286 1814 2316 hoc
1844 2286 1976 2316 instetur
1999 2286 2087 2326 quod
2110 2286 2267 2316 distractio
2291 2287 2348 2316 ista
2371 2291 2418 2316 est

1359 2339 1433 2360 vera
1455 2330 1489 2359 in
1513 2330 1739 2366 essentialibus,
1762 2339 1830 2360 non
1853 2336 1959 2360 autem
1981 2331 2014 2360 in
2038 2330 2267 2360 accidentaliter
2283 2330 2419 2360 coniun-

1361 2374 1434 2409 ctis,
1459 2373 1594 2414 qualiter
1615 2374 1792 2414 iunguntur
1814 2374 1894 2404 duae
1910 2375 2046 2404 rationes
2062 2374 2282 2404 adorabilitatis
2304 2375 2337 2404 in
2352 2383 2417 2404 una

1359 2427 1510 2458 persona:
1526 2436 1550 2439 —
1564 2417 1794 2457 respondeatur
1810 2418 1899 2458 quod
1913 2428 1972 2448 nos
1987 2428 2054 2448 non
2071 2417 2203 2448 dicimus
2220 2416 2416 2457 oppositum,

1361 2461 1416 2492 sed
1438 2461 1670 2501 respondemus
1693 2467 1880 2501 argumento
1905 2462 1944 2492 de
1967 2461 2150 2493 conditione
2166 2461 2363 2492 distrahente.

1415 2505 1467 2536 Ad
1489 2506 1653 2536 materiam
1677 2511 1800 2542 autern,
1824 2506 1972 2546 dicimus,
1997 2515 2071 2536 cum
2094 2506 2233 2536 Auctore
2256 2506 2289 2535 in
2311 2508 2366 2536 art.
2385 2506 2415 2542 3,

1361 2549 1401 2580 ad
1418 2549 1447 2586 3,
1472 2549 1562 2590 quod
1584 2550 1711 2580 occasio
1736 2551 1847 2580 erroris
1870 2550 1995 2580 vitanda
2018 2549 2092 2580 facit
2106 2555 2142 2580 ut
2157 2549 2314 2579 rationalis
2330 2559 2416 2580 crea-

1361 2598 1431 2624 tura
1453 2603 1521 2624 non
1543 2593 1692 2624 adoretur
1714 2599 1750 2624 ut
1772 2594 1877 2634 imago
1901 2594 1971 2630 Dei,
1996 2599 2036 2630 et,
2059 2594 2126 2634 pari
2148 2594 2278 2630 ratione,
2305 2599 2340 2623 ut
2366 2603 2416 2624 res

1362 2638 1534 2668 coniuncta
1557 2637 1703 2668 Christo:
1727 2647 1769 2668 ne
1792 2638 1910 2668 scilicet
1932 2643 2040 2668 motus
2064 2637 2253 2668 adorationis
2276 2638 2360 2667 sistat
2382 2638 2415 2667 in

1360 2681 1506 2712 rationali
1535 2687 1647 2712 natura
1675 2681 1852 2712 secundum
1882 2692 1925 2712 se.
1960 2682 2138 2720 Quocirca,
2171 2682 2251 2711 sicut
2281 2690 2417 2721 persona

1362 2725 1479 2756 Christi
1501 2735 1568 2756 non
1591 2726 1651 2756 nisi
1674 2726 1763 2756 latria
1785 2735 1988 2762 veneramur,
2013 2726 2052 2756 ad
2075 2725 2256 2756 evitandum
2279 2734 2416 2755 errorem

1360 2771 1591 2801 recurrentium
1614 2769 1653 2800 ad
1677 2770 1839 2800 Christum
1862 2775 1898 2800 ut
1920 2779 2033 2809 puram
2057 2774 2248 2805 creaturam;
2278 2770 2319 2799 ita
2345 2778 2416 2808 per-

1362 2823 1475 2845 sonam
1497 2814 1613 2844 Beatae
1635 2814 1772 2853 Virginis
1795 2814 1862 2844 sola
1877 2813 2063 2854 hyperdulia
2078 2813 2282 2848 honoramus,
2298 2808 2338 2843 'ad
2353 2813 2416 2843 evi-

1361 2858 1494 2889 tandum
1518 2867 1656 2888 errorem
1681 2867 1793 2887 eorum
1823 2858 1879 2897 qui
1902 2857 2023 2887 latriam
2046 2857 2248 2887 terminarent
2277 2856 2315 2886 ad
2338 2857 2417 2886 Bea-

1361 2908 1426 2933 tam
1449 2902 1613 2942 Virginem
1636 2901 1812 2932 secundum
1835 2910 1878 2931 se.
1901 2901 1977 2930 Non
2001 2901 2085 2930 enim
2109 2900 2197 2940 plebs
2215 2906 2338 2930 tantum
2361 2909 2417 2940 pe-

1360 2951 1497 2977 netraret
1519 2952 1555 2976 ut
1577 2945 1721 2978 adoraret
1742 2945 1830 2974 latria
1854 2944 2015 2974 Christum
2038 2945 2071 2974 in
2094 2944 2190 2974 Beata
2211 2945 2356 2983 Virgine,
2386 2949 2417 2974 et

1361 2999 1505 3021 seorsum
1528 2989 1672 3020 adoraret
1693 2987 1880 3028 hyperdulia
1901 2988 2002 3028 ipsam
2032 2987 2208 3018 secundum
2231 2998 2265 3018 se
2287 2988 2415 3018 Beatam

1360 3035 1542 3074 Virginem:
1574 3033 1641 3062 sine
1665 3041 1728 3072 qua
1751 3031 1939 3062 discretione
1967 3041 2053 3062 error
2075 3031 2238 3062 accideret.
2274 3032 2314 3062 Et
2342 3031 2414 3061 ideo

1361 3078 1545 3117 simpliciter
1568 3076 1682 3106 dicitur
1705 3075 1793 3115 quod
1815 3084 1883 3105 non
1906 3081 1952 3105 est
1975 3075 2133 3106 adoranda
2154 3075 2258 3111 latria,
2282 3075 2336 3105 sed
2359 3076 2415 3115 hy-

1359 3121 1512 3162 perdulia.

2432 485 2440 494 ⁸
2455 483 2482 504 D.
2498 483 2551 509 844.

2437 1271 2446 1281 ⁶
2460 1270 2485 1291 In
2503 1276 2609 1298 corpore,
2624 1274 2647 1292 et

2436 1301 2478 1318 art.
2491 1304 2515 1323 4·
2532 1324 2545 1332 κ

2532 1332 2546 1348 0
