2872 3970
883 291 1145 338 QUAESTIO
1157 286 1161 290 ’
1175 291 1350 339 XXXIV,
1380 292 1671 329 ARTICULUS
1700 293 1729 328 II

220 370 432 418 intelligere,
451 371 548 407 velle
577 377 612 406 et
639 369 776 406 sentire
804 381 884 406 non
903 377 958 406 est
985 377 1113 405 motus
1142 369 1208 418 qui
1232 369 1278 406 sit

220 429 321 461 actus
347 423 568 472 imperfecti,
597 422 704 471 quod
732 421 943 459 successive
971 421 1181 471 perficitur;
1211 422 1277 458 sed

168 493 196 507 ··
220 483 275 514 est
292 481 393 513 actus
411 477 486 512 iam
505 475 674 525 perfecti,
693 482 735 511 ut
759 474 894 511 dicitur
912 474 952 511 in
970 475 1015 511 III
1035 475 1079 510 de
1092 475 1231 511 Anima
1244 474 1275 510 ²¹⁶.

188 525 195 532 '
220 529 268 566 Et
293 528 380 565 ideo
408 527 615 565 dicendum
643 534 698 563 est
734 528 840 576 quod
874 527 1046 564 Christus
1083 527 1123 563 in
1150 526 1276 575 primo

218 579 369 618 instanti
396 592 488 617 suae
516 579 776 628 conceptionis
803 579 938 616 habuit
959 592 1075 617 usum
1094 579 1200 616 liberi
1220 591 1276 616 ar-

219 632 329 670 bitrii.

270 686 327 723 An
355 697 489 722 PRJMUM
517 696 615 722 ERGO
643 696 824 722 monimum
844 685 950 734 quod
979 697 1060 722 esse
1090 692 1145 721 est
1171 684 1277 734 prius

18 766 21 775 Ι
44 729 56 735 ’·
217 735 352 776 natura
378 749 498 787 quam
525 749 653 786 agere:
689 749 769 774 non
797 745 927 775 tamen
964 745 1018 774 est
1049 737 1156 786 prius
1183 745 1277 774 tem-

216 790 321 840 pore,
341 790 420 836 sed,
441 789 555 827 simul
574 802 665 827 curn
684 801 799 838 agens
818 790 934 828 habet
953 802 1034 827 esse
1053 790 1276 839 perfectum,

217 841 346 892 incipit
379 854 509 891 agere,
545 841 618 879 nisi
650 841 695 879 sit
722 841 865 891 aliquid
902 842 1127 892 impediens
1172 842 1278 880 Sicut

123 901 149 930 ἑ»
172 930 181 935 ,
217 893 323 944 ignis,
351 894 465 932 simul
493 907 584 932 cum
611 902 824 943 generatur,
853 894 983 944 incipit
1011 895 1213 932 calefacere
1241 903 1278 932 et

217 945 440 985 illuminare.
471 947 548 985 Sed
575 947 767 985 calefactio
795 960 877 984 non
903 947 1128 985 terminatur
1154 947 1194 984 in
1221 946 1276 984 in-

217 999 337 1047 stanti,
366 1001 433 1037 sed
459 1012 530 1050 per
556 1000 739 1050 temporis
758 1000 1058 1038 successionem:
1088 999 1277 1037 illumina-

215 1051 268 1091 tio
296 1060 425 1090 autem
452 1053 647 1102 perficitur
673 1053 713 1090 in
732 1052 894 1090 instanti.
925 1054 973 1090 Et
999 1053 1081 1090 talis
1105 1052 1275 1102 operatio

217 1112 272 1142 est
297 1117 390 1142 usus
417 1105 524 1142 liberi
552 1105 704 1153 arbitrii,
733 1114 775 1142 ut
803 1105 947 1143 dictum
976 1114 1030 1142 est
1048 1105 1079 1142 ²³⁸.

267 1159 325 1195 AD
350 1170 539 1196 SECUNDUM
557 1170 738 1196 mcx-:noum
757 1159 876 1207 quod,
897 1158 1009 1195 simul
1036 1170 1124 1195 curn
1149 1157 1276 1194 termi-

121 1237 146 1263 [ζ
215 1217 328 1249 natur
353 1210 557 1248 consilium
584 1213 646 1248 vel
674 1210 912 1258 deliberatio,
940 1219 1065 1260 potest
1092 1223 1174 1248 esse
1203 1211 1276 1247 ele-

157 1289 159 1291 ·
215 1261 301 1301 ctio.
329 1262 384 1300 Illi
403 1271 534 1301 autem
555 1263 622 1312 qui
641 1263 912 1300 deliberatione
932 1263 1077 1300 consilii
1096 1262 1274 1311 indigent,

133 1325 138 1333 ‘
215 1310 256 1356 in
281 1314 364 1365 ipsa
384 1315 650 1353 terminatione
669 1315 816 1353 consilii
841 1316 969 1365 primo
998 1316 1140 1353 habent
1168 1315 1275 1353 certi-

122 1351 158 1397 ᾗ
209 1358 388 1419 'tudinem
425 1368 474 1406 de
506 1368 704 1417 eligendis:
742 1376 778 1406 et
813 1368 901 1406 ideo
934 1368 1060 1406 statim
1078 1374 1093 1397 Ὺ
1122 1368 1275 1417 eligunt.

127 1451 163 1458 ,λ
182 1452 187 1460 .
215 1419 274 1467 ΕΚ
299 1433 378 1470 quo
405 1428 508 1470 patet
535 1421 641 1471 quod
665 1421 885 1459 deliberatio
905 1421 1050 1459 consilii
1070 1433 1150 1458 non
1167 1433 1276 1471 prae-

207 1472 374 1529 exigitur
400 1473 449 1511 ad
472 1473 695 1512 electionem
725 1474 797 1511 nisi
815 1482 973 1524 propter
990 1473 1277 1523 inquisitionem

2316 293 2388 340 347

1332 369 1474 406 incerti.
1519 369 1692 407 Christus
1726 377 1855 406 autem
1890 369 1928 405 in
1963 369 2089 418 primo
2118 370 2268 407 instanti
2300 383 2390 407 suae

1333 421 1611 471 conceptionis,
1648 422 1742 458 sicut
1778 422 1910 458 habuit
1943 421 2219 470 plenitudinem
2253 422 2391 471 gratiae

1332 474 1567 512 iustificantis
1593 473 1626 521 δ,
1663 474 1712 511 ita
1747 474 1879 511 habuit
1916 474 2193 523 plenitudinem
2228 476 2392 512 veritatis

1332 527 1524 575 cognitae:
1561 527 1775 564 secundum
1813 526 1906 563 illud
1929 526 1963 563 *ε
1992 528 2141 575 plenum
2178 530 2325 577 gratiae
2360 535 2392 564 et

1331 582 1502 618 veritatis.
1534 580 1656 626 Unde,
1686 579 1795 628 quasi
1824 579 1970 615 habens
1998 579 2175 616 omnium
2204 580 2392 617 certitudi-

1332 644 1434 679 nem,
1463 631 1586 681 potuit
1614 631 1739 668 statim
1766 631 1805 668 in
1834 631 1983 668 instanti
2012 632 2157 680 eligere.

1385 686 1442 722 Ao
1469 697 1628 721 TERTIUM
1655 696 1836 722 mCENDUM
1864 685 1971 733 quod
2003 684 2212 722 intellectus
2243 685 2391 731 Christi,

1333 734 1548 774 secundum
1577 736 1773 774 scientiam
1801 736 1986 783 infusam,
2015 745 2163 786 poterat
2190 737 2393 786 intelligere

1332 790 1447 827 etiam
1482 802 1561 826 non
1590 790 1850 826 convertendo
1880 802 1918 826 se
1954 790 2003 826 ad
2030 791 2316 839 phantasmata,
2352 799 2394 827 ut

1332 854 1449 892 supra
1467 842 1487 864 '¹‘
1515 842 1690 879 habitum
1718 850 1784 878 est.
1827 843 1938 880 Unde
1976 851 2123 891 poterat
2160 842 2199 879 in
2231 855 2278 880 eo
2312 855 2393 880 esse

1332 894 1502 944 operatio
1536 895 1741 932 voluntatis
1774 902 1809 931 et
1841 895 2049 932 intellectus
2082 896 2226 944 absque
2260 908 2393 944 opera-

1332 947 1434 984 tione
1463 959 1608 984 sensus.

1386 1001 1462 1037 Sed
1495 1009 1624 1037 tamen
1662 1000 1786 1049 potuit
1821 1000 1859 1036 in
1888 1013 1934 1037 eo
1970 1013 2051 1037 esse
2080 1000 2194 1038 etiam
2223 1001 2393 1050 operatio

1331 1065 1466 1089 sensus
1494 1052 1534 1089 in
1561 1053 1688 1101 primo
1712 1052 1864 1090 instanti
1892 1065 1983 1090 suae
2007 1053 2283 1102 conceptionis:
2314 1066 2394 1091 ma-

1331 1105 1432 1142 xime
1457 1113 1647 1154 quantum
1667 1106 1716 1142 ad
1736 1117 1892 1142 sensum
1912 1113 2043 1152 tactus,
2074 1118 2152 1155 quo
2173 1119 2287 1143 sensu
2307 1119 2394 1155 pro-

1331 1160 1384 1195 les
1412 1166 1598 1206 concepta
1626 1158 1737 1194 sentit
1756 1157 1794 1194 in
1814 1165 1934 1194 matre
1956 1158 2069 1195 etiam
2090 1167 2297 1207 antequam
2317 1159 2395 1195 ani-

1330 1223 1438 1247 mam
1466 1210 1691 1247 rationalem
1719 1210 1898 1256 obtineat‚
1929 1219 1969 1247 ut
1998 1211 2134 1248 dicitur
2161 1211 2199 1248 in
2227 1211 2323 1248 libro
2352 1213 2397 1248 de

1334 1264 1506 1300 Gener-at.
1526 1263 1691 1300 Animal.
1711 1263 1731 1284 ’¹‘
1759 1263 1882 1305 Unde,
1906 1275 1997 1300 cum
2018 1263 2191 1300 Christus
2211 1263 2250 1300 in
2269 1264 2395 1312 primo

1331 1315 1483 1353 instanti
1512 1328 1603 1352 suae
1632 1316 1892 1365 conceptionis
1926 1316 2059 1353 habuit
2086 1316 2256 1353 animam
2285 1317 2396 1353 ratio-

1331 1370 1474 1416 nalem,
1504 1369 1667 1406 formato
1696 1368 1774 1406 iam
1802 1377 1838 1406 et
1866 1369 2084 1417 organizato
2113 1381 2273 1418 corpore
2303 1369 2395 1416 eius,

1331 1423 1454 1459 multo
1490 1421 1611 1470 magis
1648 1421 1687 1458 in
1716 1422 1856 1459 eodem
1884 1422 2036 1459 instanti
2074 1430 2222 1471 poterat
2255 1422 2396 1459 habere

1332 1474 1598 1523 operationem
1627 1487 1761 1511 sensus
1788 1483 1921 1511 tactus.

266 1603 295 1639 γ)
311 1605 412 1631 statim.
429 1619 449 1624 -
467 1613 519 1630 non
538 1606 630 1631 statim
651 1606 679 1631 P.

1383 1605 1408 1640 ὀ)
1428 1606 1605 1638 iustificantis.
1623 1620 1642 1624 -
1659 1606 1851 1639 sanctificantis
1869 1606 1951 1632 tertia.

889 1680 1226 1727 Commentario·
1248 1693 1501 1726 Cardinalis
1524 1693 1726 1726 Caietam

273 1791 380 1812 nurus
396 1781 508 1812 clarus.
528 1782 555 1804 ’-
577 1782 612 1812 In
633 1791 768 1822 corpore
789 1783 884 1813 unica
905 1788 951 1813 est
971 1783 1153 1813 conclusio:
1181 1782 1274 1813 Chri-

207 1851 225 1863 „
272 1831 341 1856 stus
367 1826 399 1856 in
421 1826 531 1866 primo
556 1826 688 1856 instanti
709 1836 789 1857 suae
810 1827 1028 1867 conceptionis
1049 1827 1160 1857 habuit
1183 1836 1275 1857 usum

119 1855 156 1909 ¹5⁸
206 1869 306 1903 'tiberi
321 1869 459 1900 arbitrii.
483 1870 647 1900 Probatur.
671 1870 840 1901 Humanae
855 1876 986 1901 naturae
1002 1876 1182 1910 assumptae
1199 1880 1276 1900 con-

118 1915 143 1951 :ss
213 1914 301 1949 venit
329 1913 498 1954 spiritualis
525 1913 680 1953 perfectio
711 1924 729 1944 a
755 1914 924 1954 principio.
959 1915 1044 1954 Ergo
1069 1914 1214 1944 Christus
1243 1914 1277 1943 in

214 1957 319 2002 primo
335 1967 411 1988 suae
427 1958 647 1997 conceptionis
662 1958 791 1988 instanti
813 1959 924 1989 habuit
946 1958 1033 1988 illam
1056 1959 1278 1998 operationem

236 2003 297 2032 uae
319 2007 426 2042 potest
456 2002 491 2031 in
513 2002 641 2032 instanti
669 2002 788 2032 haberi.
823 2002 908 2043 Ergo
936 2003 1047 2032 habuit
1074 2008 1152 2032 tunc
1182 2011 1278 2032 usum

218 2042 305 2077 ‘beri
328 2045 455 2076 arbitrii.

268 2088 470 2120 Antecedens
492 2089 626 2120 habetur
649 2099 687 2120 ex
710 2099 805 2130 supra
820 2089 921 2127 dictis,
946 2090 1035 2130 quod
1051 2090 1196 2120 Christus
1211 2099 1279 2120 non

213 2133 350 2175 profecit
371 2134 405 2164 in
428 2133 581 2174 spirituali
607 2133 804 2174 perfectione
819 2135 846 2164 “.
869 2151 893 2156 —
915 2133 1156 2174 Consequentia
1177 2134 1280 2173 prima

207 2176 376 2220 probatur.
400 2177 486 2216 Quia
499 2176 654 2217 perfectio
670 2178 783 2208 ultima
800 2187 868 2208 non
883 2179 918 2208 in
933 2178 1077 2218 potentia
1091 2178 1142 2208 vel
1157 2178 1278 2213 habitu,

214 2221 271 2262 sed
296 2222 483 2263 operatione
514 2221 666 2252 consistit.
701 2221 737 2252 In
765 2222 856 2252 cuius
883 2222 1027 2262 signum,
1052 2222 1079 2252 11
1102 2221 1141 2252 de
1162 2221 1279 2252 Anima

158 2271 161 2275 '
207 2267 359 2307 'operatio
385 2270 477 2296 actus
498 2265 658 2296 secundus
680 2264 803 2296 dicitur.
827 2284 850 2288 -
873 2265 1114 2306 Consequentia
1140 2265 1281 2296 secunda

214 2309 376 2350 probatur.
410 2309 495 2347 Quia
525 2310 669 2350 operatio
692 2309 871 2340 intellectus
895 2315 926 2340 et
947 2309 1135 2345 voluntatis,
1159 2311 1192 2340 in
1217 2318 1280 2349 qua

214 2356 293 2385 usus
310 2353 428 2384 arbitrii
443 2353 533 2384 liberi
549 2353 702 2389 consistit,
725 2358 832 2393 potest
846 2353 955 2384 haberi
970 2354 1003 2384 in
1018 2354 1156 2384 instanti.
1181 2353 1280 2391 Quod

153 2395 164 2413 ῥ’
179 2400 185 2406 ’
217 2396 391 2429 declaratur
406 2407 424 2428 a
438 2397 566 2433 minori,
583 2407 620 2427 ex
637 2398 822 2437 operatione
838 2398 933 2428 visus.
957 2398 998 2428 Et
1013 2398 1166 2438 probatur
1185 2398 1280 2428 ratio-

216 2450 272 2473 ne:
295 2441 371 2482 quia
386 2446 433 2472 est
454 2446 563 2472 motus
586 2441 643 2481 qui
666 2446 714 2471 est
735 2446 824 2471 actus
846 2441 989 2481 perfecti,
1006 2441 1046 2472 ad
1069 2441 1279 2472 differentiam

129 2493 130 2496 ’
146 2495 167 2518 ,z
217 2490 325 2521 motus
340 2485 396 2526 qui
418 2484 581 2526 perficitur
595 2485 783 2521 successive,
800 2490 836 2515 ut
858 2484 972 2516 dicitur
987 2486 1021 2516 in
1037 2485 1079 2516 111
1095 2485 1134 2516 de
1149 2485 1277 2516 Anima.

273 2528 311 2560 11.
335 2528 428 2560 Circa
450 2534 650 2570 assumptum
668 2529 763 2559 huius
781 2539 950 2569 processus
973 2529 1108 2560 dubium
1131 2530 1279 2565 occurrit,

219 2573 372 2617 qnoniam
387 2573 596 2614 aequivocare
607 2571 732 2605 videtur
747 2572 1010 2613 deperfectione.
1026 2573 1110 2604 Nam
1125 2573 1279 2613 perfectio

216 2619 306 2648 nctus
327 2616 460 2648 secundi
488 2627 556 2648 non
579 2622 625 2647 est
647 2617 877 2648 inconveniens
900 2617 989 2657 quod
1012 2617 1052 2648 de
1074 2627 1162 2648 novo
1186 2617 1280 2648 adve-

216 2661 300 2693 nerit
321 2662 444 2692 animae
468 2660 595 2697 Christi,
619 2662 715 2692 etiam
737 2661 916 2692 secundum
938 2662 1103 2692 scientiam
1123 2661 1278 2692 infusam:

216 2705 378 2745 alioquin,
410 2706 516 2736 anima
538 2705 655 2736 Christi
686 2714 812 2745 semper
841 2705 951 2736 fuisset
979 2707 1013 2736 in
1040 2711 1113 2736 actu
1136 2705 1278 2736 secundo

218 2754 364 2790 respectu
394 2749 541 2780 omnium
574 2759 656 2789 quae
685 2755 822 2789 possunt
851 2750 1004 2789 cognosci
1032 2759 1090 2790 per
1116 2751 1280 2780 scientiam

218 2792 372 2830 infusam,
396 2793 486 2833 quod
507 2798 594 2833 patet
617 2803 683 2824 esse
707 2793 831 2824 falsum.
859 2792 1018 2824 Proficere
1042 2803 1116 2834 ergo
1141 2794 1280 2825 animam

198 2845 201 2847 ·
220 2836 336 2868 Christi
358 2837 392 2868 in
413 2836 610 2878 perfectione
633 2837 786 2877 spirituali
814 2843 921 2877 potest
944 2838 1076 2878 intelligi
1100 2838 1278 2878 dupliciter.

219 2880 336 2918 Primo,
360 2881 537 2912 secundum
560 2881 791 2921 perfectionem
813 2887 901 2911 actus
924 2881 1065 2912 secundi.
1090 2882 1131 2912 Et
1149 2882 1193 2912 sic
1212 2892 1279 2912 non

219 2925 404 2956 inconvenit
425 2926 564 2955 animam
588 2924 704 2955 Christi
727 2924 909 2965 profecisse.
933 2925 1008 2956 Alio
1031 2925 1142 2961 modo,
1166 2935 1279 2956 secun-

220 2968 297 3000 dum
319 2969 549 3010 perfectionem
573 2974 661 2999 actus
683 2969 787 3009 primi.
818 2969 859 2999 Et
881 2969 936 3005 sic,
961 2968 1034 2999 dato
1059 2969 1148 3010 quod
1171 2971 1209 3000 sit
1230 2970 1279 3000 in-

219 3014 423 3049 conveniens,
437 3018 484 3043 est
495 3018 580 3043 extra
590 3013 810 3052 propositum:
832 3013 907 3052 quia
922 3012 962 3043 de
977 3012 1174 3052 perfectione
1191 3019 1280 3044 actus

220 3056 349 3088 secundi
372 3057 533 3097 quaeritur
556 3062 587 3086 et
609 3062 766 3092 tractatur,
791 3062 827 3086 ut
848 3062 944 3096 patet.
969 3057 1009 3086 Et
1030 3058 1074 3087 sic
1091 3057 1280 3088 antecedens

219 3101 297 3132 ruit:
322 3110 359 3131 ac
382 3110 439 3140 per
461 3101 535 3136 hoc,
559 3105 646 3130 totus
667 3109 836 3140 processus
857 3101 988 3130 litterae.

273 3144 325 3176 111.
349 3144 400 3175 Ad
422 3145 485 3175 hoc
509 3143 622 3174 dicitur
645 3143 734 3184 quod
757 3143 843 3174 aliud
858 3150 905 3174 est
920 3144 1082 3184 acquirere
1098 3145 1282 3185 simpliciter

221 3193 327 3220 actum
342 3188 536 3219 secundum:
557 3193 589 3218 et
603 3187 689 3218 aliud
705 3194 751 3218 est
765 3188 895 3218 transire
912 3187 951 3218 de
967 3197 1034 3218 uno
1049 3194 1122 3219 actu
1138 3188 1279 3220 secundo

219 3231 255 3263 in
277 3232 384 3263 alium.
417 3232 501 3270 Quia
524 3233 558 3262 in
580 3232 790 3272 acquisitione
813 3231 997 3272 simpliciter
1020 3238 1108 3262 actus
1131 3232 1279 3269 secundi,

1329 1782 1459 1822 quando
1484 1783 1603 1813 scilicet
1626 1784 1731 1814 anima
1758 1793 1795 1813 ex
1819 1793 1886 1814 non
1911 1789 2063 1823 operante
2086 1782 2122 1813 fit
2145 1793 2295 1823 operans,
2321 1794 2397 1814 con-

1329 1827 1408 1856 sistit
1435 1826 1598 1866 profectus
1627 1827 1727 1867 ipsius
1755 1828 1895 1869 animae:
1927 1826 2054 1867 proficit
2085 1828 2171 1857 enim
2202 1828 2396 1867 acquirendo

1330 1880 1421 1900 suam
1443 1870 1676 1910 perfectionem
1706 1876 1738 1901 et
1760 1870 1875 1907 finem,
1899 1877 2030 1911 propter
2059 1880 2157 1910 quem
2186 1877 2250 1907 est;
2283 1881 2397 1901 unum-

1330 1914 1478 1955 quodque
1500 1915 1584 1945 enim
1607 1920 1654 1946 est
1676 1921 1815 1955 propter
1837 1925 1929 1946 suam
1954 1916 2192 1955 operationem,
2225 1921 2260 1945 ut
2284 1915 2398 1946 dicitur

1331 1959 1358 1988 II
1378 1958 1466 1989 Cael.
1486 1959 1502 1975 ⁴*
1533 1959 1569 1989 In
1598 1959 1792 1989 transeundo
1816 1969 1892 1990 vero
1923 1959 1962 1990 de
1993 1969 2060 1989 uno
2089 1965 2162 1989 actu
2192 1959 2334 1989 secundo
2365 1960 2398 1990 in

1332 2003 1430 2033 alium
1453 2012 1521 2034 non
1545 2004 1688 2033 consistit
1710 2003 1873 2043 profectus
1895 2004 1994 2043 ipsius
2018 2004 2161 2033 animae:
2191 2009 2227 2033 ut
2250 2009 2336 2043 patet
2361 2014 2398 2034 ex

1333 2056 1372 2076 eo
1397 2047 1487 2087 quod
1515 2047 1710 2087 quandoque
1734 2047 1773 2077 ad
1797 2047 2065 2087 imperfectiorem
2089 2053 2197 2078 actum
2220 2047 2398 2078 secundum

1333 2091 1489 2130 contingit
1512 2100 1550 2121 ex
1573 2090 1755 2131 perfectiori
1777 2093 1924 2127 transire3
1957 2092 2012 2122 ubi
2041 2101 2108 2122 non
2136 2091 2308 2132 proficere,
2343 2092 2398 2122 sed

1333 2134 1469 2165 deficere
1491 2135 1599 2174 potius
1622 2135 1792 2165 invenitur.
1827 2136 1868 2165 Et
1890 2141 2076 2175 propterea,
2105 2135 2178 2165 licet
2200 2135 2326 2166 nullum
2350 2136 2398 2166 in-

1333 2177 1528 2209 conveniens
1551 2180 1591 2209 sit
1610 2188 1732 2218 ponere
1747 2180 1780 2209 in
1797 2179 1914 2210 Christi
1929 2180 2035 2209 anima
2049 2189 2153 2210 novos
2172 2179 2291 2210 multos
2308 2186 2397 2211 actus

1333 2222 1492 2253 secundos
1508 2232 1564 2262 per
1576 2232 1759 2253 successum
1771 2224 1935 2263 temporis,
1948 2224 2178 2254 inconveniens
2194 2229 2300 2254 tamen
2317 2230 2398 2254 esset

1333 2276 1455 2306 ponere
1485 2268 1624 2297 animam
1646 2267 1746 2306 ipsius
1776 2267 1914 2297 totaliter
1941 2268 2077 2297 caruisse
2101 2267 2296 2307 quandoque
2325 2273 2398 2298 actu

1333 2310 1493 2341 secundo:
1519 2311 1593 2350 quia
1616 2309 1726 2341 fuisset
1748 2311 1933 2350 simpliciter
1955 2310 2140 2350 imperfecta
2159 2317 2245 2347 tunc,
2271 2317 2302 2341 et
2324 2321 2396 2342 vere

1333 2354 1535 2394 profecisset,
1559 2364 1626 2385 non
1650 2354 1828 2385 secundum
1851 2355 1933 2385 hanc
1955 2355 2005 2385 vel
2033 2355 2120 2385 illam
2147 2355 2396 2394 perfectionem,

1333 2398 1389 2429 sed
1412 2399 1613 2439 simpliciter;
1638 2398 1727 2439 quod
1751 2399 1955 2429 excellentiae
1978 2399 2102 2429 animae
2125 2404 2307 2438 assumptae
2329 2409 2396 2430 non

1333 2449 1499 2473 consonat.
1524 2443 1565 2473 Et
1588 2444 1663 2483 quia
1686 2451 1852 2482 processus
1876 2443 1996 2473 litterae
2019 2442 2186 2478 fundatur,
2210 2452 2278 2473 non
2301 2453 2397 2483 super

1333 2487 1392 2517 hac
1408 2487 1458 2517 vel
1475 2487 1528 2517 illa
1542 2487 1738 2527 perfectione
1755 2493 1843 2517 actus
1859 2486 2000 2522 secundi,
2019 2486 2074 2517 sed
2090 2496 2185 2527 super
2200 2486 2397 2527 perfectione

1334 2531 1487 2571 spirituali
1510 2531 1703 2571 simpliciter,
1729 2536 1759 2560 et
1783 2540 1878 2570 super
1893 2530 2040 2571 profectu
2060 2530 2236 2561 secundum
2252 2531 2397 2571 spiritua-

1333 2575 1397 2606 lem
1420 2575 1651 2615 perfectionem
1674 2575 1867 2615 simpliciter,
1891 2574 1965 2605 ideo
1988 2584 2100 2605 verum
2123 2575 2253 2605 assumit
2277 2581 2307 2605 et
2331 2575 2396 2605 effi-

1334 2618 1651 2650 caciterconcludit:
1677 2624 1804 2658 oportet
1828 2620 1913 2649 enim
1936 2628 2057 2658 ponere
2081 2619 2219 2649 animam
2239 2618 2355 2649 Christi
2379 2630 2396 2649 a

1333 2664 1492 2703 principio
1516 2664 1559 2693 ita
1581 2662 1755 2703 perfectam
1778 2663 1962 2703 simpliciter
1985 2668 2020 2693 ut
2043 2672 2109 2693 non
2128 2662 2298 2702 profecerit
2321 2664 2395 2693 sim-

1333 2708 1466 2747 pliciter.
1501 2707 1552 2737 Ad
1575 2708 1639 2737 hoc
1662 2712 1770 2737 autem
1799 2706 1964 2737 manifeste
1989 2712 2111 2737 constat
2134 2708 2225 2746 sequi
2253 2713 2283 2737 et
2307 2707 2396 2746 quod

1334 2762 1352 2782 a
1380 2752 1539 2792 principio
1571 2750 1631 2781 fuit
1653 2752 1687 2781 in
1720 2756 1808 2781 actus
1840 2751 1972 2781 secundi
2000 2750 2215 2790 perfectione3
2241 2757 2272 2781 et
2306 2751 2395 2791 quod

1334 2796 1531 2836 oppositum,
1554 2795 1673 2825 scilicet
1689 2794 1777 2835 quod
1793 2794 1887 2825 fuerit
1902 2795 1934 2824 in
1951 2795 2107 2834 principio
2124 2795 2260 2824 totaliter
2276 2795 2395 2835 absque

1333 2839 1476 2870 secundo
1493 2845 1575 2874 actu,
1588 2844 1744 2878 repugnat
1755 2838 1943 2878 perfectioni
1959 2838 2142 2877 simpliciter
2157 2839 2255 2878 ipsius
2272 2839 2395 2869 animae

1334 2894 1352 2914 a
1375 2884 1542 2924 principio.
1567 2883 1608 2912 Et
1630 2888 1798 2922 propterea
1822 2882 1942 2921 optime
1967 2882 2088 2912 illatum
2105 2889 2150 2912 est
2174 2882 2263 2922 quod
2285 2883 2396 2913 habuit

1333 2929 1366 2958 in
1389 2928 1493 2967 primo
1518 2927 1644 2956 instanti
1669 2927 1736 2956 illas
1760 2926 1961 2965 operationes
1985 2935 2063 2965 quas
2086 2927 2191 2965 potuit
2214 2927 2247 2956 in
2270 2927 2326 2958 illo
2347 2927 2395 2957 in-

1333 2972 1426 3002 stanti
1449 2971 1581 3000 habere:
1606 2975 1747 3004 servato,
1775 2969 1914 3009 intellige
1938 2975 1991 3005 tu,
2020 2976 2150 3000 naturae
2178 2976 2209 3000 et
2233 2970 2394 3001 decentiae

1334 3015 1455 3046 ordine.
1472 3013 1571 3052 Quod
1583 3013 1655 3044 dico
1671 3023 1712 3043 ne
1728 3013 1931 3043 confundaris
1948 3013 2116 3043 scrutando
2134 3023 2216 3053 quae
2232 3020 2278 3044 est
2293 3015 2396 3044 maior

1333 3060 1412 3089 ratio
1437 3058 1475 3088 de
1498 3059 1556 3087 ista
1579 3067 1676 3097 quam
1708 3056 1746 3087 de
1770 3057 1822 3086 illa
1845 3058 2030 3096 operatione
2062 3057 2150 3097 quod
2173 3059 2278 3088 habita
2301 3058 2395 3088 fuerit

1333 3103 1367 3132 in
1389 3102 1444 3132 illo
1468 3102 1572 3141 primo
1591 3101 1728 3131 instanti.
1751 3101 1882 3140 Absque
1899 3101 1996 3131 dubio
2014 3102 2100 3132 enim
2116 3107 2238 3132 constat
2253 3103 2393 3142 primurn

1334 3155 1470 3186 operum
1486 3151 1678 3180 nostrorum,
1692 3154 1758 3184 quo
1774 3145 1902 3184 reliquis
1918 3146 2047 3181 utimur,
2061 3147 2231 3176 consistere
2247 3146 2279 3176 in
2292 3146 2393 3176 libero

1335 3190 1478 3219 arbitrio:
1503 3194 1534 3219 et
1556 3188 1629 3219 ideo
1654 3189 1775 3228 optime
1799 3189 1988 3219 conclusum
2011 3190 2044 3220 in
2067 3190 2177 3223 littera.
2202 3199 2268 3220 non
2288 3190 2393 3220 solum

1335 3233 1373 3263 de
1397 3233 1548 3272 possibili,
1573 3232 1627 3262 sed
1651 3232 1690 3262 de
1714 3232 1797 3262 facto
1821 3233 1853 3263 in
1877 3233 1982 3263 anima
2005 3233 2121 3264 Christi
2144 3240 2231 3264 tunc.

2517 489 2531 513 δ

2421 544 2430 554 “
2451 543 2515 565 loun.
2539 549 2588 571 cap.
2611 549 2631 570 1,

2421 576 2478 591 vers.
2495 577 2529 596 ¹4·

2422 855 2433 865 ·
2447 854 2494 882 Qu.
2509 860 2542 881 xi,
2556 858 2597 876 art.
2612 860 2632 876 2.

2425 1275 2433 1285 ⁸
2444 1275 2494 1297 Lib.
2502 1274 2531 1301 11,
2542 1279 2592 1301 cap.
2601 1281 2635 1296 in.

2427 1965 2435 1974 “
2451 1963 2482 1985 Ca
2501 1969 2585 1989 .¹u.n.
2599 1971 2637 1985 ι.-

2426 1991 2450 2012 S.
2465 1990 2485 2011 T
2504 2005 2510 2012 .
2525 1990 2576 2011 lect.
2593 1996 2623 2011 iv.
