<?xml version="1.0" encoding="UTF-8"?>
<!DOCTYPE html PUBLIC "-//W3C//DTD XHTML 1.0 Transitional//EN"
    "http://www.w3.org/TR/xhtml1/DTD/xhtml1-transitional.dtd">
<html xmlns="http://www.w3.org/1999/xhtml" xml:lang="en" lang="en">
 <head>
  <title>
</title>
<meta http-equiv="Content-Type" content="text/html;charset=utf-8" />
  <meta name='ocr-system' content='tesseract 3.04.00' />
  <meta name='ocr-capabilities' content='ocr_page ocr_carea ocr_par ocr_line ocrx_word'/>
</head>
<body>
  <div class='ocr_page' id='page_1' title='image "./operaomniaiussui11thom_0389.png"; bbox 0 0 2872 3970; ppageno 0'>
   <div class='ocr_carea' id='block_1_1' title="bbox 0 477 406 3464">
    <p class='ocr_par' dir='ltr' id='par_1_1' title="bbox 0 477 406 3464">
     <span class='ocr_line' id='line_1_1' title="bbox 0 477 210 825; baseline 0 -192"><span class='ocrx_word' id='word_1_1' title='bbox 0 477 210 825; x_wconf 95' lang='lat' dir='ltr'>   </span> 
     </span>
     <span class='ocr_line' id='line_1_2' title="bbox 0 825 200 992; baseline 0 -107"><span class='ocrx_word' id='word_1_2' title='bbox 0 825 200 992; x_wconf 95' lang='lat' dir='ltr'>   </span> 
     </span>
     <span class='ocr_line' id='line_1_3' title="bbox 0 992 188 1045; baseline 0 2925"><span class='ocrx_word' id='word_1_3' title='bbox 0 992 188 1045; x_wconf 95' lang='lat' dir='ltr'> </span> 
     </span>
     <span class='ocr_line' id='line_1_4' title="bbox 0 1045 190 1247; baseline 0 -39"><span class='ocrx_word' id='word_1_4' title='bbox 0 1045 190 1247; x_wconf 95' lang='lat' dir='ltr'>    </span> 
     </span>
     <span class='ocr_line' id='line_1_5' title="bbox 0 1247 236 1357; baseline 0 0"><span class='ocrx_word' id='word_1_5' title='bbox 0 1247 236 1357; x_wconf 95' lang='lat' dir='ltr'>   </span> 
     </span>
     <span class='ocr_line' id='line_1_6' title="bbox 0 1513 406 1716; baseline 0 -53"><span class='ocrx_word' id='word_1_6' title='bbox 0 1513 406 1716; x_wconf 95' lang='lat' dir='ltr'>    </span> 
     </span>
     <span class='ocr_line' id='line_1_7' title="bbox 0 1716 373 1879; baseline 0 -107"><span class='ocrx_word' id='word_1_7' title='bbox 0 1716 373 1879; x_wconf 95' lang='lat' dir='ltr'>     </span> 
     </span>
     <span class='ocr_line' id='line_1_8' title="bbox 0 1879 206 2033; baseline 0 -104"><span class='ocrx_word' id='word_1_8' title='bbox 0 1879 206 2033; x_wconf 95' lang='lat' dir='ltr'>   </span> 
     </span>
     <span class='ocr_line' id='line_1_9' title="bbox 0 2033 283 2193; baseline 0.007 -106"><span class='ocrx_word' id='word_1_9' title='bbox 0 2033 283 2193; x_wconf 95' lang='lat' dir='ltr'>    </span> 
     </span>
     <span class='ocr_line' id='line_1_10' title="bbox 0 2193 323 2334; baseline 0.012 -88"><span class='ocrx_word' id='word_1_10' title='bbox 0 2193 323 2334; x_wconf 95' lang='lat' dir='ltr'>    </span> 
     </span>
     <span class='ocr_line' id='line_1_11' title="bbox 0 2334 208 2615; baseline 0 -103"><span class='ocrx_word' id='word_1_11' title='bbox 0 2334 208 2615; x_wconf 95' lang='lat' dir='ltr'>     </span> 
     </span>
     <span class='ocr_line' id='line_1_12' title="bbox 0 2615 186 2720; baseline 0 0"><span class='ocrx_word' id='word_1_12' title='bbox 0 2615 186 2720; x_wconf 95' lang='lat' dir='ltr'>  </span> 
     </span>
     <span class='ocr_line' id='line_1_13' title="bbox 0 2720 194 2885; baseline 0 -58"><span class='ocrx_word' id='word_1_13' title='bbox 0 2720 194 2885; x_wconf 95' lang='lat' dir='ltr'>   </span> 
     </span>
     <span class='ocr_line' id='line_1_14' title="bbox 0 2885 198 3207; baseline 0 -114"><span class='ocrx_word' id='word_1_14' title='bbox 0 2885 198 3207; x_wconf 95' lang='lat' dir='ltr'>     </span> 
     </span>
     <span class='ocr_line' id='line_1_15' title="bbox 0 3207 202 3246; baseline 0 724"><span class='ocrx_word' id='word_1_15' title='bbox 0 3207 202 3246; x_wconf 95' lang='lat' dir='ltr'> </span> 
     </span>
     <span class='ocr_line' id='line_1_16' title="bbox 0 3246 235 3464; baseline 0 -56"><span class='ocrx_word' id='word_1_16' title='bbox 0 3246 235 3464; x_wconf 95' lang='lat' dir='ltr'>    </span> 
     </span>
    </p>
   </div>
   <div class='ocr_carea' id='block_1_2' title="bbox 127 840 1297 1177">
    <p class='ocr_par' dir='ltr' id='par_1_2' title="bbox 127 840 1297 964">
     <span class='ocr_line' id='line_1_17' title="bbox 127 840 1297 910; baseline -0.003 -8"><span class='ocrx_word' id='word_1_17' title='bbox 127 879 157 908; x_wconf 74' lang='lat'>3.</span> <span class='ocrx_word' id='word_1_18' title='bbox 213 840 251 870; x_wconf 44' lang='grc' dir='ltr'>Μ</span> <span class='ocrx_word' id='word_1_19' title='bbox 289 874 394 910; x_wconf 63' lang='lat' dir='ltr'>amm:</span> <span class='ocrx_word' id='word_1_20' title='bbox 425 860 748 900; x_wconf 89' lang='lat' dir='ltr'>considerandum</span> <span class='ocrx_word' id='word_1_21' title='bbox 767 868 822 897; x_wconf 91' lang='lat' dir='ltr'>est</span> <span class='ocrx_word' id='word_1_22' title='bbox 854 861 901 897; x_wconf 92' lang='lat' dir='ltr'>de</span> <span class='ocrx_word' id='word_1_23' title='bbox 930 860 1118 910; x_wconf 91' lang='lat' dir='ltr'>principio</span> <span class='ocrx_word' id='word_1_24' title='bbox 1144 860 1267 897; x_wconf 90' lang='lat' dir='ltr'>activo</span> <span class='ocrx_word' id='word_1_25' title='bbox 1293 860 1297 899; x_wconf 87' lang='grc' dir='ltr'>Ι</span> 
     </span>
     <span class='ocr_line' id='line_1_18' title="bbox 268 913 822 964; baseline -0.001 -13.202"><span class='ocrx_word' id='word_1_26' title='bbox 268 914 329 959; x_wconf 54' lang='lat' dir='ltr'>„in</span> <span class='ocrx_word' id='word_1_27' title='bbox 354 913 604 964; x_wconf 87' lang='lat' dir='ltr'>conceptione</span> <span class='ocrx_word' id='word_1_28' title='bbox 634 913 772 951; x_wconf 88' lang='lat' dir='ltr'>Christi</span> <span class='ocrx_word' id='word_1_29' title='bbox 791 913 822 950; x_wconf 81' lang='grc'>*.</span> 
     </span>
    </p>

    <p class='ocr_par' dir='ltr' id='par_1_3' title="bbox 130 959 952 1020">
     <span class='ocr_line' id='line_1_19' title="bbox 130 959 952 1020; baseline -0.007 -12"><span class='ocrx_word' id='word_1_30' title='bbox 130 962 157 979; x_wconf 70' lang='lat'><em>³</em></span> <span class='ocrx_word' id='word_1_31' title='bbox 209 959 270 1020; x_wconf 75' lang='lat' dir='ltr'>Et</span> <span class='ocrx_word' id='word_1_32' title='bbox 283 967 382 1008; x_wconf 77' lang='lat' dir='ltr'>circa</span> <span class='ocrx_word' id='word_1_33' title='bbox 407 967 484 1006; x_wconf 93' lang='lat' dir='ltr'>hoc</span> <span class='ocrx_word' id='word_1_34' title='bbox 511 973 750 1017; x_wconf 89' lang='lat' dir='ltr'>quaeruntur</span> <span class='ocrx_word' id='word_1_35' title='bbox 776 973 952 1015; x_wconf 89' lang='lat' dir='ltr'>quatuor.</span> 
     </span>
    </p>

    <p class='ocr_par' dir='ltr' id='par_1_4' title="bbox 134 1009 1267 1123">
     <span class='ocr_line' id='line_1_20' title="bbox 212 1009 1267 1072; baseline -0.004 -13.275"><span class='ocrx_word' id='word_1_36' title='bbox 212 1009 245 1063; x_wconf 18' lang='lat' dir='ltr'>‘&#39;A‘&#39;</span> <span class='ocrx_word' id='word_1_37' title='bbox 261 1013 412 1072; x_wconf 75' lang='lat' dir='ltr'>Primo:</span> <span class='ocrx_word' id='word_1_38' title='bbox 448 1027 580 1057; x_wconf 87' lang='lat' dir='ltr'>utrum</span> <span class='ocrx_word' id='word_1_39' title='bbox 609 1019 770 1069; x_wconf 88' lang='lat' dir='ltr'><strong>Spiritus</strong></span> <span class='ocrx_word' id='word_1_40' title='bbox 799 1019 960 1056; x_wconf 90' lang='lat' dir='ltr'>Sanctus</span> <span class='ocrx_word' id='word_1_41' title='bbox 993 1017 1104 1055; x_wconf 86' lang='lat' dir='ltr'>fuerit</span> <span class='ocrx_word' id='word_1_42' title='bbox 1130 1018 1267 1067; x_wconf 90' lang='lat' dir='ltr'>princi-</span> 
     </span>
     <span class='ocr_line' id='line_1_21' title="bbox 134 1071 1083 1123; baseline -0.004 -12"><span class='ocrx_word' id='word_1_43' title='bbox 134 1072 160 1120; x_wconf 56' lang='lat' dir='ltr'>J,</span> <span class='ocrx_word' id='word_1_44' title='bbox 216 1078 234 1120; x_wconf 63' lang='lat' dir='ltr'><strong><em>J</em></strong></span> <span class='ocrx_word' id='word_1_45' title='bbox 311 1073 423 1123; x_wconf 87' lang='lat' dir='ltr'>pium</span> <span class='ocrx_word' id='word_1_46' title='bbox 449 1072 617 1110; x_wconf 87' lang='lat' dir='ltr'>activum</span> <span class='ocrx_word' id='word_1_47' title='bbox 645 1071 905 1122; x_wconf 80' lang='lat' dir='ltr'>conceptionis</span> <span class='ocrx_word' id='word_1_48' title='bbox 934 1071 1083 1108; x_wconf 89' lang='lat' dir='ltr'>Christi.</span> 
     </span>
    </p>

    <p class='ocr_par' dir='ltr' id='par_1_5' title="bbox 135 1119 1267 1177">
     <span class='ocr_line' id='line_1_22' title="bbox 218 1123 1267 1177; baseline -0.003 -14.22"><span class='ocrx_word' id='word_1_49' title='bbox 218 1167 237 1177; x_wconf 87' lang='grc' dir='ltr'>Μ</span> <span class='ocrx_word' id='word_1_50' title='bbox 259 1123 462 1170; x_wconf 80' lang='lat' dir='ltr'>Secundo:</span> <span class='ocrx_word' id='word_1_51' title='bbox 491 1132 623 1162; x_wconf 88' lang='lat' dir='ltr'>utrum</span> <span class='ocrx_word' id='word_1_52' title='bbox 650 1124 770 1174; x_wconf 89' lang='lat' dir='ltr'>possit</span> <span class='ocrx_word' id='word_1_53' title='bbox 796 1123 870 1161; x_wconf 92' lang='lat' dir='ltr'>dici</span> <span class='ocrx_word' id='word_1_54' title='bbox 899 1124 1006 1173; x_wconf 90' lang='lat' dir='ltr'>quod</span> <span class='ocrx_word' id='word_1_55' title='bbox 1030 1123 1202 1161; x_wconf 89' lang='lat' dir='ltr'>Christus</span> <span class='ocrx_word' id='word_1_56' title='bbox 1222 1123 1267 1160; x_wconf 90' lang='lat' dir='ltr'>sit</span> 
     </span>
    </p>
   </div>
   <div class='ocr_carea' id='block_1_3' title="bbox 168 1208 282 1401">
    <p class='ocr_par' dir='ltr' id='par_1_6' title="bbox 161 1208 282 1405">
     <span class='ocr_line' id='line_1_23' title="bbox 210 1208 278 1238; baseline 0 0"><span class='ocrx_word' id='word_1_57' title='bbox 210 1218 255 1238; x_wconf 40' lang='grc' dir='ltr'>ΜΨ</span> <span class='ocrx_word' id='word_1_58' title='bbox 268 1208 278 1234; x_wconf 60' lang='grc' dir='ltr'><strong>ἶ</strong></span> 
     </span>
     <span class='ocr_line' id='line_1_24' title="bbox 168 1368 282 1401; baseline 0 -9"><span class='ocrx_word' id='word_1_59' title='bbox 168 1395 174 1399; x_wconf 29' lang='grc' dir='ltr'>Μ</span> <span class='ocrx_word' id='word_1_60' title='bbox 213 1368 282 1401; x_wconf 44' lang='lat'>:9234-</span> 
     </span>
    </p>
   </div>
   <div class='ocr_carea' id='block_1_4' title="bbox 37 1535 1268 3420">
    <p class='ocr_par' dir='ltr' id='par_1_7' title="bbox 37 1535 1268 3420">
     <span class='ocr_line' id='line_1_25' title="bbox 321 1535 1267 1585; baseline -0.002 -11.117"><span class='ocrx_word' id='word_1_61' title='bbox 321 1552 377 1584; x_wconf 39' lang='lat'>2⁶3</span> <span class='ocrx_word' id='word_1_62' title='bbox 417 1549 439 1573; x_wconf 91' lang='lat' dir='ltr'>D</span> <span class='ocrx_word' id='word_1_63' title='bbox 469 1548 604 1573; x_wconf 77' lang='lat' dir='ltr'>PRiMUM</span> <span class='ocrx_word' id='word_1_64' title='bbox 631 1548 684 1573; x_wconf 76' lang='lat' dir='ltr'>sm</span> <span class='ocrx_word' id='word_1_65' title='bbox 709 1547 944 1573; x_wconf 83' lang='lat' dir='ltr'>PROCEDITUR.</span> <span class='ocrx_word' id='word_1_66' title='bbox 973 1535 1134 1573; x_wconf 87' lang='lat' dir='ltr'>Videtur</span> <span class='ocrx_word' id='word_1_67' title='bbox 1161 1536 1267 1585; x_wconf 89' lang='lat' dir='ltr'>quod</span> 
     </span>
     <span class='ocr_line' id='line_1_26' title="bbox 264 1578 1266 1647; baseline 0 -22"><span class='ocrx_word' id='word_1_68' title='bbox 264 1586 280 1592; x_wconf 77' lang='grc'>”</span> <span class='ocrx_word' id='word_1_69' title='bbox 335 1578 396 1647; x_wconf 39' lang='lat' dir='ltr'>fiii</span> <span class='ocrx_word' id='word_1_70' title='bbox 418 1588 569 1626; x_wconf 86' lang='lat' dir='ltr'>efficere</span> <span class='ocrx_word' id='word_1_71' title='bbox 597 1588 892 1638; x_wconf 89' lang='lat' dir='ltr'>conceptionem</span> <span class='ocrx_word' id='word_1_72' title='bbox 921 1588 1059 1626; x_wconf 87' lang='lat' dir='ltr'>Christi</span> <span class='ocrx_word' id='word_1_73' title='bbox 1095 1600 1175 1626; x_wconf 92' lang='lat' dir='ltr'>non</span> <span class='ocrx_word' id='word_1_74' title='bbox 1203 1588 1266 1625; x_wconf 92' lang='lat' dir='ltr'>de-</span> 
     </span>
     <span class='ocr_line' id='line_1_27' title="bbox 358 1641 1268 1691; baseline -0.001 -13.015"><span class='ocrx_word' id='word_1_75' title='bbox 358 1644 392 1686; x_wconf 60' lang='grc' dir='ltr'>’ἦ</span> <span class='ocrx_word' id='word_1_76' title='bbox 417 1641 504 1678; x_wconf 86' lang='lat' dir='ltr'>beat</span> <span class='ocrx_word' id='word_1_77' title='bbox 531 1641 683 1678; x_wconf 89' lang='lat' dir='ltr'>attribui</span> <span class='ocrx_word' id='word_1_78' title='bbox 713 1641 868 1691; x_wconf 91' lang='lat' dir='ltr'>Spiritui</span> <span class='ocrx_word' id='word_1_79' title='bbox 897 1642 1048 1679; x_wconf 87' lang='lat' dir='ltr'>Sancto.</span> <span class='ocrx_word' id='word_1_80' title='bbox 1083 1641 1196 1688; x_wconf 88' lang='lat' dir='ltr'>Quia,</span> <span class='ocrx_word' id='word_1_81' title='bbox 1226 1649 1268 1677; x_wconf 93' lang='lat' dir='ltr'>ut</span> 
     </span>
     <span class='ocr_line' id='line_1_28' title="bbox 338 1685 1267 1742; baseline 0.002 -13"><span class='ocrx_word' id='word_1_82' title='bbox 338 1709 345 1717; x_wconf 58' lang='lat'>÷</span> <span class='ocrx_word' id='word_1_83' title='bbox 373 1685 404 1728; x_wconf 43' lang='lat' dir='ltr'>K</span> <span class='ocrx_word' id='word_1_84' title='bbox 416 1693 651 1742; x_wconf 82' lang='lat' dir='ltr'>Augustinus</span> <span class='ocrx_word' id='word_1_85' title='bbox 669 1693 768 1741; x_wconf 90' lang='lat' dir='ltr'>dicit,</span> <span class='ocrx_word' id='word_1_86' title='bbox 783 1694 823 1731; x_wconf 93' lang='lat' dir='ltr'>in</span> <span class='ocrx_word' id='word_1_87' title='bbox 841 1695 855 1731; x_wconf 97' lang='lat' dir='ltr'>I</span> <span class='ocrx_word' id='word_1_88' title='bbox 875 1695 920 1731; x_wconf 86' lang='lat' dir='ltr'>de</span> <span class='ocrx_word' id='word_1_89' title='bbox 941 1696 977 1731; x_wconf 94' lang='lat' dir='ltr'><em>T</em></span> <span class='ocrx_word' id='word_1_90' title='bbox 974 1696 1044 1731; x_wconf 89' lang='lat' dir='ltr'>rin.</span> <span class='ocrx_word' id='word_1_91' title='bbox 1060 1693 1092 1742; x_wconf 59' lang='lat'>³⁶,</span> <span class='ocrx_word' id='word_1_92' title='bbox 1113 1694 1267 1732; x_wconf 81' lang='lat' dir='ltr'>indivisa</span> 
     </span>
     <span class='ocr_line' id='line_1_29' title="bbox 273 1748 1266 1796; baseline -0.001 -12"><span class='ocrx_word' id='word_1_93' title='bbox 273 1752 288 1784; x_wconf 88' lang='lat' dir='ltr'>t</span> <span class='ocrx_word' id='word_1_94' title='bbox 313 1758 428 1796; x_wconf 87' lang='lat' dir='ltr'>opera</span> <span class='ocrx_word' id='word_1_95' title='bbox 454 1749 653 1793; x_wconf 85' lang='lat' dir='ltr'>Trinitatis,</span> <span class='ocrx_word' id='word_1_96' title='bbox 679 1749 770 1784; x_wconf 87' lang='lat' dir='ltr'>sicut</span> <span class='ocrx_word' id='word_1_97' title='bbox 795 1753 828 1784; x_wconf 89' lang='lat' dir='ltr'>et</span> <span class='ocrx_word' id='word_1_98' title='bbox 855 1748 1009 1786; x_wconf 84' lang='lat' dir='ltr'>indivisa</span> <span class='ocrx_word' id='word_1_99' title='bbox 1037 1753 1087 1784; x_wconf 89' lang='lat' dir='ltr'>est</span> <span class='ocrx_word' id='word_1_100' title='bbox 1114 1748 1266 1784; x_wconf 85' lang='lat' dir='ltr'>essentia</span> 
     </span>
     <span class='ocr_line' id='line_1_30' title="bbox 270 1799 1267 1850; baseline 0 -14"><span class='ocrx_word' id='word_1_101' title='bbox 270 1800 406 1845; x_wconf 62' lang='lat' dir='ltr'>&#39;nitatis</span> <span class='ocrx_word' id='word_1_102' title='bbox 444 1800 521 1837; x_wconf 90' lang='lat' dir='ltr'>Sed</span> <span class='ocrx_word' id='word_1_103' title='bbox 549 1799 698 1837; x_wconf 87' lang='lat' dir='ltr'>efficere</span> <span class='ocrx_word' id='word_1_104' title='bbox 727 1799 1019 1850; x_wconf 89' lang='lat' dir='ltr'>conceptionem</span> <span class='ocrx_word' id='word_1_105' title='bbox 1049 1799 1187 1837; x_wconf 90' lang='lat' dir='ltr'>Christi</span> <span class='ocrx_word' id='word_1_106' title='bbox 1212 1807 1267 1836; x_wconf 92' lang='lat' dir='ltr'>est</span> 
     </span>
     <span class='ocr_line' id='line_1_31' title="bbox 150 1847 1266 1902; baseline 0 -13"><span class='ocrx_word' id='word_1_107' title='bbox 150 1852 182 1874; x_wconf 70' lang='lat'>⁴⁴</span> <span class='ocrx_word' id='word_1_108' title='bbox 261 1847 405 1890; x_wconf 80' lang='lat' dir='ltr'>oddam</span> <span class='ocrx_word' id='word_1_109' title='bbox 433 1864 532 1902; x_wconf 91' lang='lat' dir='ltr'>opus</span> <span class='ocrx_word' id='word_1_110' title='bbox 554 1852 740 1890; x_wconf 91' lang='lat' dir='ltr'>divinum.</span> <span class='ocrx_word' id='word_1_111' title='bbox 770 1853 871 1901; x_wconf 88' lang='lat' dir='ltr'>Ergo</span> <span class='ocrx_word' id='word_1_112' title='bbox 891 1853 1042 1890; x_wconf 88' lang='lat' dir='ltr'>videtur</span> <span class='ocrx_word' id='word_1_113' title='bbox 1060 1852 1167 1901; x_wconf 92' lang='lat' dir='ltr'>quod</span> <span class='ocrx_word' id='word_1_114' title='bbox 1186 1864 1266 1890; x_wconf 93' lang='lat' dir='ltr'>non</span> 
     </span>
     <span class='ocr_line' id='line_1_32' title="bbox 38 1898 1266 1955; baseline -0.001 -12"><span class='ocrx_word' id='word_1_115' title='bbox 38 1927 40 1929; x_wconf 60' lang='lat'>&gt;</span> <span class='ocrx_word' id='word_1_116' title='bbox 147 1898 190 1955; x_wconf 42' lang='grc' dir='ltr'><strong>ξ</strong></span> <span class='ocrx_word' id='word_1_117' title='bbox 203 1904 327 1954; x_wconf 59' lang='lat' dir='ltr'>ungis</span> <span class='ocrx_word' id='word_1_118' title='bbox 352 1904 399 1942; x_wconf 89' lang='lat' dir='ltr'>sit</span> <span class='ocrx_word' id='word_1_119' title='bbox 417 1905 704 1943; x_wconf 87' lang='lat' dir='ltr'>attribuendum</span> <span class='ocrx_word' id='word_1_120' title='bbox 724 1905 879 1955; x_wconf 88' lang='lat' dir='ltr'>Spiritui</span> <span class='ocrx_word' id='word_1_121' title='bbox 899 1906 1038 1943; x_wconf 89' lang='lat' dir='ltr'>Sancto</span> <span class='ocrx_word' id='word_1_122' title='bbox 1058 1917 1178 1954; x_wconf 88' lang='lat' dir='ltr'>quam</span> <span class='ocrx_word' id='word_1_123' title='bbox 1196 1905 1266 1942; x_wconf 87' lang='lat' dir='ltr'>Pa-</span> 
     </span>
     <span class='ocr_line' id='line_1_33' title="bbox 37 1956 474 1998; baseline -0.007 0"><span class='ocrx_word' id='word_1_124' title='bbox 37 1996 39 1998; x_wconf 81' lang='grc'>.</span> <span class='ocrx_word' id='word_1_125' title='bbox 115 1955 340 2007; x_wconf 45' lang='grc' dir='ltr'>Ἑξῖ ῗκῧὲενε1</span> <span class='ocrx_word' id='word_1_126' title='bbox 366 1957 474 1997; x_wconf 85' lang='lat' dir='ltr'>Filio.</span> 
     </span>
     <span class='ocr_line' id='line_1_34' title="bbox 47 2008 1266 2061; baseline -0.002 -12"><span class='ocrx_word' id='word_1_127' title='bbox 47 2010 57 2014; x_wconf 68' lang='grc'>“”</span> <span class='ocrx_word' id='word_1_128' title='bbox 139 2009 196 2055; x_wconf 34' lang='lat'>,²1⁰²</span> <span class='ocrx_word' id='word_1_129' title='bbox 210 2008 295 2047; x_wconf 55' lang='lat'>24’293.</span> <span class='ocrx_word' id='word_1_130' title='bbox 315 2008 545 2058; x_wconf 67' lang='lat' dir='ltr'>PRAETEREA,</span> <span class='ocrx_word' id='word_1_131' title='bbox 565 2011 773 2061; x_wconf 89' lang='lat' dir='ltr'>Apostolus</span> <span class='ocrx_word' id='word_1_132' title='bbox 791 2010 892 2056; x_wconf 85' lang='lat' dir='ltr'>dicit,</span> <span class='ocrx_word' id='word_1_133' title='bbox 916 2011 1035 2048; x_wconf 82' lang='lat' dir='ltr'><em>Galat.</em></span> <span class='ocrx_word' id='word_1_134' title='bbox 1056 2023 1091 2048; x_wconf 85' lang='grc' dir='ltr'>ιν</span> <span class='ocrx_word' id='word_1_135' title='bbox 1108 2010 1146 2047; x_wconf 75' lang='grc' dir='ltr'>*ε</span> <span class='ocrx_word' id='word_1_136' title='bbox 1171 2011 1266 2048; x_wconf 90' lang='lat' dir='ltr'>Cum</span> 
     </span>
     <span class='ocr_line' id='line_1_35' title="bbox 140 2061 1266 2114; baseline -0.001 -14"><span class='ocrx_word' id='word_1_137' title='bbox 140 2061 174 2092; x_wconf 48' lang='lat'>³1³²?</span> <span class='ocrx_word' id='word_1_138' title='bbox 283 2065 302 2113; x_wconf 78' lang='lat' dir='ltr'>&#39;t</span> <span class='ocrx_word' id='word_1_139' title='bbox 322 2063 512 2113; x_wconf 76' lang='lat' dir='ltr'>plenitudo</span> <span class='ocrx_word' id='word_1_140' title='bbox 539 2065 725 2114; x_wconf 88' lang='lat' dir='ltr'>temporis,</span> <span class='ocrx_word' id='word_1_141' title='bbox 754 2065 850 2101; x_wconf 87' lang='lat' dir='ltr'>misit</span> <span class='ocrx_word' id='word_1_142' title='bbox 875 2065 977 2101; x_wconf 89' lang='lat' dir='ltr'>Deus</span> <span class='ocrx_word' id='word_1_143' title='bbox 1003 2065 1140 2102; x_wconf 86' lang='lat' dir='ltr'>Filium</span> <span class='ocrx_word' id='word_1_144' title='bbox 1158 2075 1266 2100; x_wconf 88' lang='lat' dir='ltr'>suum</span> 
     </span>
     <span class='ocr_line' id='line_1_36' title="bbox 266 2115 1265 2167; baseline -0.002 -12"><span class='ocrx_word' id='word_1_145' title='bbox 266 2126 345 2167; x_wconf 65' lang='grc' dir='ltr'>,μω</span> <span class='ocrx_word' id='word_1_146' title='bbox 373 2129 422 2154; x_wconf 89' lang='lat' dir='ltr'>ex</span> <span class='ocrx_word' id='word_1_147' title='bbox 448 2117 624 2155; x_wconf 82' lang='lat' dir='ltr'>muliere.-</span> <span class='ocrx_word' id='word_1_148' title='bbox 658 2116 766 2166; x_wconf 92' lang='lat' dir='ltr'>quod</span> <span class='ocrx_word' id='word_1_149' title='bbox 793 2129 990 2166; x_wconf 89' lang='lat' dir='ltr'>exponens</span> <span class='ocrx_word' id='word_1_150' title='bbox 1018 2115 1265 2164; x_wconf 86' lang='lat' dir='ltr'>Augustinus,</span> 
     </span>
     <span class='ocr_line' id='line_1_37' title="bbox 262 2168 1266 2219; baseline -0.002 -11"><span class='ocrx_word' id='word_1_151' title='bbox 262 2168 331 2214; x_wconf 56' lang='lat' dir='ltr'>,de</span> <span class='ocrx_word' id='word_1_152' title='bbox 358 2171 395 2208; x_wconf 92' lang='lat' dir='ltr'><em>T</em></span> <span class='ocrx_word' id='word_1_153' title='bbox 391 2171 462 2207; x_wconf 85' lang='lat' dir='ltr'>rin.</span> <span class='ocrx_word' id='word_1_154' title='bbox 482 2168 520 2216; x_wconf 85' lang='lat'>*,</span> <span class='ocrx_word' id='word_1_155' title='bbox 549 2169 657 2209; x_wconf 86' lang='lat' dir='ltr'>dicit:</span> <span class='ocrx_word' id='word_1_156' title='bbox 686 2171 744 2207; x_wconf 86' lang='lat' dir='ltr'>Eo</span> <span class='ocrx_word' id='word_1_157' title='bbox 772 2171 894 2219; x_wconf 86' lang='lat' dir='ltr'>utique</span> <span class='ocrx_word' id='word_1_158' title='bbox 920 2171 1083 2215; x_wconf 84' lang='lat' dir='ltr'>missum,</span> <span class='ocrx_word' id='word_1_159' title='bbox 1113 2181 1185 2218; x_wconf 85' lang='lat' dir='ltr'>quo</span> <span class='ocrx_word' id='word_1_160' title='bbox 1201 2170 1266 2217; x_wconf 83' lang='lat' dir='ltr'>sa-</span> 
     </span>
     <span class='ocr_line' id='line_1_38' title="bbox 323 2221 1266 2271; baseline 0 -12"><span class='ocrx_word' id='word_1_161' title='bbox 323 2234 372 2260; x_wconf 76' lang='grc' dir='ltr'>εκ</span> <span class='ocrx_word' id='word_1_162' title='bbox 389 2222 554 2260; x_wconf 86' lang='lat' dir='ltr'>muliere.</span> <span class='ocrx_word' id='word_1_163' title='bbox 580 2222 658 2260; x_wconf 90' lang='lat' dir='ltr'>Sed</span> <span class='ocrx_word' id='word_1_164' title='bbox 676 2221 806 2260; x_wconf 85' lang='lat' dir='ltr'>missio</span> <span class='ocrx_word' id='word_1_165' title='bbox 826 2222 908 2260; x_wconf 91' lang='lat' dir='ltr'>Filii</span> <span class='ocrx_word' id='word_1_166' title='bbox 927 2222 1142 2259; x_wconf 84' lang='lat' dir='ltr'>attribuitur</span> <span class='ocrx_word' id='word_1_167' title='bbox 1158 2233 1266 2271; x_wconf 88' lang='lat' dir='ltr'>prae-</span> 
     </span>
     <span class='ocr_line' id='line_1_39' title="bbox 271 2271 1264 2313; baseline -0.001 -1"><span class='ocrx_word' id='word_1_168' title='bbox 271 2271 319 2312; x_wconf 54' lang='grc' dir='ltr'>*ὲ</span> <span class='ocrx_word' id='word_1_169' title='bbox 345 2274 466 2312; x_wconf 84' lang='lat' dir='ltr'>Patri:</span> <span class='ocrx_word' id='word_1_170' title='bbox 505 2283 548 2312; x_wconf 89' lang='lat' dir='ltr'>ut</span> <span class='ocrx_word' id='word_1_171' title='bbox 582 2275 622 2312; x_wconf 92' lang='lat' dir='ltr'>in</span> <span class='ocrx_word' id='word_1_172' title='bbox 655 2275 784 2313; x_wconf 88' lang='lat' dir='ltr'>Prima</span> <span class='ocrx_word' id='word_1_173' title='bbox 811 2276 921 2312; x_wconf 87' lang='lat' dir='ltr'>Parte</span> <span class='ocrx_word' id='word_1_174' title='bbox 941 2275 962 2296; x_wconf 71' lang='lat'>’¹‘</span> <span class='ocrx_word' id='word_1_175' title='bbox 995 2274 1171 2312; x_wconf 86' lang='lat' dir='ltr'>habitum</span> <span class='ocrx_word' id='word_1_176' title='bbox 1198 2282 1264 2312; x_wconf 83' lang='lat' dir='ltr'>est.</span> 
     </span>
     <span class='ocr_line' id='line_1_40' title="bbox 181 2327 1266 2378; baseline 0.001 -14.969"><span class='ocrx_word' id='word_1_177' title='bbox 181 2350 200 2378; x_wconf 62' lang='lat' dir='ltr'>e,</span> <span class='ocrx_word' id='word_1_178' title='bbox 337 2334 374 2365; x_wconf 87' lang='lat' dir='ltr'>et</span> <span class='ocrx_word' id='word_1_179' title='bbox 393 2327 606 2378; x_wconf 88' lang='lat' dir='ltr'>conceptio,</span> <span class='ocrx_word' id='word_1_180' title='bbox 635 2328 851 2366; x_wconf 91' lang='lat' dir='ltr'>secundum</span> <span class='ocrx_word' id='word_1_181' title='bbox 870 2340 990 2378; x_wconf 86' lang='lat' dir='ltr'>quam</span> <span class='ocrx_word' id='word_1_182' title='bbox 1009 2328 1127 2365; x_wconf 78' lang='lat' dir='ltr'>factus</span> <span class='ocrx_word' id='word_1_183' title='bbox 1147 2335 1202 2364; x_wconf 91' lang='lat' dir='ltr'>est</span> <span class='ocrx_word' id='word_1_184' title='bbox 1220 2340 1266 2365; x_wconf 87' lang='lat' dir='ltr'>ex</span> 
     </span>
     <span class='ocr_line' id='line_1_41' title="bbox 197 2369 1075 2437; baseline 0.003 -21.823"><span class='ocrx_word' id='word_1_185' title='bbox 197 2369 380 2437; x_wconf 50' lang='lat' dir='ltr'>ssffiff‘ere,</span> <span class='ocrx_word' id='word_1_186' title='bbox 409 2380 522 2418; x_wconf 91' lang='lat' dir='ltr'>debet</span> <span class='ocrx_word' id='word_1_187' title='bbox 548 2380 754 2431; x_wconf 85' lang='lat' dir='ltr'>praecipue</span> <span class='ocrx_word' id='word_1_188' title='bbox 782 2380 884 2419; x_wconf 88' lang='lat' dir='ltr'>Patri</span> <span class='ocrx_word' id='word_1_189' title='bbox 912 2380 1075 2418; x_wconf 87' lang='lat' dir='ltr'>attribui.</span> 
     </span>
     <span class='ocr_line' id='line_1_42' title="bbox 140 2424 1266 2483; baseline -0.005 -7"><span class='ocrx_word' id='word_1_190' title='bbox 140 2427 187 2482; x_wconf 61' lang='grc' dir='ltr'>ἦ·</span> <span class='ocrx_word' id='word_1_191' title='bbox 204 2424 298 2477; x_wconf 57' lang='lat'>3223,</span> <span class='ocrx_word' id='word_1_192' title='bbox 326 2433 562 2479; x_wconf 71' lang='lat' dir='ltr'>PRAETEREA,</span> <span class='ocrx_word' id='word_1_193' title='bbox 596 2435 773 2472; x_wconf 74' lang='lat' dir='ltr'>Proverh.</span> <span class='ocrx_word' id='word_1_194' title='bbox 794 2446 828 2471; x_wconf 77' lang='lat' dir='ltr'>tx</span> <span class='ocrx_word' id='word_1_195' title='bbox 846 2433 866 2455; x_wconf 71' lang='lat'>&#39;¹‘</span> <span class='ocrx_word' id='word_1_196' title='bbox 893 2433 1046 2471; x_wconf 87' lang='lat' dir='ltr'>dicitur:</span> <span class='ocrx_word' id='word_1_197' title='bbox 1080 2435 1266 2483; x_wconf 81' lang='lat' dir='ltr'>Sapientia</span> 
     </span>
     <span class='ocr_line' id='line_1_43' title="bbox 144 2485 1267 2536; baseline -0.002 -11"><span class='ocrx_word' id='word_1_198' title='bbox 144 2486 175 2531; x_wconf 67' lang='grc' dir='ltr'>’ἰ</span> <span class='ocrx_word' id='word_1_199' title='bbox 208 2485 413 2535; x_wconf 54' lang='lat' dir='ltr'>unificavit</span> <span class='ocrx_word' id='word_1_200' title='bbox 438 2488 509 2524; x_wconf 83' lang='lat' dir='ltr'>sibi</span> <span class='ocrx_word' id='word_1_201' title='bbox 533 2487 696 2524; x_wconf 86' lang='lat' dir='ltr'>domum.</span> <span class='ocrx_word' id='word_1_202' title='bbox 727 2488 793 2524; x_wconf 92' lang='lat' dir='ltr'>Est</span> <span class='ocrx_word' id='word_1_203' title='bbox 820 2494 950 2524; x_wconf 86' lang='lat' dir='ltr'>autem</span> <span class='ocrx_word' id='word_1_204' title='bbox 980 2486 1171 2536; x_wconf 87' lang='lat' dir='ltr'>Sapientia</span> <span class='ocrx_word' id='word_1_205' title='bbox 1194 2487 1267 2524; x_wconf 88' lang='lat' dir='ltr'>Dei</span> 
     </span>
     <span class='ocr_line' id='line_1_44' title="bbox 209 2536 1266 2589; baseline 0.001 -13.945"><span class='ocrx_word' id='word_1_206' title='bbox 209 2536 289 2589; x_wconf 86' lang='lat' dir='ltr'>ipse</span> <span class='ocrx_word' id='word_1_207' title='bbox 317 2539 508 2576; x_wconf 89' lang='lat' dir='ltr'>Christus:</span> <span class='ocrx_word' id='word_1_208' title='bbox 547 2540 763 2577; x_wconf 90' lang='lat' dir='ltr'>secundum</span> <span class='ocrx_word' id='word_1_209' title='bbox 790 2539 883 2576; x_wconf 90' lang='lat' dir='ltr'>illud</span> <span class='ocrx_word' id='word_1_210' title='bbox 910 2541 925 2576; x_wconf 96' lang='lat' dir='ltr'>I</span> <span class='ocrx_word' id='word_1_211' title='bbox 957 2541 1043 2577; x_wconf 89' lang='lat' dir='ltr'>Cor.</span> <span class='ocrx_word' id='word_1_212' title='bbox 1063 2551 1074 2576; x_wconf 94' lang='lat'>1</span> <span class='ocrx_word' id='word_1_213' title='bbox 1092 2539 1129 2576; x_wconf 78' lang='lat' dir='ltr'>*z</span> <span class='ocrx_word' id='word_1_214' title='bbox 1163 2540 1266 2577; x_wconf 82' lang='lat' dir='ltr'>Chri-</span> 
     </span>
     <span class='ocr_line' id='line_1_45' title="bbox 207 2593 1266 2642; baseline 0 -13"><span class='ocrx_word' id='word_1_215' title='bbox 207 2596 302 2635; x_wconf 72' lang='lat' dir='ltr'>stum</span> <span class='ocrx_word' id='word_1_216' title='bbox 319 2593 393 2629; x_wconf 89' lang='lat' dir='ltr'>Dei</span> <span class='ocrx_word' id='word_1_217' title='bbox 416 2593 590 2630; x_wconf 87' lang='lat' dir='ltr'>Virtutem</span> <span class='ocrx_word' id='word_1_218' title='bbox 618 2599 651 2629; x_wconf 92' lang='lat' dir='ltr'>et</span> <span class='ocrx_word' id='word_1_219' title='bbox 672 2594 746 2630; x_wconf 88' lang='lat' dir='ltr'>Dei</span> <span class='ocrx_word' id='word_1_220' title='bbox 762 2594 998 2642; x_wconf 84' lang='lat' dir='ltr'>Sapientiam.</span> <span class='ocrx_word' id='word_1_221' title='bbox 1029 2593 1181 2629; x_wconf 91' lang='lat' dir='ltr'>Domus</span> <span class='ocrx_word' id='word_1_222' title='bbox 1200 2605 1266 2630; x_wconf 90' lang='lat' dir='ltr'>au-</span> 
     </span>
     <span class='ocr_line' id='line_1_46' title="bbox 155 2637 1267 2695; baseline 0.001 -13.981"><span class='ocrx_word' id='word_1_223' title='bbox 155 2637 174 2651; x_wconf 63' lang='lat'>¹</span> <span class='ocrx_word' id='word_1_224' title='bbox 208 2650 287 2681; x_wconf 78' lang='lat' dir='ltr'>tem</span> <span class='ocrx_word' id='word_1_225' title='bbox 317 2644 432 2682; x_wconf 92' lang='lat' dir='ltr'>huius</span> <span class='ocrx_word' id='word_1_226' title='bbox 465 2645 678 2695; x_wconf 88' lang='lat' dir='ltr'>Sapientiae</span> <span class='ocrx_word' id='word_1_227' title='bbox 711 2653 766 2682; x_wconf 88' lang='lat' dir='ltr'>est</span> <span class='ocrx_word' id='word_1_228' title='bbox 798 2657 938 2694; x_wconf 94' lang='lat' dir='ltr'>corpus</span> <span class='ocrx_word' id='word_1_229' title='bbox 967 2645 1124 2682; x_wconf 88' lang='lat' dir='ltr'>Christi:</span> <span class='ocrx_word' id='word_1_230' title='bbox 1159 2646 1267 2695; x_wconf 89' lang='lat' dir='ltr'>quod</span> 
     </span>
     <span class='ocr_line' id='line_1_47' title="bbox 209 2696 1266 2747; baseline 0.002 -12.893"><span class='ocrx_word' id='word_1_231' title='bbox 209 2696 323 2735; x_wconf 84' lang='lat' dir='ltr'>etiam</span> <span class='ocrx_word' id='word_1_232' title='bbox 350 2697 485 2735; x_wconf 91' lang='lat' dir='ltr'>dicitur</span> <span class='ocrx_word' id='word_1_233' title='bbox 511 2700 701 2747; x_wconf 90' lang='lat' dir='ltr'>templum</span> <span class='ocrx_word' id='word_1_234' title='bbox 723 2698 816 2745; x_wconf 91' lang='lat' dir='ltr'>eius,</span> <span class='ocrx_word' id='word_1_235' title='bbox 845 2698 1061 2735; x_wconf 89' lang='lat' dir='ltr'>secundum</span> <span class='ocrx_word' id='word_1_236' title='bbox 1089 2698 1182 2736; x_wconf 90' lang='lat' dir='ltr'>illud</span> <span class='ocrx_word' id='word_1_237' title='bbox 1209 2700 1266 2736; x_wconf 92' lang='lat' dir='ltr'>Io-</span> 
     </span>
     <span class='ocr_line' id='line_1_48' title="bbox 209 2749 1264 2801; baseline 0.002 -14.889"><span class='ocrx_word' id='word_1_238' title='bbox 209 2760 269 2787; x_wconf 81' lang='lat' dir='ltr'>an.</span> <span class='ocrx_word' id='word_1_239' title='bbox 289 2749 361 2787; x_wconf 64' lang='lat'>11³¹:</span> <span class='ocrx_word' id='word_1_240' title='bbox 388 2752 479 2788; x_wconf 90' lang='lat' dir='ltr'>Hoc</span> <span class='ocrx_word' id='word_1_241' title='bbox 496 2757 618 2788; x_wconf 87' lang='lat' dir='ltr'>autem</span> <span class='ocrx_word' id='word_1_242' title='bbox 637 2752 778 2789; x_wconf 81' lang='lat' dir='ltr'>dicebat</span> <span class='ocrx_word' id='word_1_243' title='bbox 796 2751 842 2788; x_wconf 87' lang='lat' dir='ltr'>de</span> <span class='ocrx_word' id='word_1_244' title='bbox 859 2752 993 2801; x_wconf 89' lang='lat' dir='ltr'>templo</span> <span class='ocrx_word' id='word_1_245' title='bbox 1012 2753 1179 2800; x_wconf 86' lang='lat' dir='ltr'>corporis</span> <span class='ocrx_word' id='word_1_246' title='bbox 1197 2753 1264 2788; x_wconf 88' lang='lat' dir='ltr'>sui.</span> 
     </span>
     <span class='ocr_line' id='line_1_49' title="bbox 157 2800 1267 2853; baseline 0.002 -14"><span class='ocrx_word' id='word_1_247' title='bbox 157 2800 177 2851; x_wconf 60' lang='grc' dir='ltr'>χ’</span> <span class='ocrx_word' id='word_1_248' title='bbox 199 2800 310 2851; x_wconf 51' lang='lat' dir='ltr'>*Ergo</span> <span class='ocrx_word' id='word_1_249' title='bbox 330 2802 495 2850; x_wconf 74' lang='lat' dir='ltr'>vvidetur</span> <span class='ocrx_word' id='word_1_250' title='bbox 528 2804 636 2853; x_wconf 91' lang='lat' dir='ltr'>quod</span> <span class='ocrx_word' id='word_1_251' title='bbox 670 2804 820 2842; x_wconf 87' lang='lat' dir='ltr'>efficere</span> <span class='ocrx_word' id='word_1_252' title='bbox 857 2804 1150 2853; x_wconf 86' lang='lat' dir='ltr'>conceptionem</span> <span class='ocrx_word' id='word_1_253' title='bbox 1184 2816 1267 2842; x_wconf 92' lang='lat' dir='ltr'>cor-</span> 
     </span>
     <span class='ocr_line' id='line_1_50' title="bbox 146 2853 1267 2906; baseline -0.001 -11"><span class='ocrx_word' id='word_1_254' title='bbox 146 2853 179 2900; x_wconf 60' lang='grc' dir='ltr'>,ἶῗ</span> <span class='ocrx_word' id='word_1_255' title='bbox 208 2853 311 2906; x_wconf 68' lang='lat' dir='ltr'>pbtis</span> <span class='ocrx_word' id='word_1_256' title='bbox 330 2855 468 2893; x_wconf 89' lang='lat' dir='ltr'>Christi</span> <span class='ocrx_word' id='word_1_257' title='bbox 489 2856 625 2893; x_wconf 89' lang='lat' dir='ltr'>debeat</span> <span class='ocrx_word' id='word_1_258' title='bbox 642 2856 848 2906; x_wconf 89' lang='lat' dir='ltr'>praecipue</span> <span class='ocrx_word' id='word_1_259' title='bbox 867 2857 1018 2894; x_wconf 86' lang='lat' dir='ltr'>attribui</span> <span class='ocrx_word' id='word_1_260' title='bbox 1037 2857 1144 2894; x_wconf 88' lang='lat' dir='ltr'>Filio.</span> <span class='ocrx_word' id='word_1_261' title='bbox 1175 2858 1267 2894; x_wconf 93' lang='lat' dir='ltr'>Non</span> 
     </span>
     <span class='ocr_line' id='line_1_51' title="bbox 151 2907 663 2958; baseline 0 -12"><span class='ocrx_word' id='word_1_262' title='bbox 151 2907 182 2942; x_wconf 64' lang='lat' dir='ltr'><em>s</em></span> <span class='ocrx_word' id='word_1_263' title='bbox 210 2916 299 2956; x_wconf 72' lang='lat' dir='ltr'>ergo</span> <span class='ocrx_word' id='word_1_264' title='bbox 328 2908 483 2958; x_wconf 91' lang='lat' dir='ltr'>Spiritui</span> <span class='ocrx_word' id='word_1_265' title='bbox 511 2910 663 2946; x_wconf 89' lang='lat' dir='ltr'>Sancto.</span> 
     </span>
     <span class='ocr_line' id='line_1_52' title="bbox 152 2959 1267 3012; baseline 0.002 -15"><span class='ocrx_word' id='word_1_266' title='bbox 152 2962 182 3010; x_wconf 25' lang='grc' dir='ltr'>,ξι</span> <span class='ocrx_word' id='word_1_267' title='bbox 212 2988 225 3001; x_wconf 28' lang='grc' dir='ltr'>,ᾗ</span> <span class='ocrx_word' id='word_1_268' title='bbox 247 2959 334 3011; x_wconf 70' lang='lat' dir='ltr'>SED</span> <span class='ocrx_word' id='word_1_269' title='bbox 363 2972 507 2998; x_wconf 79' lang='lat' dir='ltr'>CONTRA</span> <span class='ocrx_word' id='word_1_270' title='bbox 528 2973 594 2999; x_wconf 83' lang='lat' dir='ltr'>EST</span> <span class='ocrx_word' id='word_1_271' title='bbox 621 2962 728 3011; x_wconf 92' lang='lat' dir='ltr'>quod</span> <span class='ocrx_word' id='word_1_272' title='bbox 747 2961 884 2999; x_wconf 89' lang='lat' dir='ltr'>dicitur</span> <span class='ocrx_word' id='word_1_273' title='bbox 900 2963 995 2999; x_wconf 91' lang='lat' dir='ltr'>Luc.</span> <span class='ocrx_word' id='word_1_274' title='bbox 1017 2974 1027 2999; x_wconf 92' lang='lat'>1</span> <span class='ocrx_word' id='word_1_275' title='bbox 1045 2961 1082 2999; x_wconf 80' lang='lat' dir='ltr'>*z</span> <span class='ocrx_word' id='word_1_276' title='bbox 1113 2964 1267 3012; x_wconf 83' lang='lat' dir='ltr'>Spiritus</span> 
     </span>
     <span class='ocr_line' id='line_1_53' title="bbox 156 3005 840 3064; baseline 0 -13"><span class='ocrx_word' id='word_1_277' title='bbox 156 3014 165 3038; x_wconf 51' lang='grc' dir='ltr'>ἒ</span> <span class='ocrx_word' id='word_1_278' title='bbox 195 3005 363 3064; x_wconf 59' lang='lat' dir='ltr'>ffiitctus</span> <span class='ocrx_word' id='word_1_279' title='bbox 388 3015 617 3064; x_wconf 83' lang='lat' dir='ltr'>superveniet</span> <span class='ocrx_word' id='word_1_280' title='bbox 644 3016 682 3051; x_wconf 91' lang='lat' dir='ltr'>in</span> <span class='ocrx_word' id='word_1_281' title='bbox 706 3020 750 3060; x_wconf 83' lang='lat' dir='ltr'>te,</span> <span class='ocrx_word' id='word_1_282' title='bbox 771 3022 840 3051; x_wconf 92' lang='lat' dir='ltr'>etc.</span> 
     </span>
     <span class='ocr_line' id='line_1_54' title="bbox 168 3054 1266 3116; baseline -0.002 -10.02"><span class='ocrx_word' id='word_1_283' title='bbox 168 3068 188 3080; x_wconf 68' lang='lat'><strong>²</strong></span> <span class='ocrx_word' id='word_1_284' title='bbox 216 3054 483 3114; x_wconf 51' lang='lat' dir='ltr'>³*sRESPONDEo</span> <span class='ocrx_word' id='word_1_285' title='bbox 515 3078 696 3104; x_wconf 68' lang='lat' dir='ltr'>monimum</span> <span class='ocrx_word' id='word_1_286' title='bbox 728 3067 836 3115; x_wconf 89' lang='lat' dir='ltr'>quod</span> <span class='ocrx_word' id='word_1_287' title='bbox 863 3066 1154 3116; x_wconf 88' lang='lat' dir='ltr'>conceptionem</span> <span class='ocrx_word' id='word_1_288' title='bbox 1185 3079 1266 3104; x_wconf 91' lang='lat' dir='ltr'>cor-</span> 
     </span>
     <span class='ocr_line' id='line_1_55' title="bbox 149 3112 1267 3174; baseline 0.002 -19"><span class='ocrx_word' id='word_1_289' title='bbox 149 3123 192 3170; x_wconf 39' lang='grc' dir='ltr'>ἧς,</span> <span class='ocrx_word' id='word_1_290' title='bbox 209 3112 312 3174; x_wconf 55' lang='lat' dir='ltr'>§oris</span> <span class='ocrx_word' id='word_1_291' title='bbox 339 3117 478 3156; x_wconf 87' lang='lat' dir='ltr'>Christi</span> <span class='ocrx_word' id='word_1_292' title='bbox 495 3126 574 3156; x_wconf 88' lang='lat' dir='ltr'>tota</span> <span class='ocrx_word' id='word_1_293' title='bbox 591 3118 756 3156; x_wconf 88' lang='lat' dir='ltr'>Trinitas</span> <span class='ocrx_word' id='word_1_294' title='bbox 775 3126 830 3156; x_wconf 90' lang='lat' dir='ltr'>est</span> <span class='ocrx_word' id='word_1_295' title='bbox 849 3126 1024 3168; x_wconf 87' lang='lat' dir='ltr'>operata:</span> <span class='ocrx_word' id='word_1_296' title='bbox 1053 3119 1267 3157; x_wconf 86' lang='lat' dir='ltr'>attribuitur</span> 
     </span>
     <span class='ocr_line' id='line_1_56' title="bbox 159 3167 1265 3222; baseline 0.001 -14"><span class='ocrx_word' id='word_1_297' title='bbox 159 3181 167 3188; x_wconf 57' lang='lat'>&#39;¹</span> <span class='ocrx_word' id='word_1_298' title='bbox 191 3167 337 3222; x_wconf 4' lang='lat' dir='ltr'>,Quen</span> <span class='ocrx_word' id='word_1_299' title='bbox 356 3171 432 3210; x_wconf 91' lang='lat' dir='ltr'>hoc</span> <span class='ocrx_word' id='word_1_300' title='bbox 451 3170 607 3221; x_wconf 84' lang='lat' dir='ltr'>Spiritui</span> <span class='ocrx_word' id='word_1_301' title='bbox 626 3172 777 3217; x_wconf 88' lang='lat' dir='ltr'>Sancto,</span> <span class='ocrx_word' id='word_1_302' title='bbox 797 3171 931 3220; x_wconf 90' lang='lat' dir='ltr'>triplici</span> <span class='ocrx_word' id='word_1_303' title='bbox 949 3171 1105 3209; x_wconf 90' lang='lat' dir='ltr'>ratione.</span> <span class='ocrx_word' id='word_1_304' title='bbox 1135 3172 1265 3210; x_wconf 89' lang='lat' dir='ltr'>Primo</span> 
     </span>
     <span class='ocr_line' id='line_1_57' title="bbox 210 3213 1266 3278; baseline 0 -16"><span class='ocrx_word' id='word_1_305' title='bbox 210 3213 384 3278; x_wconf 60' lang='grc' dir='ltr'>ς’ζᾷἰᾶεω,</span> <span class='ocrx_word' id='word_1_306' title='bbox 413 3223 504 3274; x_wconf 88' lang='lat' dir='ltr'>quia</span> <span class='ocrx_word' id='word_1_307' title='bbox 530 3224 606 3262; x_wconf 91' lang='lat' dir='ltr'>hoc</span> <span class='ocrx_word' id='word_1_308' title='bbox 633 3223 806 3271; x_wconf 86' lang='lat' dir='ltr'>congruit</span> <span class='ocrx_word' id='word_1_309' title='bbox 833 3236 970 3262; x_wconf 88' lang='lat' dir='ltr'>causae</span> <span class='ocrx_word' id='word_1_310' title='bbox 998 3223 1266 3262; x_wconf 88' lang='lat' dir='ltr'>incarnationis</span> 
     </span>
     <span class='ocr_line' id='line_1_58' title="bbox 153 3275 1266 3326; baseline 0.001 -13"><span class='ocrx_word' id='word_1_311' title='bbox 153 3289 174 3306; x_wconf 65' lang='lat'>.„</span> <span class='ocrx_word' id='word_1_312' title='bbox 236 3281 309 3326; x_wconf 66' lang='lat' dir='ltr'>nae</span> <span class='ocrx_word' id='word_1_313' title='bbox 335 3275 596 3315; x_wconf 88' lang='lat' dir='ltr'>consideratur</span> <span class='ocrx_word' id='word_1_314' title='bbox 629 3288 676 3313; x_wconf 86' lang='lat' dir='ltr'>ex</span> <span class='ocrx_word' id='word_1_315' title='bbox 707 3284 812 3326; x_wconf 87' lang='lat' dir='ltr'>parte</span> <span class='ocrx_word' id='word_1_316' title='bbox 840 3276 923 3313; x_wconf 90' lang='lat' dir='ltr'>Dei.</span> <span class='ocrx_word' id='word_1_317' title='bbox 967 3276 1128 3325; x_wconf 89' lang='lat' dir='ltr'>Spiritus</span> <span class='ocrx_word' id='word_1_318' title='bbox 1162 3277 1266 3314; x_wconf 92' lang='lat' dir='ltr'>enim</span> 
     </span>
     <span class='ocr_line' id='line_1_59' title="bbox 209 3283 1266 3380; baseline -0.003 -12"><span class='ocrx_word' id='word_1_319' title='bbox 209 3283 371 3380; x_wconf 62' lang='grc' dir='ltr'>ἓᾴῃεῒιιε</span> <span class='ocrx_word' id='word_1_320' title='bbox 404 3337 460 3366; x_wconf 88' lang='lat' dir='ltr'>est</span> <span class='ocrx_word' id='word_1_321' title='bbox 495 3341 606 3367; x_wconf 86' lang='lat' dir='ltr'>amor</span> <span class='ocrx_word' id='word_1_322' title='bbox 639 3328 758 3366; x_wconf 90' lang='lat' dir='ltr'>Patris</span> <span class='ocrx_word' id='word_1_323' title='bbox 793 3336 829 3365; x_wconf 93' lang='lat' dir='ltr'>et</span> <span class='ocrx_word' id='word_1_324' title='bbox 865 3328 964 3366; x_wconf 87' lang='lat' dir='ltr'>Filii:</span> <span class='ocrx_word' id='word_1_325' title='bbox 1001 3336 1043 3366; x_wconf 88' lang='lat' dir='ltr'>ut</span> <span class='ocrx_word' id='word_1_326' title='bbox 1070 3329 1109 3365; x_wconf 91' lang='lat' dir='ltr'>in</span> <span class='ocrx_word' id='word_1_327' title='bbox 1137 3328 1266 3366; x_wconf 87' lang='lat' dir='ltr'>Prima</span> 
     </span>
     <span class='ocr_line' id='line_1_60' title="bbox 211 3378 1265 3420; baseline 0.001 -3"><span class='ocrx_word' id='word_1_328' title='bbox 211 3378 320 3418; x_wconf 76' lang='lat' dir='ltr'>Parte</span> <span class='ocrx_word' id='word_1_329' title='bbox 337 3379 360 3403; x_wconf 82' lang='grc'>*</span> <span class='ocrx_word' id='word_1_330' title='bbox 385 3381 560 3419; x_wconf 80' lang='lat' dir='ltr'>habitum</span> <span class='ocrx_word' id='word_1_331' title='bbox 589 3389 654 3420; x_wconf 90' lang='lat' dir='ltr'>est.</span> <span class='ocrx_word' id='word_1_332' title='bbox 684 3382 771 3419; x_wconf 90' lang='lat' dir='ltr'>Hoc</span> <span class='ocrx_word' id='word_1_333' title='bbox 789 3389 919 3418; x_wconf 89' lang='lat' dir='ltr'>autem</span> <span class='ocrx_word' id='word_1_334' title='bbox 939 3393 985 3418; x_wconf 88' lang='lat' dir='ltr'>ex</span> <span class='ocrx_word' id='word_1_335' title='bbox 1003 3380 1174 3418; x_wconf 85' lang='lat' dir='ltr'>maximo</span> <span class='ocrx_word' id='word_1_336' title='bbox 1193 3381 1265 3419; x_wconf 91' lang='lat' dir='ltr'>Dei</span> 
     </span>
    </p>
   </div>
   <div class='ocr_carea' id='block_1_5' title="bbox 263 3513 825 3554">
    <p class='ocr_par' dir='ltr' id='par_1_8' title="bbox 221 3513 825 3554">
     <span class='ocr_line' id='line_1_61' title="bbox 263 3513 825 3554; baseline -0.005 -4.209"><span class='ocrx_word' id='word_1_337' title='bbox 263 3513 293 3554; x_wconf 65' lang='lat'>8)</span> <span class='ocrx_word' id='word_1_338' title='bbox 305 3518 357 3553; x_wconf 58' lang='lat' dir='ltr'>bet·</span> <span class='ocrx_word' id='word_1_339' title='bbox 373 3521 430 3548; x_wconf 78' lang='lat' dir='ltr'>hoc.</span> <span class='ocrx_word' id='word_1_340' title='bbox 447 3535 468 3542; x_wconf 91' lang='lat'><em>-</em></span> <span class='ocrx_word' id='word_1_341' title='bbox 483 3529 522 3548; x_wconf 73' lang='lat' dir='ltr'>ex</span> <span class='ocrx_word' id='word_1_342' title='bbox 539 3523 589 3548; x_wconf 84' lang='lat' dir='ltr'>hoc</span> <span class='ocrx_word' id='word_1_343' title='bbox 606 3523 630 3548; x_wconf 90' lang='lat' dir='ltr'>G</span> <span class='ocrx_word' id='word_1_344' title='bbox 649 3527 674 3548; x_wconf 82' lang='lat' dir='ltr'>et</span> <span class='ocrx_word' id='word_1_345' title='bbox 692 3523 825 3548; x_wconf 80' lang='lat' dir='ltr'>editiones.</span> 
     </span>
    </p>
   </div>
   <div class='ocr_carea' id='block_1_6' title="bbox 892 283 1704 330">
    <p class='ocr_par' dir='ltr' id='par_1_9' title="bbox 892 283 1704 330">
     <span class='ocr_line' id='line_1_62' title="bbox 892 283 1704 330; baseline -0.001 -10"><span class='ocrx_word' id='word_1_346' title='bbox 892 283 1154 330; x_wconf 82' lang='lat' dir='ltr'><strong>QUAESTIO</strong></span> <span class='ocrx_word' id='word_1_347' title='bbox 1184 283 1339 330; x_wconf 83' lang='lat' dir='ltr'>xxxn,</span> <span class='ocrx_word' id='word_1_348' title='bbox 1370 283 1661 321; x_wconf 70' lang='lat' dir='ltr'>Aaricums</span> <span class='ocrx_word' id='word_1_349' title='bbox 1690 284 1704 319; x_wconf 93' lang='lat'><em>1</em></span> 
     </span>
    </p>
   </div>
   <div class='ocr_carea' id='block_1_7' title="bbox 133 1395 1875 1482">
    <p class='ocr_par' dir='ltr' id='par_1_10' title="bbox 133 1395 1875 1482">
     <span class='ocr_line' id='line_1_63' title="bbox 138 1395 1850 1446; baseline -0.001 -6"><span class='ocrx_word' id='word_1_350' title='bbox 138 1400 186 1432; x_wconf 66' lang='lat'><em>3</em></span> <span class='ocrx_word' id='word_1_351' title='bbox 263 1430 289 1445; x_wconf 12' lang='lat' dir='ltr'>«b.</span> <span class='ocrx_word' id='word_1_352' title='bbox 310 1395 422 1445; x_wconf 72' lang='lat' dir='ltr'>isent„</span> <span class='ocrx_word' id='word_1_353' title='bbox 441 1414 501 1440; x_wconf 77' lang='lat' dir='ltr'>dist.</span> <span class='ocrx_word' id='word_1_354' title='bbox 517 1421 550 1444; x_wconf 80' lang='lat' dir='ltr'>xx,</span> <span class='ocrx_word' id='word_1_355' title='bbox 569 1417 616 1438; x_wconf 83' lang='lat' dir='ltr'>art.</span> <span class='ocrx_word' id='word_1_356' title='bbox 636 1420 660 1445; x_wconf 79' lang='grc' dir='ltr'>ι,</span> <span class='ocrx_word' id='word_1_357' title='bbox 678 1413 710 1438; x_wconf 86' lang='lat' dir='ltr'>ad</span> <span class='ocrx_word' id='word_1_358' title='bbox 729 1421 760 1445; x_wconf 84' lang='lat'>4;</span> <span class='ocrx_word' id='word_1_359' title='bbox 779 1413 820 1443; x_wconf 83' lang='lat'>111,</span> <span class='ocrx_word' id='word_1_360' title='bbox 839 1413 897 1439; x_wconf 77' lang='lat' dir='ltr'>dist.</span> <span class='ocrx_word' id='word_1_361' title='bbox 914 1420 932 1442; x_wconf 86' lang='lat'>1.</span> <span class='ocrx_word' id='word_1_362' title='bbox 951 1420 996 1446; x_wconf 87' lang='lat' dir='ltr'>qu.</span> <span class='ocrx_word' id='word_1_363' title='bbox 1015 1420 1042 1443; x_wconf 85' lang='lat' dir='ltr'>u,</span> <span class='ocrx_word' id='word_1_364' title='bbox 1061 1417 1108 1438; x_wconf 79' lang='lat' dir='ltr'>art.</span> <span class='ocrx_word' id='word_1_365' title='bbox 1129 1418 1152 1442; x_wconf 84' lang='lat'>2,</span> <span class='ocrx_word' id='word_1_366' title='bbox 1171 1412 1203 1437; x_wconf 80' lang='lat' dir='ltr'>ad</span> <span class='ocrx_word' id='word_1_367' title='bbox 1222 1411 1252 1441; x_wconf 77' lang='grc' dir='ltr'>ὃς</span> <span class='ocrx_word' id='word_1_368' title='bbox 1273 1413 1331 1439; x_wconf 87' lang='lat' dir='ltr'>dist.</span> <span class='ocrx_word' id='word_1_369' title='bbox 1350 1420 1377 1441; x_wconf 86' lang='lat' dir='ltr'>n.</span> <span class='ocrx_word' id='word_1_370' title='bbox 1396 1420 1440 1446; x_wconf 90' lang='lat' dir='ltr'>qu.</span> <span class='ocrx_word' id='word_1_371' title='bbox 1459 1420 1487 1444; x_wconf 84' lang='lat' dir='ltr'>n,</span> <span class='ocrx_word' id='word_1_372' title='bbox 1507 1418 1552 1438; x_wconf 80' lang='lat' dir='ltr'>art.</span> <span class='ocrx_word' id='word_1_373' title='bbox 1574 1420 1597 1444; x_wconf 81' lang='lat'>2,</span> <span class='ocrx_word' id='word_1_374' title='bbox 1617 1413 1667 1445; x_wconf 81' lang='lat' dir='ltr'>qu²</span> <span class='ocrx_word' id='word_1_375' title='bbox 1687 1420 1716 1442; x_wconf 81' lang='lat'>2;</span> <span class='ocrx_word' id='word_1_376' title='bbox 1737 1414 1796 1440; x_wconf 82' lang='lat' dir='ltr'>dist.</span> <span class='ocrx_word' id='word_1_377' title='bbox 1817 1421 1850 1443; x_wconf 82' lang='grc' dir='ltr'>ιν,</span> 
     </span>
     <span class='ocr_line' id='line_1_64' title="bbox 133 1425 1875 1482; baseline 0.001 -9"><span class='ocrx_word' id='word_1_378' title='bbox 133 1438 179 1466; x_wconf 60' lang='lat'>&#39;&#39;2“</span> <span class='ocrx_word' id='word_1_379' title='bbox 191 1450 194 1451; x_wconf 69' lang='grc'>’</span> <span class='ocrx_word' id='word_1_380' title='bbox 207 1425 260 1453; x_wconf 41' lang='lat' dir='ltr'>v„</span> <span class='ocrx_word' id='word_1_381' title='bbox 275 1448 281 1453; x_wconf 79' lang='grc'><em>“</em></span> <span class='ocrx_word' id='word_1_382' title='bbox 707 1448 740 1474; x_wconf 92' lang='lat' dir='ltr'>lv</span> <span class='ocrx_word' id='word_1_383' title='bbox 762 1448 838 1474; x_wconf 79' lang='lat' dir='ltr'>cont.</span> <span class='ocrx_word' id='word_1_384' title='bbox 859 1449 946 1477; x_wconf 67' lang='lat' dir='ltr'>Geni„</span> <span class='ocrx_word' id='word_1_385' title='bbox 965 1455 1020 1481; x_wconf 88' lang='lat' dir='ltr'>cap.</span> <span class='ocrx_word' id='word_1_386' title='bbox 1040 1455 1112 1479; x_wconf 63' lang='lat' dir='ltr'>xum</span> <span class='ocrx_word' id='word_1_387' title='bbox 1134 1447 1277 1480; x_wconf 78' lang='lat' dir='ltr'>Compend.</span> <span class='ocrx_word' id='word_1_388' title='bbox 1299 1447 1396 1476; x_wconf 71' lang='lat' dir='ltr'>Ttaeot..</span> <span class='ocrx_word' id='word_1_389' title='bbox 1416 1455 1472 1480; x_wconf 84' lang='lat' dir='ltr'>cap.</span> <span class='ocrx_word' id='word_1_390' title='bbox 1492 1455 1580 1479; x_wconf 83' lang='lat' dir='ltr'>ccx1x;</span> <span class='ocrx_word' id='word_1_391' title='bbox 1601 1448 1630 1473; x_wconf 84' lang='lat' dir='ltr'>In</span> <span class='ocrx_word' id='word_1_392' title='bbox 1649 1448 1762 1478; x_wconf 64' lang='lat' dir='ltr'>Matth„</span> <span class='ocrx_word' id='word_1_393' title='bbox 1782 1457 1839 1482; x_wconf 84' lang='lat' dir='ltr'>cap.</span> <span class='ocrx_word' id='word_1_394' title='bbox 1858 1457 1875 1474; x_wconf 93' lang='lat'>1.</span> 
     </span>
    </p>
   </div>
   <div class='ocr_carea' id='block_1_8' title="bbox 2310 279 2384 317">
    <p class='ocr_par' dir='ltr' id='par_1_11' title="bbox 2310 279 2384 317">
     <span class='ocr_line' id='line_1_65' title="bbox 2310 279 2384 317; baseline 0 -1"><span class='ocrx_word' id='word_1_395' title='bbox 2310 279 2384 317; x_wconf 86' lang='lat'>333</span> 
     </span>
    </p>
   </div>
   <div class='ocr_carea' id='block_1_9' title="bbox 133 485 2050 676">
    <p class='ocr_par' dir='ltr' id='par_1_12' title="bbox 133 482 2050 676">
     <span class='ocr_line' id='line_1_66' title="bbox 133 485 1940 609; baseline -0.002 -35"><span class='ocrx_word' id='word_1_396' title='bbox 133 501 181 599; x_wconf 64' lang='lat'>⁷³.</span> <span class='ocrx_word' id='word_1_397' title='bbox 212 485 279 609; x_wconf 55' lang='lat'>5553*-</span> <span class='ocrx_word' id='word_1_398' title='bbox 344 503 379 593; x_wconf 78' lang='lat' dir='ltr'><em>J</em></span> <span class='ocrx_word' id='word_1_399' title='bbox 653 516 1064 594; x_wconf 78' lang='lat' dir='ltr'>QUAESTIO</span> <span class='ocrx_word' id='word_1_400' title='bbox 1102 516 1940 572; x_wconf 81' lang='lat' dir='ltr'>TRIGESIMASECUNDA</span> 
     </span>
     <span class='ocr_line' id='line_1_67' title="bbox 549 635 2050 676; baseline 0 0"><span class='ocrx_word' id='word_1_401' title='bbox 549 636 633 676; x_wconf 85' lang='lat' dir='ltr'>DE</span> <span class='ocrx_word' id='word_1_402' title='bbox 665 635 960 676; x_wconf 87' lang='lat' dir='ltr'>PRINCIPIO</span> <span class='ocrx_word' id='word_1_403' title='bbox 996 636 1224 676; x_wconf 88' lang='lat' dir='ltr'>ACTIVO</span> <span class='ocrx_word' id='word_1_404' title='bbox 1258 636 1318 676; x_wconf 93' lang='lat' dir='ltr'>IN</span> <span class='ocrx_word' id='word_1_405' title='bbox 1353 635 1778 676; x_wconf 84' lang='lat' dir='ltr'>CONCEPTIONE</span> <span class='ocrx_word' id='word_1_406' title='bbox 1812 635 2050 676; x_wconf 87' lang='lat' dir='ltr'>CHRISTI</span> 
     </span>
    </p>
   </div>
   <div class='ocr_carea' id='block_1_10' title="bbox 998 758 1596 789">
    <p class='ocr_par' dir='ltr' id='par_1_13' title="bbox 998 758 1596 789">
     <span class='ocr_line' id='line_1_68' title="bbox 998 758 1596 789; baseline 0 -5"><span class='ocrx_word' id='word_1_407' title='bbox 998 759 1031 784; x_wconf 87' lang='lat' dir='ltr'>IN</span> <span class='ocrx_word' id='word_1_408' title='bbox 1061 758 1231 789; x_wconf 85' lang='lat' dir='ltr'>QUATUOR</span> <span class='ocrx_word' id='word_1_409' title='bbox 1258 759 1457 785; x_wconf 80' lang='lat' dir='ltr'>ARTICULOS</span> <span class='ocrx_word' id='word_1_410' title='bbox 1484 759 1596 784; x_wconf 87' lang='lat' dir='ltr'>DIVISA</span> 
     </span>
    </p>
   </div>
   <div class='ocr_carea' id='block_1_11' title="bbox 1375 848 2381 1173">
    <p class='ocr_par' dir='ltr' id='par_1_14' title="bbox 1430 848 2066 911">
     <span class='ocr_line' id='line_1_69' title="bbox 1430 848 2066 911; baseline 0.002 -14"><span class='ocrx_word' id='word_1_411' title='bbox 1430 869 1638 910; x_wconf 91' lang='lat' dir='ltr'>conceptus</span> <span class='ocrx_word' id='word_1_412' title='bbox 1667 861 1714 898; x_wconf 93' lang='lat' dir='ltr'>de</span> <span class='ocrx_word' id='word_1_413' title='bbox 1744 861 1884 911; x_wconf 90' lang='lat' dir='ltr'>Spiritu</span> <span class='ocrx_word' id='word_1_414' title='bbox 1915 848 2066 899; x_wconf 86' lang='lat' dir='ltr'>Sancto.</span> 
     </span>
    </p>

    <p class='ocr_par' dir='ltr' id='par_1_15' title="bbox 1375 926 2381 1108">
     <span class='ocr_line' id='line_1_70' title="bbox 1375 926 2381 976; baseline 0.003 -14"><span class='ocrx_word' id='word_1_415' title='bbox 1375 926 1526 963; x_wconf 90' lang='lat' dir='ltr'>Tertio:</span> <span class='ocrx_word' id='word_1_416' title='bbox 1556 934 1688 963; x_wconf 92' lang='lat' dir='ltr'>utrum</span> <span class='ocrx_word' id='word_1_417' title='bbox 1714 926 1833 975; x_wconf 91' lang='lat' dir='ltr'>possit</span> <span class='ocrx_word' id='word_1_418' title='bbox 1860 927 1934 963; x_wconf 91' lang='lat' dir='ltr'>dici</span> <span class='ocrx_word' id='word_1_419' title='bbox 1961 928 2069 976; x_wconf 91' lang='lat' dir='ltr'>quod</span> <span class='ocrx_word' id='word_1_420' title='bbox 2098 927 2258 976; x_wconf 88' lang='lat' dir='ltr'>Spiritus</span> <span class='ocrx_word' id='word_1_421' title='bbox 2287 928 2381 965; x_wconf 92' lang='lat' dir='ltr'>San-</span> 
     </span>
     <span class='ocr_line' id='line_1_71' title="bbox 1427 992 2319 1042; baseline 0.001 -13"><span class='ocrx_word' id='word_1_422' title='bbox 1427 1001 1510 1029; x_wconf 90' lang='lat' dir='ltr'>ctus</span> <span class='ocrx_word' id='word_1_423' title='bbox 1538 992 1583 1029; x_wconf 88' lang='lat' dir='ltr'>sit</span> <span class='ocrx_word' id='word_1_424' title='bbox 1609 1001 1716 1042; x_wconf 90' lang='lat' dir='ltr'>pater</span> <span class='ocrx_word' id='word_1_425' title='bbox 1745 993 1882 1030; x_wconf 90' lang='lat' dir='ltr'>Christi</span> <span class='ocrx_word' id='word_1_426' title='bbox 1910 994 2125 1030; x_wconf 88' lang='lat' dir='ltr'>secundum</span> <span class='ocrx_word' id='word_1_427' title='bbox 2153 1006 2319 1030; x_wconf 90' lang='lat' dir='ltr'>carnem.</span> 
     </span>
     <span class='ocr_line' id='line_1_72' title="bbox 1375 1058 2381 1108; baseline 0.001 -13"><span class='ocrx_word' id='word_1_428' title='bbox 1375 1058 1541 1105; x_wconf 88' lang='lat' dir='ltr'>Quarto:</span> <span class='ocrx_word' id='word_1_429' title='bbox 1563 1066 1694 1095; x_wconf 90' lang='lat' dir='ltr'>utrum</span> <span class='ocrx_word' id='word_1_430' title='bbox 1708 1059 1824 1096; x_wconf 89' lang='lat' dir='ltr'>Beata</span> <span class='ocrx_word' id='word_1_431' title='bbox 1837 1058 1953 1106; x_wconf 84' lang='lat' dir='ltr'>Virgo</span> <span class='ocrx_word' id='word_1_432' title='bbox 1974 1058 2117 1108; x_wconf 92' lang='lat' dir='ltr'>aliquid</span> <span class='ocrx_word' id='word_1_433' title='bbox 2132 1059 2251 1096; x_wconf 84' lang='lat' dir='ltr'>active</span> <span class='ocrx_word' id='word_1_434' title='bbox 2267 1059 2381 1108; x_wconf 84' lang='lat' dir='ltr'>egerit</span> 
     </span>
    </p>

    <p class='ocr_par' dir='ltr' id='par_1_16' title="bbox 1426 1117 1924 1173">
     <span class='ocr_line' id='line_1_73' title="bbox 1426 1117 1924 1173; baseline 0 -13"><span class='ocrx_word' id='word_1_435' title='bbox 1426 1123 1465 1160; x_wconf 92' lang='lat' dir='ltr'>in</span> <span class='ocrx_word' id='word_1_436' title='bbox 1494 1123 1745 1173; x_wconf 89' lang='lat' dir='ltr'>conceptione</span> <span class='ocrx_word' id='word_1_437' title='bbox 1775 1117 1924 1161; x_wconf 72' lang='lat' dir='ltr'>Christi.</span> 
     </span>
    </p>
   </div>
   <div class='ocr_carea' id='block_1_12' title="bbox 145 1231 2190 1366">
    <p class='ocr_par' dir='ltr' id='par_1_17' title="bbox 145 1231 2190 1366">
     <span class='ocr_line' id='line_1_74' title="bbox 146 1231 1574 1294; baseline -0.006 -13"><span class='ocrx_word' id='word_1_438' title='bbox 146 1279 180 1294; x_wconf 65' lang='lat'>‚-</span> <span class='ocrx_word' id='word_1_439' title='bbox 209 1279 221 1286; x_wconf 54' lang='lat'>.</span> <span class='ocrx_word' id='word_1_440' title='bbox 240 1278 267 1286; x_wconf 57' lang='grc'><strong>,</strong></span> <span class='ocrx_word' id='word_1_441' title='bbox 1016 1231 1336 1274; x_wconf 87' lang='lat' dir='ltr'>ARTICULUS</span> <span class='ocrx_word' id='word_1_442' title='bbox 1367 1231 1574 1274; x_wconf 90' lang='lat' dir='ltr'>PRIMUS</span> 
     </span>
     <span class='ocr_line' id='line_1_75' title="bbox 145 1300 2190 1366; baseline -0.001 -6"><span class='ocrx_word' id='word_1_443' title='bbox 145 1300 174 1330; x_wconf 56' lang='lat'>⁵⁹³</span> <span class='ocrx_word' id='word_1_444' title='bbox 207 1321 274 1366; x_wconf 39' lang='lat' dir='ltr'>²³⁵3*st</span> <span class='ocrx_word' id='word_1_445' title='bbox 399 1327 556 1359; x_wconf 85' lang='lat' dir='ltr'><strong>UTRUM</strong></span> <span class='ocrx_word' id='word_1_446' title='bbox 579 1325 791 1357; x_wconf 84' lang='lat' dir='ltr'><strong>EFFICERE</strong></span> <span class='ocrx_word' id='word_1_447' title='bbox 815 1321 1161 1357; x_wconf 84' lang='lat' dir='ltr'>CONCEPTIONEM</span> <span class='ocrx_word' id='word_1_448' title='bbox 1186 1325 1358 1356; x_wconf 84' lang='lat' dir='ltr'>CHRISTI</span> <span class='ocrx_word' id='word_1_449' title='bbox 1382 1324 1558 1356; x_wconf 83' lang='lat' dir='ltr'><strong>DEBEAT</strong></span> <span class='ocrx_word' id='word_1_450' title='bbox 1581 1325 1788 1357; x_wconf 79' lang='lat' dir='ltr'>ATTmBm</span> <span class='ocrx_word' id='word_1_451' title='bbox 1812 1326 1992 1359; x_wconf 83' lang='lat' dir='ltr'>SPIRITUI</span> <span class='ocrx_word' id='word_1_452' title='bbox 2016 1327 2190 1358; x_wconf 78' lang='lat' dir='ltr'>SANCTo</span> 
     </span>
    </p>
   </div>
   <div class='ocr_carea' id='block_1_13' title="bbox 1870 1415 2271 1447">
    <p class='ocr_par' dir='ltr' id='par_1_18' title="bbox 1870 1415 2271 1447">
     <span class='ocr_line' id='line_1_76' title="bbox 1870 1415 2271 1447; baseline 0.005 -9"><span class='ocrx_word' id='word_1_453' title='bbox 1870 1422 1915 1447; x_wconf 89' lang='lat' dir='ltr'>qu.</span> <span class='ocrx_word' id='word_1_454' title='bbox 1935 1422 1952 1443; x_wconf 87' lang='lat'>1.</span> <span class='ocrx_word' id='word_1_455' title='bbox 1971 1420 2017 1440; x_wconf 76' lang='lat' dir='ltr'>art.</span> <span class='ocrx_word' id='word_1_456' title='bbox 2040 1421 2062 1446; x_wconf 86' lang='lat'>1,</span> <span class='ocrx_word' id='word_1_457' title='bbox 2083 1415 2133 1447; x_wconf 81' lang='lat' dir='ltr'>qu⁸</span> <span class='ocrx_word' id='word_1_458' title='bbox 2154 1422 2176 1444; x_wconf 83' lang='lat'>1.</span> <span class='ocrx_word' id='word_1_459' title='bbox 2198 1423 2220 1446; x_wconf 88' lang='lat'>2,</span> <span class='ocrx_word' id='word_1_460' title='bbox 2242 1415 2271 1446; x_wconf 86' lang='lat'>3;</span> 
     </span>
    </p>
   </div>
   <div class='ocr_carea' id='block_1_14' title="bbox 1320 1536 2379 1586">
    <p class='ocr_par' dir='ltr' id='par_1_19' title="bbox 1320 1536 2379 1586">
     <span class='ocr_line' id='line_1_77' title="bbox 1320 1536 2379 1586; baseline 0.003 -14"><span class='ocrx_word' id='word_1_461' title='bbox 1320 1548 1452 1573; x_wconf 88' lang='lat' dir='ltr'>amore</span> <span class='ocrx_word' id='word_1_462' title='bbox 1479 1536 1667 1586; x_wconf 90' lang='lat' dir='ltr'>provenit,</span> <span class='ocrx_word' id='word_1_463' title='bbox 1687 1544 1730 1573; x_wconf 89' lang='lat' dir='ltr'>ut</span> <span class='ocrx_word' id='word_1_464' title='bbox 1758 1536 1875 1574; x_wconf 90' lang='lat' dir='ltr'>Filius</span> <span class='ocrx_word' id='word_1_465' title='bbox 1902 1537 1974 1574; x_wconf 91' lang='lat' dir='ltr'>Dei</span> <span class='ocrx_word' id='word_1_466' title='bbox 2003 1550 2158 1575; x_wconf 89' lang='lat' dir='ltr'>carnem</span> <span class='ocrx_word' id='word_1_467' title='bbox 2186 1538 2256 1575; x_wconf 90' lang='lat' dir='ltr'>sibi</span> <span class='ocrx_word' id='word_1_468' title='bbox 2275 1550 2379 1576; x_wconf 88' lang='lat' dir='ltr'>assu-</span> 
     </span>
    </p>
   </div>
   <div class='ocr_carea' id='block_1_15' title="bbox 1319 1589 2547 1637">
    <p class='ocr_par' dir='ltr' id='par_1_20' title="bbox 1319 1589 2547 1637">
     <span class='ocr_line' id='line_1_78' title="bbox 1319 1589 2547 1637; baseline 0.002 -12"><span class='ocrx_word' id='word_1_469' title='bbox 1319 1596 1440 1626; x_wconf 90' lang='lat' dir='ltr'>meret</span> <span class='ocrx_word' id='word_1_470' title='bbox 1468 1589 1507 1626; x_wconf 90' lang='lat' dir='ltr'>in</span> <span class='ocrx_word' id='word_1_471' title='bbox 1535 1596 1644 1626; x_wconf 90' lang='lat' dir='ltr'>utero</span> <span class='ocrx_word' id='word_1_472' title='bbox 1672 1589 1864 1637; x_wconf 86' lang='lat' dir='ltr'>virginali:</span> <span class='ocrx_word' id='word_1_473' title='bbox 1894 1590 1998 1627; x_wconf 90' lang='lat' dir='ltr'>unde</span> <span class='ocrx_word' id='word_1_474' title='bbox 2017 1590 2154 1628; x_wconf 91' lang='lat' dir='ltr'>dicitur</span> <span class='ocrx_word' id='word_1_475' title='bbox 2174 1591 2377 1628; x_wconf 77' lang='lat' dir='ltr'>Ioan.111*:</span> <span class='ocrx_word' id='word_1_476' title='bbox 2407 1594 2497 1616; x_wconf 47' lang='grc' dir='ltr'>’Με-</span> <span class='ocrx_word' id='word_1_477' title='bbox 2514 1594 2547 1616; x_wconf 82' lang='lat'>¹⁶·</span> 
     </span>
    </p>
   </div>
   <div class='ocr_carea' id='block_1_16' title="bbox 1318 1642 2543 3432">
    <p class='ocr_par' dir='ltr' id='par_1_21' title="bbox 1318 1642 2543 3432">
     <span class='ocr_line' id='line_1_79' title="bbox 1320 1642 2380 1694; baseline 0.003 -16"><span class='ocrx_word' id='word_1_478' title='bbox 1320 1643 1380 1678; x_wconf 87' lang='lat' dir='ltr'>Sic</span> <span class='ocrx_word' id='word_1_479' title='bbox 1406 1643 1509 1679; x_wconf 88' lang='lat' dir='ltr'>Deus</span> <span class='ocrx_word' id='word_1_480' title='bbox 1536 1642 1662 1679; x_wconf 87' lang='lat' dir='ltr'>dilexit</span> <span class='ocrx_word' id='word_1_481' title='bbox 1688 1643 1868 1679; x_wconf 87' lang='lat' dir='ltr'>mundum</span> <span class='ocrx_word' id='word_1_482' title='bbox 1897 1649 1934 1679; x_wconf 91' lang='lat' dir='ltr'>ut</span> <span class='ocrx_word' id='word_1_483' title='bbox 1961 1643 2097 1680; x_wconf 90' lang='lat' dir='ltr'>Filium</span> <span class='ocrx_word' id='word_1_484' title='bbox 2116 1656 2223 1680; x_wconf 88' lang='lat' dir='ltr'>suum</span> <span class='ocrx_word' id='word_1_485' title='bbox 2251 1646 2380 1694; x_wconf 82' lang='lat' dir='ltr'>unige-</span> 
     </span>
     <span class='ocr_line' id='line_1_80' title="bbox 1321 1695 1579 1732; baseline 0.004 -2"><span class='ocrx_word' id='word_1_486' title='bbox 1321 1695 1435 1731; x_wconf 89' lang='lat' dir='ltr'>nitum</span> <span class='ocrx_word' id='word_1_487' title='bbox 1465 1695 1579 1732; x_wconf 84' lang='lat' dir='ltr'>daret.</span> 
     </span>
     <span class='ocr_line' id='line_1_81' title="bbox 1373 1747 2381 1796; baseline 0.002 -12"><span class='ocrx_word' id='word_1_488' title='bbox 1373 1747 1572 1792; x_wconf 88' lang='lat' dir='ltr'>Secundo,</span> <span class='ocrx_word' id='word_1_489' title='bbox 1609 1747 1700 1796; x_wconf 89' lang='lat' dir='ltr'>quia</span> <span class='ocrx_word' id='word_1_490' title='bbox 1727 1748 1803 1784; x_wconf 92' lang='lat' dir='ltr'>hoc</span> <span class='ocrx_word' id='word_1_491' title='bbox 1831 1748 2003 1796; x_wconf 90' lang='lat' dir='ltr'>congruit</span> <span class='ocrx_word' id='word_1_492' title='bbox 2037 1761 2173 1785; x_wconf 86' lang='lat' dir='ltr'>causae</span> <span class='ocrx_word' id='word_1_493' title='bbox 2211 1749 2381 1786; x_wconf 88' lang='lat' dir='ltr'>incarna-</span> 
     </span>
     <span class='ocr_line' id='line_1_82' title="bbox 1320 1799 2382 1850; baseline 0.003 -14"><span class='ocrx_word' id='word_1_494' title='bbox 1320 1799 1432 1836; x_wconf 88' lang='lat' dir='ltr'>tionis</span> <span class='ocrx_word' id='word_1_495' title='bbox 1461 1812 1507 1836; x_wconf 83' lang='lat' dir='ltr'>ex</span> <span class='ocrx_word' id='word_1_496' title='bbox 1534 1807 1640 1848; x_wconf 88' lang='lat' dir='ltr'>parte</span> <span class='ocrx_word' id='word_1_497' title='bbox 1659 1808 1816 1837; x_wconf 89' lang='lat' dir='ltr'>naturae</span> <span class='ocrx_word' id='word_1_498' title='bbox 1836 1809 2066 1849; x_wconf 89' lang='lat' dir='ltr'>assumptae.</span> <span class='ocrx_word' id='word_1_499' title='bbox 2098 1801 2200 1847; x_wconf 90' lang='lat' dir='ltr'>Quia</span> <span class='ocrx_word' id='word_1_500' title='bbox 2218 1814 2288 1850; x_wconf 91' lang='lat' dir='ltr'>per</span> <span class='ocrx_word' id='word_1_501' title='bbox 2306 1803 2382 1839; x_wconf 92' lang='lat' dir='ltr'>hoc</span> 
     </span>
     <span class='ocr_line' id='line_1_83' title="bbox 1320 1851 2382 1903; baseline 0.003 -15"><span class='ocrx_word' id='word_1_502' title='bbox 1320 1851 1432 1889; x_wconf 85' lang='lat' dir='ltr'>datur</span> <span class='ocrx_word' id='word_1_503' title='bbox 1459 1852 1611 1900; x_wconf 87' lang='lat' dir='ltr'>intelligi</span> <span class='ocrx_word' id='word_1_504' title='bbox 1639 1853 1746 1901; x_wconf 92' lang='lat' dir='ltr'>quod</span> <span class='ocrx_word' id='word_1_505' title='bbox 1765 1853 1938 1890; x_wconf 89' lang='lat' dir='ltr'>humana</span> <span class='ocrx_word' id='word_1_506' title='bbox 1956 1861 2092 1890; x_wconf 90' lang='lat' dir='ltr'>natura</span> <span class='ocrx_word' id='word_1_507' title='bbox 2111 1862 2315 1903; x_wconf 87' lang='lat' dir='ltr'>assumpta·</span> <span class='ocrx_word' id='word_1_508' title='bbox 2327 1863 2382 1891; x_wconf 91' lang='lat' dir='ltr'>est</span> 
     </span>
     <span class='ocr_line' id='line_1_84' title="bbox 1321 1904 2381 1956; baseline 0.002 -14"><span class='ocrx_word' id='word_1_509' title='bbox 1321 1917 1343 1942; x_wconf 90' lang='lat' dir='ltr'>a</span> <span class='ocrx_word' id='word_1_510' title='bbox 1370 1904 1466 1943; x_wconf 89' lang='lat' dir='ltr'>Filio</span> <span class='ocrx_word' id='word_1_511' title='bbox 1495 1905 1567 1942; x_wconf 93' lang='lat' dir='ltr'>Dei</span> <span class='ocrx_word' id='word_1_512' title='bbox 1595 1905 1634 1942; x_wconf 93' lang='lat' dir='ltr'>in</span> <span class='ocrx_word' id='word_1_513' title='bbox 1654 1906 1838 1943; x_wconf 87' lang='lat' dir='ltr'>unitatem</span> <span class='ocrx_word' id='word_1_514' title='bbox 1866 1918 2053 1954; x_wconf 88' lang='lat' dir='ltr'>personae</span> <span class='ocrx_word' id='word_1_515' title='bbox 2082 1918 2162 1944; x_wconf 90' lang='lat' dir='ltr'>non</span> <span class='ocrx_word' id='word_1_516' title='bbox 2184 1918 2230 1943; x_wconf 86' lang='lat' dir='ltr'>ex</span> <span class='ocrx_word' id='word_1_517' title='bbox 2249 1907 2381 1956; x_wconf 88' lang='lat' dir='ltr'>aliqui-</span> 
     </span>
     <span class='ocr_line' id='line_1_85' title="bbox 1320 1957 2381 2010; baseline 0.003 -16"><span class='ocrx_word' id='word_1_518' title='bbox 1320 1957 1393 1994; x_wconf 91' lang='lat' dir='ltr'>bus</span> <span class='ocrx_word' id='word_1_519' title='bbox 1427 1958 1590 2004; x_wconf 87' lang='lat' dir='ltr'>meritis,</span> <span class='ocrx_word' id='word_1_520' title='bbox 1627 1959 1694 1995; x_wconf 91' lang='lat' dir='ltr'>sed</span> <span class='ocrx_word' id='word_1_521' title='bbox 1728 1970 1775 1995; x_wconf 88' lang='lat' dir='ltr'>ex</span> <span class='ocrx_word' id='word_1_522' title='bbox 1809 1959 1889 1995; x_wconf 90' lang='lat' dir='ltr'>sola</span> <span class='ocrx_word' id='word_1_523' title='bbox 1922 1959 2056 2006; x_wconf 89' lang='lat' dir='ltr'>gratia:</span> <span class='ocrx_word' id='word_1_524' title='bbox 2093 1971 2193 2009; x_wconf 87' lang='lat' dir='ltr'>quae</span> <span class='ocrx_word' id='word_1_525' title='bbox 2227 1959 2381 2010; x_wconf 90' lang='lat' dir='ltr'>Spiritui</span> 
     </span>
     <span class='ocr_line' id='line_1_86' title="bbox 1321 2011 2537 2058; baseline 0.002 -10"><span class='ocrx_word' id='word_1_526' title='bbox 1321 2011 1461 2048; x_wconf 89' lang='lat' dir='ltr'>Sancto</span> <span class='ocrx_word' id='word_1_527' title='bbox 1489 2011 1721 2058; x_wconf 85' lang='lat' dir='ltr'>attribuitur,</span> <span class='ocrx_word' id='word_1_528' title='bbox 1755 2011 1971 2048; x_wconf 90' lang='lat' dir='ltr'>secundum</span> <span class='ocrx_word' id='word_1_529' title='bbox 2006 2011 2099 2049; x_wconf 85' lang='lat' dir='ltr'>illud</span> <span class='ocrx_word' id='word_1_530' title='bbox 2127 2013 2141 2049; x_wconf 85' lang='grc' dir='ltr'>Ι</span> <span class='ocrx_word' id='word_1_531' title='bbox 2169 2013 2255 2050; x_wconf 89' lang='lat' dir='ltr'>Cor.</span> <span class='ocrx_word' id='word_1_532' title='bbox 2275 2026 2321 2050; x_wconf 78' lang='grc' dir='ltr'>ΧΗ</span> <span class='ocrx_word' id='word_1_533' title='bbox 2339 2013 2379 2050; x_wconf 75' lang='grc' dir='ltr'>*ε</span> <span class='ocrx_word' id='word_1_534' title='bbox 2411 2015 2537 2042; x_wconf 62' lang='lat' dir='ltr'>’Vm-4·</span> 
     </span>
     <span class='ocr_line' id='line_1_87' title="bbox 1319 2065 2379 2115; baseline 0.002 -15"><span class='ocrx_word' id='word_1_535' title='bbox 1319 2065 1527 2101; x_wconf 83' lang='lat' dir='ltr'>Divisiones</span> <span class='ocrx_word' id='word_1_536' title='bbox 1552 2065 1764 2114; x_wconf 81' lang='lat' dir='ltr'>gratiarum</span> <span class='ocrx_word' id='word_1_537' title='bbox 1792 2071 1894 2111; x_wconf 89' lang='lat' dir='ltr'>sunt,</span> <span class='ocrx_word' id='word_1_538' title='bbox 1931 2065 2027 2102; x_wconf 86' lang='lat' dir='ltr'>idem</span> <span class='ocrx_word' id='word_1_539' title='bbox 2059 2071 2181 2102; x_wconf 85' lang='lat' dir='ltr'>autem</span> <span class='ocrx_word' id='word_1_540' title='bbox 2215 2067 2379 2115; x_wconf 84' lang='lat' dir='ltr'>Spiritus.</span> 
     </span>
     <span class='ocr_line' id='line_1_88' title="bbox 1319 2116 2543 2164; baseline 0 -10"><span class='ocrx_word' id='word_1_541' title='bbox 1319 2116 1431 2154; x_wconf 90' lang='lat' dir='ltr'>Unde</span> <span class='ocrx_word' id='word_1_542' title='bbox 1453 2116 1688 2164; x_wconf 86' lang='lat' dir='ltr'>Augustinus</span> <span class='ocrx_word' id='word_1_543' title='bbox 1707 2116 1805 2164; x_wconf 92' lang='lat' dir='ltr'>dicit,</span> <span class='ocrx_word' id='word_1_544' title='bbox 1826 2117 1866 2154; x_wconf 94' lang='lat' dir='ltr'>in</span> <span class='ocrx_word' id='word_1_545' title='bbox 1883 2118 2074 2154; x_wconf 83' lang='lat' dir='ltr'>Enchirid.</span> <span class='ocrx_word' id='word_1_546' title='bbox 2094 2117 2131 2154; x_wconf 82' lang='lat'>*:</span> <span class='ocrx_word' id='word_1_547' title='bbox 2160 2120 2235 2155; x_wconf 90' lang='lat' dir='ltr'>Iste</span> <span class='ocrx_word' id='word_1_548' title='bbox 2251 2119 2383 2156; x_wconf 87' lang='lat' dir='ltr'>modus</span> <span class='ocrx_word' id='word_1_549' title='bbox 2411 2127 2420 2137; x_wconf 77' lang='lat'>⁸</span> <span class='ocrx_word' id='word_1_550' title='bbox 2434 2126 2491 2154; x_wconf 73' lang='lat' dir='ltr'>Cap·</span> <span class='ocrx_word' id='word_1_551' title='bbox 2506 2131 2543 2147; x_wconf 62' lang='lat' dir='ltr'>xn-</span> 
     </span>
     <span class='ocr_line' id='line_1_89' title="bbox 1321 2170 2383 2219; baseline 0.002 -13"><span class='ocrx_word' id='word_1_552' title='bbox 1321 2181 1392 2218; x_wconf 88' lang='lat' dir='ltr'>quo</span> <span class='ocrx_word' id='word_1_553' title='bbox 1417 2175 1470 2206; x_wconf 83' lang='lat' dir='ltr'>est</span> <span class='ocrx_word' id='word_1_554' title='bbox 1498 2175 1604 2206; x_wconf 89' lang='lat' dir='ltr'>natus</span> <span class='ocrx_word' id='word_1_555' title='bbox 1635 2170 1799 2206; x_wconf 88' lang='lat' dir='ltr'>Christus</span> <span class='ocrx_word' id='word_1_556' title='bbox 1825 2170 1872 2206; x_wconf 86' lang='lat' dir='ltr'>de</span> <span class='ocrx_word' id='word_1_557' title='bbox 1893 2171 2030 2219; x_wconf 88' lang='lat' dir='ltr'>Spiritu</span> <span class='ocrx_word' id='word_1_558' title='bbox 2049 2172 2196 2216; x_wconf 87' lang='lat' dir='ltr'>Sancto,</span> <span class='ocrx_word' id='word_1_559' title='bbox 2223 2173 2383 2209; x_wconf 84' lang='lat' dir='ltr'>insinuat</span> 
     </span>
     <span class='ocr_line' id='line_1_90' title="bbox 1321 2223 2380 2273; baseline 0.003 -15"><span class='ocrx_word' id='word_1_560' title='bbox 1321 2224 1424 2259; x_wconf 88' lang='lat' dir='ltr'>nobis</span> <span class='ocrx_word' id='word_1_561' title='bbox 1450 2223 1614 2272; x_wconf 79' lang='lat' dir='ltr'>gratiam</span> <span class='ocrx_word' id='word_1_562' title='bbox 1642 2223 1736 2268; x_wconf 83' lang='lat' dir='ltr'>Dei,</span> <span class='ocrx_word' id='word_1_563' title='bbox 1765 2235 1837 2272; x_wconf 84' lang='lat' dir='ltr'>qua</span> <span class='ocrx_word' id='word_1_564' title='bbox 1864 2224 1994 2269; x_wconf 85' lang='lat' dir='ltr'>homo,</span> <span class='ocrx_word' id='word_1_565' title='bbox 2025 2223 2134 2260; x_wconf 88' lang='lat' dir='ltr'>nullis</span> <span class='ocrx_word' id='word_1_566' title='bbox 2154 2225 2380 2273; x_wconf 86' lang='lat' dir='ltr'>praeceden-</span> 
     </span>
     <span class='ocr_line' id='line_1_91' title="bbox 1318 2275 2383 2324; baseline 0.004 -13"><span class='ocrx_word' id='word_1_567' title='bbox 1318 2276 1411 2312; x_wconf 89' lang='lat' dir='ltr'>tibus</span> <span class='ocrx_word' id='word_1_568' title='bbox 1439 2277 1587 2321; x_wconf 89' lang='lat' dir='ltr'>meritis,</span> <span class='ocrx_word' id='word_1_569' title='bbox 1617 2287 1666 2312; x_wconf 91' lang='lat' dir='ltr'>ex</span> <span class='ocrx_word' id='word_1_570' title='bbox 1693 2277 1771 2324; x_wconf 90' lang='lat' dir='ltr'>ipso</span> <span class='ocrx_word' id='word_1_571' title='bbox 1793 2277 1921 2324; x_wconf 87' lang='lat' dir='ltr'>primo</span> <span class='ocrx_word' id='word_1_572' title='bbox 1945 2275 2100 2313; x_wconf 88' lang='lat' dir='ltr'>exordio</span> <span class='ocrx_word' id='word_1_573' title='bbox 2119 2282 2276 2315; x_wconf 88' lang='lat' dir='ltr'>naturae</span> <span class='ocrx_word' id='word_1_574' title='bbox 2293 2289 2383 2315; x_wconf 86' lang='lat' dir='ltr'>suae</span> 
     </span>
     <span class='ocr_line' id='line_1_92' title="bbox 1321 2329 2380 2377; baseline 0.002 -13"><span class='ocrx_word' id='word_1_575' title='bbox 1321 2340 1392 2377; x_wconf 85' lang='lat' dir='ltr'>quo</span> <span class='ocrx_word' id='word_1_576' title='bbox 1420 2340 1496 2365; x_wconf 89' lang='lat' dir='ltr'>esse</span> <span class='ocrx_word' id='word_1_577' title='bbox 1522 2330 1650 2377; x_wconf 84' lang='lat' dir='ltr'>coepit,</span> <span class='ocrx_word' id='word_1_578' title='bbox 1679 2329 1798 2365; x_wconf 86' lang='lat' dir='ltr'>Verbo</span> <span class='ocrx_word' id='word_1_579' title='bbox 1825 2329 1900 2364; x_wconf 86' lang='lat' dir='ltr'>Dei</span> <span class='ocrx_word' id='word_1_580' title='bbox 1920 2329 2157 2377; x_wconf 86' lang='lat' dir='ltr'>copularetur</span> <span class='ocrx_word' id='word_1_581' title='bbox 2183 2330 2380 2371; x_wconf 70' lang='lat' dir='ltr'>intantum</span> 
     </span>
     <span class='ocr_line' id='line_1_93' title="bbox 1320 2381 2380 2431; baseline 0.001 -13"><span class='ocrx_word' id='word_1_582' title='bbox 1320 2383 1496 2418; x_wconf 84' lang='lat' dir='ltr'>unitatem</span> <span class='ocrx_word' id='word_1_583' title='bbox 1524 2393 1711 2431; x_wconf 86' lang='lat' dir='ltr'>personae</span> <span class='ocrx_word' id='word_1_584' title='bbox 1741 2386 1779 2418; x_wconf 83' lang='lat' dir='ltr'>ut</span> <span class='ocrx_word' id='word_1_585' title='bbox 1811 2381 1906 2418; x_wconf 87' lang='lat' dir='ltr'>idem</span> <span class='ocrx_word' id='word_1_586' title='bbox 1935 2382 2011 2431; x_wconf 86' lang='lat' dir='ltr'>ipse</span> <span class='ocrx_word' id='word_1_587' title='bbox 2038 2387 2127 2418; x_wconf 87' lang='lat' dir='ltr'>esset</span> <span class='ocrx_word' id='word_1_588' title='bbox 2157 2382 2272 2419; x_wconf 80' lang='lat' dir='ltr'>Filius</span> <span class='ocrx_word' id='word_1_589' title='bbox 2298 2383 2380 2419; x_wconf 86' lang='lat' dir='ltr'>Dei.</span> 
     </span>
     <span class='ocr_line' id='line_1_94' title="bbox 1372 2433 2380 2483; baseline 0.001 -12"><span class='ocrx_word' id='word_1_590' title='bbox 1372 2433 1516 2481; x_wconf 89' lang='lat' dir='ltr'>Tertio,</span> <span class='ocrx_word' id='word_1_591' title='bbox 1546 2433 1637 2483; x_wconf 90' lang='lat' dir='ltr'>quia</span> <span class='ocrx_word' id='word_1_592' title='bbox 1664 2434 1740 2470; x_wconf 94' lang='lat' dir='ltr'>hoc</span> <span class='ocrx_word' id='word_1_593' title='bbox 1767 2433 1941 2481; x_wconf 86' lang='lat' dir='ltr'>congruit</span> <span class='ocrx_word' id='word_1_594' title='bbox 1967 2433 2132 2471; x_wconf 87' lang='lat' dir='ltr'>termino</span> <span class='ocrx_word' id='word_1_595' title='bbox 2156 2433 2380 2472; x_wconf 87' lang='lat' dir='ltr'>incarnatio—</span> 
     </span>
     <span class='ocr_line' id='line_1_95' title="bbox 1320 2486 2382 2524; baseline 0 -1"><span class='ocrx_word' id='word_1_596' title='bbox 1320 2487 1389 2524; x_wconf 89' lang='lat' dir='ltr'>nis.</span> <span class='ocrx_word' id='word_1_597' title='bbox 1434 2488 1493 2524; x_wconf 92' lang='lat' dir='ltr'>Ad</span> <span class='ocrx_word' id='word_1_598' title='bbox 1529 2488 1605 2523; x_wconf 91' lang='lat' dir='ltr'>hoc</span> <span class='ocrx_word' id='word_1_599' title='bbox 1639 2486 1742 2523; x_wconf 88' lang='lat' dir='ltr'>enim</span> <span class='ocrx_word' id='word_1_600' title='bbox 1777 2486 1977 2524; x_wconf 86' lang='lat' dir='ltr'>terminata</span> <span class='ocrx_word' id='word_1_601' title='bbox 2005 2495 2060 2523; x_wconf 90' lang='lat' dir='ltr'>est</span> <span class='ocrx_word' id='word_1_602' title='bbox 2094 2486 2302 2524; x_wconf 89' lang='lat' dir='ltr'>incarnatio</span> <span class='ocrx_word' id='word_1_603' title='bbox 2339 2495 2382 2524; x_wconf 88' lang='lat' dir='ltr'>ut</span> 
     </span>
     <span class='ocr_line' id='line_1_96' title="bbox 1321 2539 2380 2589; baseline -0.001 -12"><span class='ocrx_word' id='word_1_604' title='bbox 1321 2540 1442 2577; x_wconf 92' lang='lat' dir='ltr'>homo</span> <span class='ocrx_word' id='word_1_605' title='bbox 1470 2539 1531 2576; x_wconf 91' lang='lat' dir='ltr'>ille</span> <span class='ocrx_word' id='word_1_606' title='bbox 1560 2540 1626 2589; x_wconf 91' lang='lat' dir='ltr'>qui</span> <span class='ocrx_word' id='word_1_607' title='bbox 1654 2539 1949 2589; x_wconf 89' lang='lat' dir='ltr'>concipiebatur,</span> <span class='ocrx_word' id='word_1_608' title='bbox 1980 2547 2076 2576; x_wconf 91' lang='lat' dir='ltr'>esset</span> <span class='ocrx_word' id='word_1_609' title='bbox 2095 2547 2246 2576; x_wconf 86' lang='lat' dir='ltr'>sanctus</span> <span class='ocrx_word' id='word_1_610' title='bbox 2266 2547 2302 2576; x_wconf 90' lang='lat' dir='ltr'>et</span> <span class='ocrx_word' id='word_1_611' title='bbox 2320 2539 2380 2577; x_wconf 90' lang='lat' dir='ltr'>Fi-</span> 
     </span>
     <span class='ocr_line' id='line_1_97' title="bbox 1321 2591 2380 2642; baseline -0.001 -13"><span class='ocrx_word' id='word_1_612' title='bbox 1321 2593 1392 2630; x_wconf 91' lang='lat' dir='ltr'>lius</span> <span class='ocrx_word' id='word_1_613' title='bbox 1410 2592 1494 2630; x_wconf 91' lang='lat' dir='ltr'>Dei.</span> <span class='ocrx_word' id='word_1_614' title='bbox 1518 2593 1734 2641; x_wconf 89' lang='lat' dir='ltr'>Utrumque</span> <span class='ocrx_word' id='word_1_615' title='bbox 1755 2600 1884 2629; x_wconf 91' lang='lat' dir='ltr'>autem</span> <span class='ocrx_word' id='word_1_616' title='bbox 1904 2592 2046 2629; x_wconf 91' lang='lat' dir='ltr'>horum</span> <span class='ocrx_word' id='word_1_617' title='bbox 2066 2591 2277 2629; x_wconf 89' lang='lat' dir='ltr'>attribuitur</span> <span class='ocrx_word' id='word_1_618' title='bbox 2297 2592 2380 2642; x_wconf 92' lang='lat' dir='ltr'>Spi-</span> 
     </span>
     <span class='ocr_line' id='line_1_98' title="bbox 1320 2645 2380 2694; baseline -0.001 -11"><span class='ocrx_word' id='word_1_619' title='bbox 1320 2645 1407 2683; x_wconf 86' lang='lat' dir='ltr'>ritui</span> <span class='ocrx_word' id='word_1_620' title='bbox 1427 2647 1579 2683; x_wconf 88' lang='lat' dir='ltr'>Sancto.</span> <span class='ocrx_word' id='word_1_621' title='bbox 1605 2647 1709 2682; x_wconf 90' lang='lat' dir='ltr'>Nam</span> <span class='ocrx_word' id='word_1_622' title='bbox 1728 2657 1797 2694; x_wconf 87' lang='lat' dir='ltr'>per</span> <span class='ocrx_word' id='word_1_623' title='bbox 1815 2645 1943 2694; x_wconf 91' lang='lat' dir='ltr'>ipsum</span> <span class='ocrx_word' id='word_1_624' title='bbox 1963 2645 2179 2682; x_wconf 84' lang='lat' dir='ltr'>efficiuntur</span> <span class='ocrx_word' id='word_1_625' title='bbox 2202 2645 2380 2682; x_wconf 89' lang='lat' dir='ltr'>homines</span> 
     </span>
     <span class='ocr_line' id='line_1_99' title="bbox 1319 2698 2536 2740; baseline -0.001 -4"><span class='ocrx_word' id='word_1_626' title='bbox 1319 2699 1386 2736; x_wconf 90' lang='lat' dir='ltr'>filii</span> <span class='ocrx_word' id='word_1_627' title='bbox 1421 2698 1513 2736; x_wconf 91' lang='lat' dir='ltr'>Dei:</span> <span class='ocrx_word' id='word_1_628' title='bbox 1551 2698 1767 2735; x_wconf 91' lang='lat' dir='ltr'>secundum</span> <span class='ocrx_word' id='word_1_629' title='bbox 1801 2698 1894 2735; x_wconf 92' lang='lat' dir='ltr'>illud</span> <span class='ocrx_word' id='word_1_630' title='bbox 1926 2699 2044 2735; x_wconf 87' lang='lat' dir='ltr'>Galat.</span> <span class='ocrx_word' id='word_1_631' title='bbox 2067 2710 2100 2734; x_wconf 91' lang='lat' dir='ltr'>1v</span> <span class='ocrx_word' id='word_1_632' title='bbox 2121 2698 2157 2734; x_wconf 71' lang='lat'>*2</span> <span class='ocrx_word' id='word_1_633' title='bbox 2194 2699 2380 2740; x_wconf 86' lang='lat' dir='ltr'>Quoniam</span> <span class='ocrx_word' id='word_1_634' title='bbox 2408 2709 2536 2731; x_wconf 77' lang='lat' dir='ltr'>·vers.6.</span> 
     </span>
     <span class='ocr_line' id='line_1_100' title="bbox 1320 2751 2380 2800; baseline 0 -12"><span class='ocrx_word' id='word_1_635' title='bbox 1320 2753 1400 2788; x_wconf 87' lang='lat' dir='ltr'>estis</span> <span class='ocrx_word' id='word_1_636' title='bbox 1407 2752 1487 2800; x_wconf 88' lang='lat' dir='ltr'>filii</span> <span class='ocrx_word' id='word_1_637' title='bbox 1502 2753 1584 2798; x_wconf 87' lang='lat' dir='ltr'>Dei,</span> <span class='ocrx_word' id='word_1_638' title='bbox 1605 2752 1700 2788; x_wconf 88' lang='lat' dir='ltr'>misit</span> <span class='ocrx_word' id='word_1_639' title='bbox 1718 2752 1819 2787; x_wconf 89' lang='lat' dir='ltr'>Deus</span> <span class='ocrx_word' id='word_1_640' title='bbox 1838 2752 2012 2800; x_wconf 87' lang='lat' dir='ltr'>Spiritum</span> <span class='ocrx_word' id='word_1_641' title='bbox 2031 2751 2118 2788; x_wconf 89' lang='lat' dir='ltr'>Filii</span> <span class='ocrx_word' id='word_1_642' title='bbox 2133 2752 2191 2787; x_wconf 88' lang='lat' dir='ltr'>sui</span> <span class='ocrx_word' id='word_1_643' title='bbox 2207 2752 2245 2787; x_wconf 89' lang='lat' dir='ltr'>in</span> <span class='ocrx_word' id='word_1_644' title='bbox 2265 2751 2380 2788; x_wconf 85' lang='lat' dir='ltr'>corda</span> 
     </span>
     <span class='ocr_line' id='line_1_101' title="bbox 1321 2803 2391 2852; baseline -0.003 -10"><span class='ocrx_word' id='word_1_645' title='bbox 1321 2810 1467 2851; x_wconf 88' lang='lat' dir='ltr'>nostra,</span> <span class='ocrx_word' id='word_1_646' title='bbox 1496 2805 1738 2849; x_wconf 80' lang='lat' dir='ltr'>clamantem,</span> <span class='ocrx_word' id='word_1_647' title='bbox 1765 2804 1891 2849; x_wconf 82' lang='lat' dir='ltr'>Abba,</span> <span class='ocrx_word' id='word_1_648' title='bbox 1920 2805 2042 2840; x_wconf 87' lang='lat' dir='ltr'>Pater.</span> <span class='ocrx_word' id='word_1_649' title='bbox 2073 2804 2155 2852; x_wconf 91' lang='lat' dir='ltr'>Ipse</span> <span class='ocrx_word' id='word_1_650' title='bbox 2183 2811 2238 2839; x_wconf 89' lang='lat' dir='ltr'>est</span> <span class='ocrx_word' id='word_1_651' title='bbox 2266 2803 2391 2840; x_wconf 88' lang='lat' dir='ltr'>etiam-</span> 
     </span>
     <span class='ocr_line' id='line_1_102' title="bbox 1321 2855 2535 2907; baseline -0.002 -13"><span class='ocrx_word' id='word_1_652' title='bbox 1321 2859 1474 2907; x_wconf 87' lang='lat' dir='ltr'>Spiritus</span> <span class='ocrx_word' id='word_1_653' title='bbox 1500 2858 1810 2905; x_wconf 72' lang='lat' dir='ltr'>sanctificationiS,</span> <span class='ocrx_word' id='word_1_654' title='bbox 1841 2863 1882 2892; x_wconf 83' lang='lat' dir='ltr'>ut</span> <span class='ocrx_word' id='word_1_655' title='bbox 1900 2855 2036 2892; x_wconf 90' lang='lat' dir='ltr'>dicitur</span> <span class='ocrx_word' id='word_1_656' title='bbox 2053 2857 2163 2893; x_wconf 89' lang='lat' dir='ltr'>Rom.</span> <span class='ocrx_word' id='word_1_657' title='bbox 2185 2868 2195 2892; x_wconf 94' lang='lat'><em>1</em></span> <span class='ocrx_word' id='word_1_658' title='bbox 2214 2855 2244 2892; x_wconf 69' lang='lat'>²¹⁶.</span> <span class='ocrx_word' id='word_1_659' title='bbox 2275 2856 2380 2893; x_wconf 90' lang='lat' dir='ltr'>Sicut</span> <span class='ocrx_word' id='word_1_660' title='bbox 2407 2863 2417 2872; x_wconf 79' lang='lat'>⁸</span> <span class='ocrx_word' id='word_1_661' title='bbox 2432 2862 2497 2884; x_wconf 75' lang='lat' dir='ltr'>Vers·</span> <span class='ocrx_word' id='word_1_662' title='bbox 2511 2869 2535 2890; x_wconf 74' lang='lat'>4·</span> 
     </span>
     <span class='ocr_line' id='line_1_103' title="bbox 1320 2908 2380 2958; baseline -0.001 -12"><span class='ocrx_word' id='word_1_663' title='bbox 1320 2921 1409 2957; x_wconf 85' lang='lat' dir='ltr'>ergo</span> <span class='ocrx_word' id='word_1_664' title='bbox 1447 2908 1508 2946; x_wconf 90' lang='lat' dir='ltr'>alii</span> <span class='ocrx_word' id='word_1_665' title='bbox 1548 2921 1617 2958; x_wconf 92' lang='lat' dir='ltr'>per</span> <span class='ocrx_word' id='word_1_666' title='bbox 1652 2908 1836 2957; x_wconf 90' lang='lat' dir='ltr'>Spiritum</span> <span class='ocrx_word' id='word_1_667' title='bbox 1872 2909 2056 2945; x_wconf 90' lang='lat' dir='ltr'>Sanctum</span> <span class='ocrx_word' id='word_1_668' title='bbox 2098 2908 2380 2945; x_wconf 87' lang='lat' dir='ltr'>sanctificantur</span> 
     </span>
     <span class='ocr_line' id='line_1_104' title="bbox 1320 2960 2377 3012; baseline -0.001 -13"><span class='ocrx_word' id='word_1_669' title='bbox 1320 2962 1559 3012; x_wconf 89' lang='lat' dir='ltr'>spiritualiter</span> <span class='ocrx_word' id='word_1_670' title='bbox 1587 2969 1628 2998; x_wconf 93' lang='lat' dir='ltr'>ut</span> <span class='ocrx_word' id='word_1_671' title='bbox 1656 2961 1728 2998; x_wconf 90' lang='lat' dir='ltr'>sint</span> <span class='ocrx_word' id='word_1_672' title='bbox 1754 2961 1822 2998; x_wconf 90' lang='lat' dir='ltr'>filii</span> <span class='ocrx_word' id='word_1_673' title='bbox 1858 2961 1927 2998; x_wconf 91' lang='lat' dir='ltr'>Dei</span> <span class='ocrx_word' id='word_1_674' title='bbox 1961 2960 2148 3010; x_wconf 87' lang='lat' dir='ltr'>adoptivi,</span> <span class='ocrx_word' id='word_1_675' title='bbox 2184 2961 2234 2998; x_wconf 85' lang='lat' dir='ltr'>ita</span> <span class='ocrx_word' id='word_1_676' title='bbox 2269 2961 2377 2998; x_wconf 88' lang='lat' dir='ltr'>Chr-i-</span> 
     </span>
     <span class='ocr_line' id='line_1_105' title="bbox 1320 3013 2378 3065; baseline -0.001 -13"><span class='ocrx_word' id='word_1_677' title='bbox 1320 3023 1399 3052; x_wconf 90' lang='lat' dir='ltr'>stus</span> <span class='ocrx_word' id='word_1_678' title='bbox 1426 3027 1496 3063; x_wconf 91' lang='lat' dir='ltr'>per</span> <span class='ocrx_word' id='word_1_679' title='bbox 1519 3014 1703 3063; x_wconf 89' lang='lat' dir='ltr'>Spiritum</span> <span class='ocrx_word' id='word_1_680' title='bbox 1724 3014 1908 3051; x_wconf 89' lang='lat' dir='ltr'>Sanctum</span> <span class='ocrx_word' id='word_1_681' title='bbox 1935 3021 1990 3050; x_wconf 92' lang='lat' dir='ltr'>est</span> <span class='ocrx_word' id='word_1_682' title='bbox 2018 3013 2057 3050; x_wconf 94' lang='lat' dir='ltr'>in</span> <span class='ocrx_word' id='word_1_683' title='bbox 2077 3013 2269 3057; x_wconf 85' lang='lat' dir='ltr'>sanctitate</span> <span class='ocrx_word' id='word_1_684' title='bbox 2288 3025 2378 3065; x_wconf 85' lang='lat' dir='ltr'>con-</span> 
     </span>
     <span class='ocr_line' id='line_1_106' title="bbox 1320 3065 2489 3116; baseline 0 -12"><span class='ocrx_word' id='word_1_685' title='bbox 1320 3075 1452 3116; x_wconf 89' lang='lat' dir='ltr'>ceptus</span> <span class='ocrx_word' id='word_1_686' title='bbox 1466 3074 1508 3103; x_wconf 93' lang='lat' dir='ltr'>ut</span> <span class='ocrx_word' id='word_1_687' title='bbox 1522 3074 1618 3103; x_wconf 90' lang='lat' dir='ltr'>esset</span> <span class='ocrx_word' id='word_1_688' title='bbox 1631 3066 1748 3103; x_wconf 91' lang='lat' dir='ltr'>Filius</span> <span class='ocrx_word' id='word_1_689' title='bbox 1762 3065 1834 3103; x_wconf 90' lang='lat' dir='ltr'>Dei</span> <span class='ocrx_word' id='word_1_690' title='bbox 1853 3065 2043 3103; x_wconf 87' lang='lat' dir='ltr'>naturalis.</span> <span class='ocrx_word' id='word_1_691' title='bbox 2064 3066 2175 3103; x_wconf 91' lang='lat' dir='ltr'>Unde</span> <span class='ocrx_word' id='word_1_692' title='bbox 2193 3066 2376 3111; x_wconf 82' lang='lat' dir='ltr'>Rom..1*‚</span> <span class='ocrx_word' id='word_1_693' title='bbox 2406 3071 2416 3080; x_wconf 75' lang='lat'>⁴</span> <span class='ocrx_word' id='word_1_694' title='bbox 2431 3070 2489 3092; x_wconf 62' lang='lat'><strong>¹⁶³⁶·</strong></span> 
     </span>
     <span class='ocr_line' id='line_1_107' title="bbox 1320 3118 2536 3172; baseline 0 -16"><span class='ocrx_word' id='word_1_695' title='bbox 1320 3120 1535 3156; x_wconf 87' lang='lat' dir='ltr'>secundum</span> <span class='ocrx_word' id='word_1_696' title='bbox 1563 3131 1683 3156; x_wconf 87' lang='lat' dir='ltr'>unam</span> <span class='ocrx_word' id='word_1_697' title='bbox 1710 3120 1875 3166; x_wconf 85' lang='lat' dir='ltr'>glossam</span> <span class='ocrx_word' id='word_1_698' title='bbox 1898 3119 1933 3165; x_wconf 67' lang='lat'>²¹³,</span> <span class='ocrx_word' id='word_1_699' title='bbox 1966 3119 2072 3167; x_wconf 91' lang='lat' dir='ltr'>quod</span> <span class='ocrx_word' id='word_1_700' title='bbox 2106 3118 2377 3168; x_wconf 88' lang='lat' dir='ltr'>praemittitur,</span> <span class='ocrx_word' id='word_1_701' title='bbox 2406 3124 2536 3172; x_wconf 59' lang='lat' dir='ltr'>‘ngtgrfin-</span> 
     </span>
     <span class='ocr_line' id='line_1_108' title="bbox 1326 3165 2490 3222; baseline 0.001 -14"><span class='ocrx_word' id='word_1_702' title='bbox 1326 3173 1400 3215; x_wconf 85' lang='lat' dir='ltr'>Qui</span> <span class='ocrx_word' id='word_1_703' title='bbox 1419 3172 1711 3222; x_wconf 86' lang='lat' dir='ltr'>praedestinatus</span> <span class='ocrx_word' id='word_1_704' title='bbox 1738 3178 1788 3208; x_wconf 89' lang='lat' dir='ltr'>est</span> <span class='ocrx_word' id='word_1_705' title='bbox 1814 3172 1930 3208; x_wconf 89' lang='lat' dir='ltr'>Filius</span> <span class='ocrx_word' id='word_1_706' title='bbox 1956 3172 2030 3208; x_wconf 89' lang='lat' dir='ltr'>Dei</span> <span class='ocrx_word' id='word_1_707' title='bbox 2055 3173 2092 3208; x_wconf 92' lang='lat' dir='ltr'>in</span> <span class='ocrx_word' id='word_1_708' title='bbox 2120 3173 2269 3218; x_wconf 78' lang='lat' dir='ltr'>virtute,</span> <span class='ocrx_word' id='word_1_709' title='bbox 2297 3183 2378 3210; x_wconf 86' lang='lat' dir='ltr'>ma·</span> <span class='ocrx_word' id='word_1_710' title='bbox 2484 3165 2490 3171; x_wconf 53' lang='lat'>⁸</span> 
     </span>
     <span class='ocr_line' id='line_1_109' title="bbox 1319 3223 2378 3273; baseline 0.001 -12"><span class='ocrx_word' id='word_1_711' title='bbox 1319 3224 1513 3261; x_wconf 85' lang='lat' dir='ltr'>nifestatur</span> <span class='ocrx_word' id='word_1_712' title='bbox 1540 3236 1609 3273; x_wconf 90' lang='lat' dir='ltr'>per</span> <span class='ocrx_word' id='word_1_713' title='bbox 1627 3223 1666 3261; x_wconf 90' lang='lat' dir='ltr'>id</span> <span class='ocrx_word' id='word_1_714' title='bbox 1685 3224 1792 3273; x_wconf 92' lang='lat' dir='ltr'>quod</span> <span class='ocrx_word' id='word_1_715' title='bbox 1810 3224 2029 3261; x_wconf 89' lang='lat' dir='ltr'>immediate</span> <span class='ocrx_word' id='word_1_716' title='bbox 2049 3224 2231 3273; x_wconf 90' lang='lat' dir='ltr'>sequitur,</span> <span class='ocrx_word' id='word_1_717' title='bbox 2250 3237 2378 3263; x_wconf 88' lang='lat' dir='ltr'>secun—</span> 
     </span>
     <span class='ocr_line' id='line_1_110' title="bbox 1318 3276 2381 3326; baseline 0.002 -13"><span class='ocrx_word' id='word_1_718' title='bbox 1318 3277 1406 3314; x_wconf 86' lang='lat' dir='ltr'>dum</span> <span class='ocrx_word' id='word_1_719' title='bbox 1434 3278 1608 3326; x_wconf 88' lang='lat' dir='ltr'>Spiritum</span> <span class='ocrx_word' id='word_1_720' title='bbox 1627 3278 1943 3326; x_wconf 83' lang='lat' dir='ltr'>sanctificationis,</span> <span class='ocrx_word' id='word_1_721' title='bbox 1973 3276 2078 3323; x_wconf 90' lang='lat' dir='ltr'>idest,</span> <span class='ocrx_word' id='word_1_722' title='bbox 2101 3289 2174 3326; x_wconf 88' lang='lat' dir='ltr'>per</span> <span class='ocrx_word' id='word_1_723' title='bbox 2191 3278 2261 3314; x_wconf 89' lang='lat' dir='ltr'>hoc</span> <span class='ocrx_word' id='word_1_724' title='bbox 2282 3277 2381 3326; x_wconf 83' lang='lat' dir='ltr'>quod</span> 
     </span>
     <span class='ocr_line' id='line_1_111' title="bbox 1318 3330 2378 3379; baseline 0.002 -13"><span class='ocrx_word' id='word_1_725' title='bbox 1318 3335 1369 3366; x_wconf 89' lang='lat' dir='ltr'>est</span> <span class='ocrx_word' id='word_1_726' title='bbox 1395 3335 1590 3378; x_wconf 84' lang='lat' dir='ltr'>conceptus</span> <span class='ocrx_word' id='word_1_727' title='bbox 1617 3330 1662 3366; x_wconf 88' lang='lat' dir='ltr'>de</span> <span class='ocrx_word' id='word_1_728' title='bbox 1689 3331 1824 3379; x_wconf 84' lang='lat' dir='ltr'>Spiritu</span> <span class='ocrx_word' id='word_1_729' title='bbox 1852 3331 1998 3368; x_wconf 89' lang='lat' dir='ltr'>Sancto.</span> <span class='ocrx_word' id='word_1_730' title='bbox 2028 3331 2076 3367; x_wconf 90' lang='lat' dir='ltr'>Et</span> <span class='ocrx_word' id='word_1_731' title='bbox 2102 3330 2182 3379; x_wconf 89' lang='lat' dir='ltr'>ipse</span> <span class='ocrx_word' id='word_1_732' title='bbox 2210 3331 2378 3377; x_wconf 83' lang='lat' dir='ltr'>Angelus</span> 
     </span>
     <span class='ocr_line' id='line_1_112' title="bbox 1318 3381 2379 3432; baseline 0.002 -14"><span class='ocrx_word' id='word_1_733' title='bbox 1318 3381 1559 3428; x_wconf 87' lang='lat' dir='ltr'>annuntians,</span> <span class='ocrx_word' id='word_1_734' title='bbox 1583 3394 1653 3431; x_wconf 91' lang='lat' dir='ltr'>per</span> <span class='ocrx_word' id='word_1_735' title='bbox 1680 3383 1756 3420; x_wconf 93' lang='lat' dir='ltr'>hoc</span> <span class='ocrx_word' id='word_1_736' title='bbox 1775 3388 1792 3404; x_wconf 62' lang='grc' dir='ltr'>α</span> <span class='ocrx_word' id='word_1_737' title='bbox 1820 3383 1927 3432; x_wconf 91' lang='lat' dir='ltr'>quod</span> <span class='ocrx_word' id='word_1_738' title='bbox 1946 3382 2201 3432; x_wconf 89' lang='lat' dir='ltr'>praemiserat,</span> <span class='ocrx_word' id='word_1_739' title='bbox 2223 3384 2379 3432; x_wconf 85' lang='lat' dir='ltr'>Spiritus</span> 
     </span>
    </p>
   </div>
   <div class='ocr_carea' id='block_1_17' title="bbox 2561 3129 2583 3146">
    <p class='ocr_par' dir='ltr' id='par_1_22' title="bbox 2561 3129 2583 3146">
     <span class='ocr_line' id='line_1_113' title="bbox 2561 3129 2583 3146; baseline 0 0"><span class='ocrx_word' id='word_1_740' title='bbox 2561 3129 2583 3146; x_wconf 74' lang='lat' dir='ltr'>et</span> 
     </span>
    </p>
   </div>
  </div>
 </body>
</html>
