2872 3970
1002 260 1264 307 QUAESTIO
1293 261 1346 306 X,
1376 259 1667 297 ARTICULUS
1696 260 1725 296 II

2378 270 2448 306 149

273 340 369 376 dum
397 351 514 388 quam
551 339 683 376 omnia
717 350 817 388 quae
854 337 1034 375 dicuntur
1062 338 1110 374 de
1139 337 1234 374 Filio
1262 337 1334 374 Dei
1389 345 1444 374 est
1468 338 1770 386 comprehensor
1789 337 1940 374 divinae
1961 337 2160 374 essentiae:
2191 349 2270 374 non
2290 336 2449 385 quidem

274 392 489 429 secundum
523 399 698 429 naturam
736 390 925 436 divinam,
955 390 1135 427 dicuntur
1162 391 1209 427 de
1238 390 1333 427 Filio
1389 390 1604 427 secundum
1633 389 1814 436 animam,
1845 390 1911 426 sed
1940 390 2155 426 secundum
2183 389 2355 426 divinam
2383 402 2449 427 na-

272 444 462 492 Hominis,
483 452 640 494 propter
657 443 889 480 identitatem
910 442 1108 492 suppositi.
1129 443 1177 479 Et
1200 455 1334 479 secun·
1388 450 1526 479 turam.
1556 444 1630 479 Per
1648 455 1766 491 quem
1786 442 1900 479 etiam
1919 442 2084 479 modum
2106 450 2230 491 potest
2248 441 2322 478 dici
2342 443 2449 491 quod

272 496 370 534 dum
397 497 483 544 hoc,
503 509 594 534 vere
621 503 746 546 potest
773 494 847 532 dici
875 495 982 544 quod
1010 494 1127 532 Filius
1155 494 1334 532 Hominis
1390 494 1506 532 Filius
1534 495 1713 532 Hominis
1741 502 1796 532 est
1825 495 1992 532 Creator.

946 590 1279 623 Commentaria
1302 590 1552 623 Cardinalis
1575 590 1774 623 Caietani

331 683 438 705 nunus
469 673 570 704 clarus
594 682 632 702 ex
655 671 746 702 dictis
769 671 802 701 in
826 670 929 701 Prima
952 670 1056 706 Parte,
1082 679 1136 710 qu.
1160 679 1202 699 xn
1221 671 1252 706 ⁴²,
1275 669 1332 699 ubi

274 686 371 749 Tde
389 717 451 748 Dei
472 715 759 756 comprehensione
780 720 948 745 tractatum
970 719 1026 744 est.
1048 712 1333 754 ¹Comprehendere

270 771 411 802 namque
434 766 481 792 est
503 769 698 800 cognoscere
713 768 781 789 rem
805 763 962 798 quantum
978 757 1203 797 cognoscibilis
1218 762 1274 793 est,
1291 758 1334 787 ita

269 805 362 847 quod
383 815 451 836 non
473 805 574 845 possit
596 803 668 844 plus
692 802 845 842 cognosci
869 811 966 842 quam
990 802 1203 841 cognoscitur.

325 849 362 880 In
385 858 519 889 corpore
543 853 589 878 est
611 847 707 878 unica
725 846 901 881 conclusio,
917 846 1102 885 responsiva
1117 845 1261 885 quaesito
1278 855 1333 874 ne-

269 895 388 934 gative:
419 893 536 923 Anima
562 891 683 922 Christi
708 900 773 920 non
801 889 1040 930 comprehendit
1064 889 1206 919 divinam
1230 898 1334 919 essen-

271 938 358 972 tiam.
382 930 547 967 Probatur.
572 934 770 976 Impossibile
791 939 837 964 est
860 933 950 973 quod
965 933 1071 973 aliqua
1087 938 1229 963 creatura
1245 942 1334 963 corn—

270 980 446 1022 prehendat
459 980 600 1011 divinam
615 979 794 1010 essentiam.
818 978 903 1018 Ergo
919 977 1116 1017 impossibile
1133 982 1180 1007 est
1195 977 1335 1007 animam

271 1025 389 1056 Christi
418 1023 690 1065 comprehendere
720 1022 860 1053 divinam
886 1022 1064 1052 essentiam.
1088 1039 1111 1044 —-
1133 1020 1334 1051 Antecedens

270 1070 432 1110 probatur.
460 1069 544 1107 Quia
566 1067 728 1098 infinitum
751 1075 819 1096 non
842 1065 1124 1106 comprehenditur
1147 1075 1164 1094 a
1187 1063 1289 1094 finito.
1313 1082 1335 1086 -

271 1113 511 1154 Consequentia
534 1113 695 1153 probatur.
725 1110 811 1148 Quia
832 1110 911 1140 unio
935 1114 1119 1139 naturarum
1142 1109 1176 1139 in
1198 1118 1335 1149 persona

271 1158 388 1188 Christi
411 1156 492 1187 facta
515 1162 562 1187 est
584 1156 628 1186 sic
652 1154 741 1195 quod
763 1154 848 1185 salva
864 1159 910 1184 est
932 1154 1099 1193 utriusque
1114 1159 1244 1183 naturae
1260 1161 1336 1192 pro-

269 1202 396 1242 prietas‚
414 1207 473 1231 etc.

221 1246 224 1249 '
326 1245 363 1275 11.
387 1245 423 1275 In
445 1245 654 1284 responsione
674 1243 714 1274 ad
729 1242 918 1279 secundum,
943 1241 1078 1272 dubium
1095 1241 1244 1276 occurrit,
1262 1241 1337 1280 quia

270 1289 422 1320 divertere
449 1289 573 1319 videtur
595 1288 718 1318 Auctor
741 1297 759 1317 a
781 1287 896 1317 virtute
925 1285 1048 1316 deitatis
1076 1286 1109 1316 in
1133 1284 1335 1325 personando

270 1333 310 1364 ad
332 1333 481 1364 virtutem
505 1331 626 1363 deitatis
649 1333 683 1362 in
704 1330 878 1372 operando.
909 1329 1149 1370 Respondendo
1178 1328 1336 1369 siquidem

270 1378 394 1408 Auctor
417 1377 492 1407 dicit
515 1375 620 1417 quod,
652 1376 726 1406 licet
752 1380 819 1405 tota
846 1374 944 1405 deitas
971 1375 1010 1404 sit
1036 1375 1125 1404 unita
1147 1373 1338 1403 humanitati

1386 669 1519 706 Christi,
1543 680 1611 700 non
1634 675 1702 700 tota
1724 676 1832 701 tamen
1856 670 1978 701 deitatis
2002 672 2099 701 virtus
2130 677 2177 701 est
2200 673 2290 711 quasi
2314 673 2449 702 circum-

1386 715 1510 753 scripta.
1534 713 1634 751 Quod
1657 713 1695 744 de
1718 715 1832 744 virtute
1856 716 2056 754 personativa
2079 715 2195 746 directe
2219 722 2250 746 et
2272 716 2450 746 secundum

1386 758 1519 797 planum
1542 758 1661 788 litterae
1685 764 1871 788 contextum
1894 759 2088 799 intelligitur.
2111 759 2212 797 Quasi
2228 759 2339 790 dixerit
2362 759 2451 800 quod

1386 807 1453 831 tota
1476 801 1607 841 quidem
1630 802 1727 832 deitas
1751 808 1798 832 est
1821 803 1993 833 coniuncta
2020 804 2053 833 in
2076 813 2140 833 una
2163 813 2299 843 persona
2322 804 2449 840 Christi,

1386 855 1454 875 non
1477 851 1584 876 tamen
1608 846 1853 886 comprehensa:
1887 847 1962 886 quia
1991 852 2097 887 potest
2123 848 2155 877 in
2180 847 2290 878 eadem
2314 858 2450 888 persona

1388 890 1540 929 coniungi
1556 890 1623 919 aliis
1639 890 1768 925 naturis,
1784 896 1820 920 ut
1837 900 1874 920 ex
1890 900 1984 930 supra
1995 892 2012 907 ⁴*
2029 891 2118 921 dictis
2134 897 2228 931 patet,
2247 897 2277 922 et
2292 893 2336 922 sic
2351 892 2450 923 virtus

1387 934 1587 972 personativa
1602 934 1686 963 illius
1701 943 1769 963 non
1785 939 1831 964 est
1847 935 2076 974 comprehensa
2092 936 2130 965 ab
2146 936 2342 966 humanitate
2359 936 2450 967 Chri-

1387 977 1436 1007 sti.
1460 977 1638 1017 Allegando
1662 983 1770 1008 autem
1793 979 2012 1008 auctoritatem
2035 979 2215 1019 Augustini,
2240 980 2280 1010 ad
2301 981 2450 1011 virtutem

1388 1022 1584 1061 operativam
1607 1021 1795 1061 digreditur,
1827 1021 1867 1051 ad
1890 1031 1987 1062 quarn
2013 1029 2134 1062 spectat
2157 1033 2231 1054 cura
2254 1024 2451 1063 gubernandi

1388 1064 1558 1095 mundum.

1443 1108 1494 1138 Ad
1516 1109 1580 1139 hoc
1604 1108 1718 1139 dicitur
1733 1109 1822 1149 quod
1838 1110 1960 1140 Auctor
1976 1110 2112 1140 declarat
2127 1121 2145 1140 a
2160 1111 2274 1142 virtute
2291 1113 2451 1152 operativa

1388 1162 1455 1183 non
1472 1158 1633 1182 contracta
1644 1154 1794 1183 virtutem
1810 1153 1932 1183 deitatis
1948 1154 2102 1190 absolute,
2115 1155 2179 1185 sive
2192 1156 2225 1185 in
2236 1156 2450 1195 personando,

1389 1196 1428 1227 de
1452 1206 1516 1236 qua
1540 1196 1656 1227 directe
1681 1202 1746 1227 erat
1769 1197 1951 1233 dicendum,
1973 1198 2086 1228 sivein
2103 1199 2277 1238 operando,
2294 1209 2375 1239 quae
2392 1201 2450 1230 sub

1389 1240 1512 1271 deitatis
1534 1241 1650 1270 virtute
1674 1241 1971 1281 comprehenditur,
2003 1251 2070 1272 non
2098 1252 2164 1272 esse
2188 1244 2451 1282 comprehensam

1390 1285 1428 1314 ab
1448 1285 1644 1314 humanitate
1669 1284 1794 1315 Christi.
1819 1284 1912 1316 Unde
1933 1286 2020 1315 nulla
2037 1285 2187 1326 digressio
2203 1288 2372 1317 commissa
2388 1293 2451 1318 est:

1391 1328 1446 1359 sed
1469 1339 1486 1358 a
1509 1329 1689 1359 notioribus
1713 1328 1856 1359 doctrina
1879 1329 1990 1359 tradita
2013 1335 2068 1360 est.

1041 1554 1358 1597 ARTICULUS
1388 1553 1688 1596 SECUNDUS

759 1658 916 1689 UTRUM
939 1657 1080 1688 ANIMA
1104 1657 1276 1688 CHRISTI
1300 1657 1343 1687 IN
1366 1656 1511 1687 VERBO
1537 1656 1805 1687 COGNOSCAT
1830 1657 1972 1687 OMNIA

520 1748 552 1772 111
571 1747 653 1776 Sent„
673 1747 731 1772 dist.
750 1754 800 1776 x1v,
819 1751 866 1772 art.
887 1754 910 1777 2,
931 1746 980 1779 qun
1002 1753 1032 1777 23
1052 1747 1093 1771 De
1116 1745 1206 1774 Verit„
1226 1753 1270 1778 qu.
1289 1753 1343 1776 νιιι,
1362 1751 1408 1771 art.
1427 1753 1457 1776 4;
1476 1753 1520 1778 qu.
1539 1753 1578 1776 xx,
1597 1751 1644 1771 art.
1662 1753 1687 1777 4,
1710 1745 1738 1776 55
1761 1746 1904 1777 Compend.
1926 1746 2023 1774 Theoi„
2043 1755 2098 1779 cap.
2117 1754 2200 1773 cem.

484 1856 505 1881 D
527 1855 716 1881 SECUNDUM
731 1855 783 1880 sm
797 1855 1032 1880 paoennrrun.
1053 1842 1214 1879 Videtur
1229 1842 1335 1890 quod

461 1896 613 1934 anima
633 1894 772 1933 Christi
800 1895 839 1932 in
867 1895 996 1932 Verbo
1023 1907 1103 1931 non
1132 1902 1336 1942 cognoscat

299 1907 354 1959 &ff
454 1922 458 1935 ’

283 1948 326 2008 ‘25
349 1925 626 2000 anlofi'fornma.
664 1948 812 1985 Dicitur
849 1948 952 1985 enim
980 1947 1102 1985 Marci
1133 1947 1248 1984 X111*:
1278 1948 1337 1983 De

272 2002 306 2034 ὅ
328 1979 425 2039 ἐῶ)
439 1996 541 2040 die
567 2008 689 2039 autem
725 2002 788 2038 illa
817 2013 926 2038 nemo
953 2003 1036 2047 scit,
1065 2013 1182 2050 neque
1209 2001 1339 2050 angeli

265 2058 309 2094 'in
329 2056 432 2093 caelo
452 2067 569 2105 neque
586 2055 713 2101 Filius,
734 2056 806 2091 nisi
820 2055 942 2091 Pater.
962 2055 1056 2091 Non
1075 2053 1187 2102 igitur
1205 2052 1336 2090 omnia

272 2108 341 2146 scit
368 2108 408 2146 in
435 2108 576 2146 Verbo.
800 2117 803 2120 ·

327 2173 362 2198 2.
393 2162 623 2207 PRAETEREA,
644 2167 788 2209 quanto
809 2159 945 2209 aliquis
964 2159 1166 2209 perfectius
1195 2171 1336 2207 cogno-

273 2214 341 2252 scit
368 2213 525 2263 aliquod
543 2212 787 2262 principium,
808 2221 912 2250 tanto
937 2214 1048 2262 plura
1075 2212 1114 2249 in
1142 2212 1205 2249 illo
1233 2212 1336 2261 prin-

273 2267 373 2316 cipio
393 2266 598 2315 cognoscit.
629 2266 705 2304 Sed
732 2266 839 2303 Deus
858 2265 1059 2314 perfectius
1086 2265 1191 2303 videt
1210 2277 1335 2302 essen-

272 2320 366 2357 tiam
394 2331 505 2356 suam
533 2331 653 2368 quam
674 2318 804 2355 anima
833 2318 982 2356 Christi.
1013 2319 1114 2366 Ergo
1134 2320 1245 2367 plura
1272 2330 1335 2355 co-

272 2372 419 2422 gnoscit
437 2371 476 2408 in
503 2372 633 2409 Verbo
653 2383 773 2420 quam
798 2371 928 2409 anima
947 2371 1097 2408 Christi.
1127 2372 1220 2408 Non
1245 2383 1335 2420 ergo

273 2425 403 2464 anima
432 2424 571 2462 Christi
598 2424 637 2461 in
665 2425 795 2462 Verbo
824 2424 1018 2473 cognoscit
1045 2423 1188 2461 omnia.

329 2478 363 2515 3.
393 2479 623 2524 PRAETEREA,
644 2477 834 2526 quantitas
853 2477 1030 2514 scientiae
1057 2476 1262 2514 attenditur
1280 2490 1336 2514 se-

273 2531 449 2568 cundum
485 2528 734 2580 quantitatem
769 2530 969 2568 scibilium.
1014 2530 1054 2568 Si
1089 2542 1178 2578 ergo
1207 2530 1337 2567 anima

276 2583 416 2621 Christi
437 2583 547 2620 sciret
573 2583 612 2620 in
631 2584 760 2621 Verbo
790 2583 922 2620 omnia
944 2596 1044 2632 quae
1064 2583 1132 2620 scit
1150 2583 1335 2631 Verbum,

275 2643 499 2686 sequeretur
525 2636 632 2685 quod
660 2636 814 2674 scientia
842 2637 993 2674 animae
1030 2636 1169 2673 Christi
1196 2648 1336 2685 aequa-

274 2697 379 2727 retur
397 2688 573 2726 scientiae
593 2688 755 2737 divinae,
772 2697 943 2727 creatum
962 2689 1136 2726 videlicet
1155 2688 1334 2726 increato.

275 2742 395 2790 Quod
424 2749 479 2779 est
505 2741 751 2791 impossibile.

329 2796 403 2833 SED
432 2807 576 2832 CONTRA
603 2807 668 2832 EST
695 2795 819 2844 quod,
848 2807 964 2845 super
997 2795 1089 2832 illud
1116 2796 1233 2845 Apoc.
1255 2809 1278 2832 v
1296 2796 1335 2843 ³⁸,

274 2850 424 2898 Dignus
450 2854 501 2885 est
526 2849 660 2898 Agnus
687 2850 752 2898 qui
776 2850 916 2886 occisus
934 2860 985 2886 est
1011 2850 1180 2898 accipere
1206 2849 1336 2886 divini-

275 2907 385 2939 tatem
413 2906 446 2937 et
472 2902 679 2947 scientiam,
710 2901 846 2938 Glossa
863 2901 884 2923 ’³‘
911 2901 1019 2938 dicit:
1050 2902 1148 2948 idest,
1170 2904 1336 2939 omnium

275 2955 537 3004 cognitionem.

328 3008 552 3044 RESPONDEO
580 3019 760 3045 DICENDUM
795 3008 918 3056 quod,
946 3019 1036 3044 cum
1066 3007 1261 3056 quaeritur
1288 3020 1337 3044 an

278 3060 451 3105 Christus
479 3068 683 3108 cognoscat
719 3059 850 3097 omnia
877 3060 917 3097 in
949 3060 1098 3107 Verbo,
1129 3061 1337 3097 dicendum

277 3120 332 3150 est
350 3113 458 3162 quod
478 3118 495 3134 ‘²
523 3114 560 3162 ly
579 3114 706 3150 omnia
724 3120 848 3162 potest
871 3113 1070 3162 dupliciter
1088 3113 1219 3162 accipi.
1250 3114 1336 3150 Uno

277 3166 409 3213 modo,
429 3165 604 3215 proprie:
633 3173 676 3202 ut
704 3165 902 3203 distribuat
928 3178 999 3215 pro
1028 3166 1209 3203 omnibus
1238 3178 1336 3215 quae

277 3230 528 3268 quocumque
565 3219 685 3255 modo
724 3226 812 3255 sunt
838 3220 900 3256 vel
937 3227 1048 3256 erunt
1074 3220 1136 3255 vel
1163 3219 1335 3264 suerunt,

277 3272 340 3308 vel
365 3271 462 3309 facta
488 3272 550 3308 vel
577 3271 676 3308 dicta
703 3273 764 3308 vel
792 3272 951 3320 cogitata
977 3271 992 3301 β
1019 3285 1042 3309 a
1074 3283 1335 3320 quocumque,

278 3324 493 3361 secundum
512 3325 790 3374 quodcumque
809 3332 973 3374 tempus.
995 3326 1043 3361 Et
1063 3324 1115 3361 sic
1130 3323 1337 3360 dicendum

331 3465 348 3481 α
379 3443 519 3483 dicendum
538 3462 578 3483 est
596 3458 676 3491 quod.
693 3472 712 3476 —
730 3458 791 3483 Om.
809 3458 891 3483 tertia.
1303 3490 1308 3495 ι

331 3455 358 3524 βξ
367 3492 448 3552 {acta
467 3494 508 3518 vel
527 3493 599 3518 dicta
614 3494 654 3518 vel
667 3494 795 3527 cogitata.
807 3507 826 3512 —
839 3494 924 3522 PGH;
943 3493 1015 3518 dicta
1031 3493 1071 3517 vel
1082 3492 1161 3525 sacta
1177 3491 1216 3515 vel
1230 3493 1337 3523 cogmta

277 3526 398 3595 ἑῧῗαῐέΐᾶ
413 3527 491 3588 52131ιὲ
493 3529 545 3589 1.ιὲῗὲ
553 3528 636 3590 ,2αεῖτῖ
637 3529 689 3597 ἔὲἑ
691 3529 822 3589 ὶῗὲςιίὺΐὲτα
836 3529 866 3559 E,
882 3528 954 3553 dicta
968 3528 1009 3552 vel
1026 3527 1135 3560 cognita
1150 3526 1191 3550 vel
1202 3526 1281 3559 sacta
1297 3526 1337 3550 ed.

1389 1849 1444 1878 est
1463 1842 1570 1890 quod
1590 1841 1719 1879 anima
1735 1843 1875 1879 Christi
1893 1842 1932 1879 in
1947 1843 2076 1881 Verbo
2096 1845 2290 1892 cognoscit
2309 1845 2451 1884 omnia.

1389 1894 1664 1943 Unusquisque
1701 1895 1805 1932 enim
1839 1895 2048 1933 intellectus
2082 1905 2230 1934 creatus
2258 1898 2296 1934 in
2324 1899 2453 1936 Verbo

1390 1947 1604 1995 cognoscit,
1635 1960 1714 1984 non
1752 1948 1909 1997 quidem
1949 1949 2080 1986 omnia
2118 1950 2352 1999 simpliciter,
2387 1953 2453 1989 sed

1389 2008 1494 2037 tanto
1514 2001 1625 2050 plura
1644 2009 1788 2050 quanto
1808 2001 2010 2050 perfectius
2029 2002 2132 2039 videt
2146 2003 2339 2040 Verbum:
2361 2005 2454 2042 nulli

1389 2061 1520 2090 tamen
1548 2053 1751 2090 intellectui
1779 2054 1892 2091 beato
1921 2055 2026 2091 deest
2053 2055 2148 2104 quin
2183 2065 2387 2104 cognoscat
2414 2057 2453 2094 in

1390 2106 1519 2143 Verbo
1540 2106 1671 2143 omnia
1690 2119 1790 2156 quae
1819 2108 1868 2144 ad
1895 2107 2024 2156 ipsum
2045 2116 2225 2157 spectant.
2255 2110 2315 2146 Ad
2345 2110 2453 2147 Chri-

1390 2167 1493 2196 stum
1521 2167 1661 2206 autem,
1683 2167 1719 2196 et
1738 2160 1786 2196 ad
1806 2160 1888 2197 eius
1907 2160 2139 2208 dignitatem,
2161 2169 2331 2210 spectant
2357 2175 2453 2211 quo-

1391 2212 1603 2249 dammodo
1646 2212 1796 2249 omnia:
1836 2213 2067 2261 inquantum
2104 2216 2139 2250 ei
2171 2217 2331 2252 subiecta
2371 2222 2454 2252 sunt

1390 2267 1517 2302 omnia
1536 2265 1565 2302 ⁹³⁶.
1596 2267 1678 2314 Ipse
1707 2273 1761 2302 est
1780 2264 1894 2302 etiam
1922 2268 2088 2303 omnium
2114 2267 2227 2304 iudex
2245 2270 2453 2305 constitutus

1390 2331 1413 2355 a
1432 2319 1525 2364 Deo,
1543 2320 1627 2368 quia
1642 2319 1757 2355 Filius
1775 2320 1952 2355 Hominis
1971 2325 2032 2365 est,
2048 2326 2090 2355 ut
2109 2318 2246 2356 dicitur
2263 2321 2366 2357 Ioan.
2383 2333 2405 2358 v
2420 2321 2450 2357 ²¹².

1390 2372 1438 2408 Et
1466 2371 1553 2408 ideo
1574 2371 1702 2408 anima
1731 2371 1869 2408 Christi
1888 2371 1927 2407 in
1955 2371 2083 2408 Verbo
2108 2372 2302 2420 cognoscit
2321 2373 2452 2410 omnia

1391 2424 1586 2462 existentia
1627 2425 1839 2461 secundum
1886 2425 2163 2473 quodcumque
2204 2432 2376 2473 tempus,
2416 2434 2451 2462 et

1391 2477 1506 2514 etiam
1531 2477 1738 2514 hominum
1758 2477 1952 2525 cogitatus,
1973 2489 2140 2526 quorum
2162 2485 2217 2514 est
2236 2477 2370 2515 iudex:
2401 2478 2451 2516 ita

1391 2531 1498 2580 quod
1526 2531 1574 2567 de
1603 2542 1649 2567 eo
1678 2529 1829 2577 dicitur,
1858 2530 2051 2576 Ioan.11*,
2082 2532 2166 2579 Ipse
2193 2532 2290 2566 enim
2317 2532 2452 2568 sciehat

1391 2584 1479 2634 quid
1504 2589 1594 2620 esset
1621 2585 1657 2620 in
1678 2585 1847 2627 homine;
1875 2583 1981 2631 quod
2009 2590 2132 2632 potest
2150 2588 2166 2610 Υ
2194 2582 2344 2630 intelligi
2370 2595 2450 2620 non

1391 2638 1518 2674 solum
1546 2643 1736 2685 quantum
1756 2636 1804 2672 ad
1833 2635 2028 2672 scientiam
2047 2635 2229 2681 divinam,
2251 2636 2316 2672 sed
2336 2635 2449 2672 etiam

1391 2697 1581 2739 quantum
1609 2690 1657 2726 ad
1686 2688 1882 2725 scientiam
1911 2689 2060 2725 animae
2090 2688 2170 2725 eius
2190 2700 2308 2737 quam
2336 2689 2450 2726 habet

1391 2743 1431 2780 in
1458 2743 1600 2779 Verbo.
2262 2785 2265 2789 ι

1444 2795 1529 2832 Alio
1550 2795 1669 2831 modo
1690 2796 1727 2844 ly
1755 2795 1882 2831 onmia
1901 2801 2024 2842 potest
2052 2793 2170 2842 accipi
2190 2792 2309 2841 magis
2328 2795 2447 2842 large:

1391 2856 1433 2885 ut
1470 2848 1694 2885 extendatur
1721 2859 1800 2883 non
1838 2847 1963 2883 solum
1992 2846 2039 2882 ad
2068 2845 2199 2882 omnia
2235 2858 2333 2894 quae
2363 2855 2450 2883 sunt

1392 2909 1478 2938 actu
1507 2900 1722 2937 secundum
1750 2899 2026 2947 quodcumque
2054 2906 2218 2946 tempus,
2239 2899 2306 2935 sed
2335 2899 2449 2936 etiam

1392 2955 1440 2991 ad
1460 2953 1591 2990 omnia
1610 2963 1879 3000 quaecumque
1900 2959 1987 2987 sunt
2006 2950 2044 2987 in
2063 2950 2232 2999 potentia
2246 2963 2449 3000 nunquam

1392 3007 1547 3043 reducta
1566 3004 1580 3027 ὃ
1599 3005 1646 3042 ad
1667 3012 1806 3041 actum.
1831 3004 1979 3040 Horum
2002 3011 2131 3040 autem
2151 3004 2342 3052 quaedam
2362 3013 2449 3041 sunt

1392 3061 1519 3096 solum
1555 3057 1594 3094 in
1631 3056 1799 3105 potentia
1835 3056 1974 3092 divina.
2026 3057 2073 3092 Et
2109 3056 2332 3093 huiusmodi
2369 3069 2449 3094 non

1392 3111 1523 3149 omnia
1557 3109 1750 3157 cognoscit
1784 3108 1822 3144 in
1850 3109 1978 3145 Verbo
2014 3108 2142 3145 anima
2171 3108 2319 3146 Christi.
2363 3110 2448 3146 Hoc

1393 3164 1496 3201 enim
1515 3170 1612 3199 esset
1631 3161 1958 3210 comprehendere
1987 3161 2118 3198 omnia
2137 3174 2236 3210 quae
2256 3163 2361 3198 Deus
2380 3174 2448 3211 po-

1392 3224 1461 3253 test
1487 3216 1628 3252 facere:
1659 3215 1765 3263 quod
1794 3222 1890 3251 esset
1918 3215 2244 3263 comprehendere
2278 3214 2448 3252 divinam

1392 3269 1581 3313 virtutem,
1603 3275 1639 3303 et
1665 3279 1735 3316 per
1762 3279 2002 3316 consequens
2029 3267 2198 3304 divinam
2227 3267 2447 3313 essentiam;

1392 3321 1510 3358 virtus
1539 3319 1642 3356 enim
1671 3319 1861 3369 quaelibet
1899 3320 2140 3368 cognoscitur
2166 3331 2235 3369 per
2268 3319 2448 3368 cognitio-

1444 3453 1470 3487 γ)
1490 3454 1528 3478 ita
1547 3453 1644 3485 quod...
1663 3454 1734 3485 quod
1744 3457 1867 3485 potest.-
1882 3454 1920 3478 ita
1938 3453 2034 3485 quod...
2050 3455 2138 3484 potest
2158 3452 2207 3484 pG,
2222 3452 2260 3476 ita
2280 3452 2448 3483 quod...pos-

1390 3493 1430 3514 set
1449 3489 1500 3521 lpH
1514 3495 1538 3513 et
1557 3489 1594 3518 bc,
1610 3489 1647 3513 ita
1661 3489 1731 3521 quod
1744 3489 1772 3513 id
1785 3489 1880 3521 quod...
1890 3492 1979 3520 potest
1993 3487 2086 3521 (possit
2101 3487 2150 3520 εΗ)
2170 3487 2241 3518 sGH,
2257 3487 2295 3512 ita
2308 3490 2337 3511 ut
2351 3488 2448 3520 quod...

1387 3527 1476 3556 potest
1495 3524 1522 3549 P.

1443 3559 1468 3594 δ)
1488 3559 1606 3585 reducta.
1623 3574 1643 3578 -
1661 3559 1812 3584 reducenda
1831 3560 1872 3584 vel
1890 3559 2000 3584 reducta
2020 3558 2046 3583 Ρ.

2478 894 2488 904 ·
2503 893 2549 920 Qu.
2565 898 2598 918 ιιι,
2613 896 2654 914 art.
2665 899 2686 919 7.

2480 2271 2489 2280 ”
2500 2270 2509 2291 Ι
2519 2270 2553 2291 ad
2564 2270 2626 2296 Cor„
2638 2276 2688 2298 cap.

2479 2303 2516 2319 xv.
2533 2303 2590 2318 vers.
2605 2303 2638 2324 27.

2480 2325 2489 2333 ·
2506 2323 2569 2344 Vei-s,
2585 2329 2618 2350 ²7·
2628 2334 2638 2338 -
2652 2323 2689 2344 Cf.

2478 2349 2528 2370 Act.
2540 2355 2590 2377 cap.
2598 2356 2620 2376 x,
2629 2355 2689 2371 vers.

2478 2382 2515 2401 4¹1.

2480 2534 2490 2544 ⁸
2503 2533 2569 2555 Vers.
2583 2539 2615 2562 25.
