2872 3970
417 266 487 304 130

1108 268 1370 315 QUAESTIO
1399 269 1499 317 VIII,
1528 269 1819 310 ARTICULUS
1846 273 1892 310 III

1084 394 1416 432 Commenta-ia
1439 399 1689 435 Cardinalis
1711 402 1911 437 Caietam

469 514 575 534 nurus
592 504 693 534 clarus
710 509 764 534 est.
786 504 821 534 In
837 513 972 544 corpore
998 505 1120 535 articuli
1136 504 1202 535 duo
1226 503 1327 534 fiunt:
1351 505 1467 544 primo,

411 516 642 578 Tdeclaratur
665 547 781 578 modus
805 557 870 587 quo
896 557 1012 588 corpus
1038 548 1155 578 Christi
1179 549 1351 588 mysticum
1374 549 1469 578 habet

172 591 183 602 ⁶
197 590 233 612 Cf·
249 596 313 612 num.
331 597 380 618 ω]-
408 593 568 627 membra;
593 591 745 627 secundo,
770 591 980 631 respondetur
1003 593 1147 631 quaesito
1164 593 1190 621 ’ἦ

463 636 510 666 Ex
526 635 700 666 differentia
723 641 830 666 autem
853 635 934 665 inter
953 645 1070 675 corpus
1093 635 1235 666 naturale
1251 641 1282 665 et
1297 637 1468 676 mysticum

409 678 516 720 quoad
550 679 685 710 modurn
718 678 855 709 habendi
889 679 1031 708 membra
1065 679 1159 709 simul
1191 679 1242 709 vel
1274 680 1467 715 successive,

409 723 582 754 declaratur
615 722 731 753 modus
766 731 832 762 quo
867 731 983 762 corpus
1018 721 1135 753 Christi
1170 723 1340 763 mysticum
1374 723 1468 753 habet

408 768 565 798 membra:
599 766 718 797 scilicet
746 775 814 796 non
845 765 951 796 solum
981 767 1014 796 in
1045 772 1134 801 actu,
1166 766 1221 796 sed
1250 766 1283 796 in
1314 767 1466 806 potentia.

408 811 449 841 Et
480 811 623 851 potentia
657 809 787 850 quidem
820 810 853 839 in
886 810 1054 849 proposito
1089 809 1256 849 dupliciter
1289 810 1466 840 invenitur:

408 864 490 895 quae
521 854 640 884 scilieet
674 853 869 893 quandoque
903 852 1090 889 reducetur;
1126 859 1157 883 et
1187 862 1269 893 quae
1301 863 1468 894 nunquam

406 898 575 928 reducetur
598 896 637 928 ad
660 903 776 927 aetum.
801 897 900 926 Actus
916 906 992 927 vero
1011 897 1191 937 tripliciter:
1216 897 1266 927 vel
1290 896 1468 928 secundum

407 941 520 978 fidem;
545 941 595 972 vel
618 941 796 972 secundum
820 940 980 971 caritatem
1003 941 1091 977 viae;
1116 941 1166 971 vel
1190 940 1368 972 secundum
1392 940 1468 971 frui-

407 986 528 1016 tionem
552 985 679 1025 patriae.

461 1029 524 1060 Ubi
547 1034 623 1059 nota
647 1029 761 1068 primo,
787 1027 876 1068 quod
899 1037 966 1058 non
982 1027 1184 1068 distinguitur
1199 1029 1342 1069 potentia
1359 1029 1392 1059 in
1408 1038 1467 1069 po-

406 1074 537 1104 tentiam
560 1072 767 1103 reducibilem
790 1072 840 1102 vel
870 1081 937 1102 non
961 1072 1168 1103 reducibilem
1191 1073 1231 1103 ad
1254 1078 1377 1104 actum:
1412 1073 1468 1103 sed

405 1118 438 1147 in
454 1118 630 1157 potentiam
647 1126 729 1156 quae
745 1115 784 1146 de
800 1115 884 1146 facto
901 1116 1097 1157 quandoque
1112 1116 1280 1147 reducetur
1291 1116 1332 1147 ad
1342 1122 1467 1153 actum;

407 1167 437 1191 et
467 1162 500 1191 in
527 1161 704 1201 potentiam
735 1169 817 1200 quae
848 1159 888 1190 de
918 1159 1002 1190 facto
1033 1169 1200 1200 nunquam
1230 1160 1399 1191 reducetur
1429 1159 1468 1191 ad

406 1211 522 1241 actum,
547 1205 691 1245 quamvis
714 1203 894 1234 reducibilis
918 1203 1011 1234 fuerit
1035 1204 1074 1234 ad
1093 1209 1209 1241 actum,
1234 1204 1377 1245 alioquin
1400 1214 1467 1235 non

406 1249 516 1279 fuisset
538 1249 572 1279 in
595 1248 747 1288 potentia.

460 1293 545 1323 Nota
568 1291 710 1323 secundo
735 1291 840 1332 quod,
865 1292 938 1322 licet
961 1291 1057 1328 fides,
1082 1297 1117 1322 ut
1139 1292 1173 1322 in
1196 1293 1405 1334 responsione
1427 1291 1467 1322 ad

406 1336 583 1367 secundum
606 1337 719 1371 habes,
745 1336 915 1366 constituat
938 1336 1118 1366 membrum
1143 1335 1260 1366 Christi
1282 1335 1467 1376 imperfecte

407 1386 438 1410 et
465 1380 642 1411 secundum
674 1379 767 1419 quid;
799 1380 874 1419 quia
903 1385 1010 1410 tamen
1040 1379 1121 1410 infra
1149 1379 1348 1410 latitudinem
1379 1386 1467 1410 actus

407 1425 559 1459 consistit,
583 1423 656 1454 ideo
681 1424 732 1453 hic
756 1423 876 1463 primus
899 1422 1013 1463 gradus
1036 1429 1124 1454 actus
1147 1424 1181 1454 in
1205 1433 1272 1454 esse
1294 1424 1410 1463 gratiae
1434 1425 1467 1454 in

406 1468 556 1498 membris
581 1467 697 1498 Christi
722 1467 895 1506 assignatur
918 1465 1001 1496 fidei.

461 1511 496 1541 11.
519 1511 694 1541 Conclusio
711 1511 894 1550 responsiva
911 1516 970 1540 est:
990 1510 1135 1541 Christus
1152 1515 1198 1541 est
1213 1515 1309 1551 caput
1324 1512 1466 1542 omnium

404 1555 579 1590 hominum,
603 1554 814 1585 diversimode
829 1559 945 1589 tamen,
969 1554 1128 1594 quuendo
1143 1555 1342 1595 generaliter
1355 1564 1467 1586 secun-

405 1599 480 1629 dum
494 1604 595 1629 totum
607 1598 718 1628 mundi
730 1603 860 1638 tempus.
877 1598 1032 1628 Probatur
1047 1597 1236 1629 deducendo
1252 1607 1309 1638 per
1323 1600 1467 1639 quinque

404 1643 518 1683 gradus
542 1642 720 1673 secundum
744 1651 826 1682 quos
850 1643 997 1672 homines
1022 1643 1176 1672 uniuntur
1199 1641 1337 1672 Christo.

460 1688 522 1718 Ubi
538 1692 614 1717 nota
630 1687 805 1717 Auctorem
821 1686 854 1716 in
878 1695 931 1716 sex
947 1692 1044 1716 status
1061 1695 1174 1716 omnes
1195 1686 1342 1716 homines
1358 1686 1467 1717 distin-

405 1732 502 1767 xisse,
534 1737 564 1761 et
595 1740 707 1761 omnes
738 1729 927 1760 differentias
958 1739 1070 1760 eorum
1106 1730 1395 1770 comprehendisse.
1431 1730 1467 1761 In

405 1776 509 1815 primo
533 1775 632 1811 beati;
656 1775 689 1804 in
705 1773 847 1804 secundo
863 1774 998 1804 viatores
1014 1774 1046 1803 in
1071 1774 1213 1810 caritate;
1245 1774 1278 1803 in
1293 1774 1386 1804 tertio
1402 1774 1466 1804 via-

404 1825 488 1849 tores
512 1820 544 1849 in
561 1818 624 1848 fide
646 1823 787 1852 tantum3
812 1818 845 1847 in
869 1822 982 1856 quarto
1005 1818 1141 1847 viatores
1163 1818 1230 1847 sine
1246 1816 1319 1853 fide,
1336 1817 1467 1857 praede-

405 1863 509 1893 stinati
527 1868 651 1898 tamem
675 1862 709 1891 in
732 1861 846 1900 quinto
870 1861 1006 1892 viatores
1029 1861 1097 1892 sine
1120 1860 1183 1892 fide
1206 1870 1274 1891 non
1297 1861 1467 1901 praedesti-

405 1907 486 1942 nati;
518 1907 551 1936 in
575 1911 662 1936 sexto
687 1904 826 1936 damnati
850 1910 933 1935 sunt.

460 1950 500 1980 Et
518 1950 645 1991 primus
661 1948 792 1989 quidem
807 1948 932 1988 gradus,
948 1948 1022 1979 licet
1036 1947 1133 1979 hodie
1150 1949 1283 1979 omnino
1299 1949 1339 1979 sit
1354 1949 1466 1985 clarus,

405 1995 520 2025 relatus
543 1999 649 2024 tamen
674 1992 713 2023 ad
731 1997 836 2023 totum
852 1991 965 2022 mundi
980 1998 1117 2032 tempus,
1142 1991 1385 2032 comprehendit
1407 1993 1465 2023 sub

405 2048 438 2068 se
461 2039 571 2068 beatos
595 2038 689 2067 etiam
712 2036 894 2077 impeditos,
918 2037 1062 2076 quamvis
1085 2037 1118 2066 in
1141 2037 1296 2066 termino:
1322 2041 1358 2066 ut
1381 2042 1468 2067 erant

405 2082 504 2112 sancti
527 2082 633 2111 Patres
655 2081 688 2111 in
712 2081 812 2111 limbo
836 2085 908 2110 ante
931 2086 1069 2110 mortem
1093 2079 1219 2110 Christi.
1245 2079 1467 2120 Comprehen-

406 2126 524 2156 duntur
547 2124 704 2165 siquidem
727 2125 760 2154 in
775 2125 880 2164 primo
895 2123 995 2164 gradu
1018 2133 1130 2154 omnes
1146 2129 1219 2154 actu
1242 2123 1370 2154 Christo
1389 2133 1467 2154 con-

406 2170 506 2200 iuncti
528 2169 782 2204 immutabiliter,
813 2178 870 2198 seu
893 2169 926 2198 in
949 2169 1102 2198 termino:
1135 2167 1244 2208 quales
1274 2173 1351 2198 tunc
1379 2174 1467 2198 erant

406 2214 504 2244 sancti
527 2213 643 2248 Patres,
668 2213 784 2252 quibus
807 2212 874 2242 sola
897 2211 1066 2252 patefactio
1091 2212 1170 2242 caeli
1193 2211 1308 2242 deerat.

461 2257 625 2288 Secundus
643 2266 719 2286 vero
743 2255 857 2296 gradus
879 2255 1029 2286 trifariam
1052 2255 1263 2296 distinguitur.
1286 2255 1370 2286 Nam
1389 2265 1466 2286 con-

405 2302 484 2331 tinet
507 2307 571 2331 tam
595 2301 762 2331 existentes
785 2301 817 2330 in
841 2300 1040 2340 purgatorio,
1066 2300 1121 2339 qui
1145 2299 1248 2330 adhuc
1272 2305 1357 2330 extra
1382 2300 1466 2330 viam

406 2345 542 2375 totaliter
557 2354 624 2375 non
647 2350 737 2379 sunt;
767 2353 864 2384 quam
888 2345 1055 2374 existentes
1070 2344 1103 2374 in
1119 2344 1246 2374 caritate
1268 2344 1320 2374 hic
1335 2343 1466 2383 praede-

406 2390 551 2425 stinatos;
576 2397 674 2428 quam
697 2389 791 2418 etiam
808 2389 976 2418 existentes
991 2389 1024 2418 in
1041 2388 1167 2418 caritate
1183 2387 1361 2418 secundum
1376 2397 1466 2428 prae-

406 2439 528 2463 sentem
550 2433 701 2463 iustitiam
722 2437 857 2467 tantum,
875 2441 957 2472 quos
980 2437 1105 2462 constat
1127 2440 1195 2462 esse
1217 2431 1399 2471 praescitos.
1422 2431 1466 2461 Hi

407 2477 493 2507 enim
509 2486 638 2512 omnes,
671 2477 746 2516 quia
769 2482 843 2506 sunt
872 2476 905 2505 in
928 2476 979 2505 via
1009 2481 1040 2506 et
1063 2476 1207 2511 caritate,
1239 2480 1467 2515 computantur

406 2522 487 2551 inter
506 2521 649 2551 membra
665 2520 782 2550 Christi
798 2519 976 2550 actualiter:
1002 2518 1057 2549 sed
1079 2519 1174 2559 primi
1190 2518 1256 2549 duo
1272 2519 1465 2559 simpliciter,

406 2565 489 2595 tertii
511 2563 689 2595 secundum
712 2569 911 2603 praesentem
935 2567 1060 2593 tantum
1083 2563 1244 2593 iustitiam.

465 2608 591 2639 Tertius
623 2617 755 2647 quoque
778 2606 908 2647 gradus,
940 2607 995 2647 qui
1026 2607 1120 2637 etiam
1143 2606 1321 2637 secundum
1348 2612 1465 2643 actum,

407 2654 481 2683 licet
503 2651 736 2692 imperfectum,
761 2650 944 2686 attenditur,
970 2650 1035 2681 duo
1059 2651 1202 2681 continet
1224 2660 1340 2690 genera
1362 2651 1466 2681 homi-

407 2706 502 2727 num:
527 2696 645 2726 scilicet
668 2694 731 2725 fide
750 2700 874 2725 tantum
888 2694 1048 2734 praeditos
1072 2700 1103 2725 et
1125 2699 1232 2724 tamen
1254 2693 1467 2734 praedestina-

407 2747 478 2777 t0s;
510 2746 540 2770 et
570 2739 687 2770 similes
716 2748 783 2769 non
813 2737 1071 2778 praedestinatos.
1107 2738 1241 2778 Utrique
1272 2739 1357 2768 enim
1386 2739 1467 2769 inter

408 2784 550 2815 membra
573 2783 688 2814 Christi
712 2782 873 2813 actualiter
895 2782 1016 2812 ratione
1032 2781 1107 2812 fidei
1123 2787 1357 2822 computantur,
1381 2792 1467 2812 mor—

408 2828 523 2859 tificata
546 2833 669 2858 tamen:
695 2826 749 2857 sed
772 2826 867 2866 primi
890 2831 926 2856 ut
940 2826 1082 2856 membra
1097 2835 1312 2866 permansura,
1336 2826 1467 2856 secundi

409 2878 445 2903 ut
467 2872 609 2902 membra
632 2870 853 2901 abscindenda.

467 2915 611 2952 Quartus
637 2914 765 2955 gradus,
791 2915 846 2955 qui
876 2914 1054 2945 secundum
1084 2914 1261 2954 potentiam
1287 2913 1467 2951 attenditur,

410 2960 582 2999 assignatus
606 2965 652 2990 est
674 2959 707 2989 in
726 2959 827 2989 littera
842 2959 874 2989 in
891 2958 1001 2989 ordine
1018 2957 1057 2988 ad
1073 2963 1179 2989 actum
1195 2958 1387 2998 simpliciter,
1404 2958 1467 2988 hoc

411 3009 456 3034 est
479 3002 663 3033 fruitionem
686 3003 820 3043 patriae,
845 3003 926 3033 sicut
950 3008 980 3033 et
1004 3002 1150 3043 quintus:
1183 3001 1239 3032 sed
1265 3007 1394 3042 quartus
1420 3012 1468 3033 se-

411 3046 553 3078 cundum
584 3046 729 3078 ordinem
758 3047 932 3086 positivum
962 3046 1002 3077 ad
1032 3045 1154 3077 dictum
1184 3051 1306 3082 actum;
1338 3046 1468 3085 quintus

411 3090 587 3121 secundum
609 3091 813 3130 negationem
838 3090 956 3121 ordinis
980 3089 1019 3120 ad
1035 3089 1174 3120 eundem
1190 3095 1306 3120 actum.
1330 3089 1372 3120 Et
1387 3099 1468 3130 quo-

411 3135 497 3164 niam
526 3135 645 3165 iustum
668 3139 714 3164 est
744 3139 779 3164 ut
809 3134 970 3174 potentiae
1000 3133 1039 3164 ad
1069 3139 1157 3165 actus
1187 3133 1364 3164 secundum
1391 3133 1468 3174 quid

411 3178 601 3208 reducantur
616 3177 655 3207 ad
670 3178 847 3217 potentiam
863 3177 902 3208 ad
917 3183 1023 3208 actum
1039 3178 1232 3218 simpliciter,
1247 3177 1322 3208 ideo
1339 3183 1468 3218 quartus

412 3221 525 3261 gradus
555 3220 796 3261 comprehendit
819 3230 931 3251 omnes
954 3222 1089 3252 viatores
1119 3222 1186 3252 sine
1209 3221 1272 3252 fide
1298 3221 1468 3262 praedesti·

1523 511 1631 542 natos,
1663 512 1694 537 et
1716 506 1877 539 reductive
1903 509 1975 539 illos
1999 510 2093 540 etiam
2124 511 2190 540 sine
2214 510 2276 541 fide
2307 513 2363 551 qui
2386 511 2582 552 quandoque

1522 548 1714 580 reducentur
1736 552 1769 581 in
1792 557 1898 582 actum
1921 552 1995 583 fidei
2019 559 2151 589 tantum,
2175 554 2225 584 vel
2246 555 2340 585 etiam
2364 556 2497 586 caritatis
2511 556 2581 586 viae

1523 597 1656 623 tantum.
1680 594 1724 624 Hi
1740 595 1835 631 enim,
1852 597 1974 626 ratione
1989 602 2086 628 status
2102 599 2263 637 potentiae
2284 607 2366 638 quae
2385 598 2581 640 quandoque

1523 636 1691 668 reducetur
1721 637 1760 669 ad
1783 645 1890 670 actum
1913 640 2106 680 simpliciter,
2130 647 2166 671 ut
2187 642 2300 682 primi,
2323 643 2374 673 vel
2404 642 2581 676 secundum

1523 679 1610 719 quid,
1629 687 1662 711 ut
1681 681 1805 722 reliqui,
1822 688 1970 723 quartum
1986 685 2183 715 constituunt
2200 685 2343 725 gradum,
2362 686 2449 717 iuxta
2460 685 2579 717 *distin-

1523 723 1663 754 ctionem
1686 726 1890 764 praemissam
1912 727 1946 756 in
1969 727 2070 758 littera
2093 733 2166 758 ante
2189 729 2441 760 conclusionem.

1577 767 1618 798 Et
1640 774 1808 808 propterea
1830 770 1941 810 quinto
1963 771 2073 810 gradui
2088 771 2134 802 illi
2149 772 2209 802 soli
2224 772 2447 812 relinquuntur
2464 773 2521 814 qui
2535 773 2580 804 sic

1522 810 1555 841 in
1579 812 1641 842 vita
1665 813 1723 842 ista
1753 811 1872 852 degunt
1900 814 1934 844 in
1957 815 2100 854 potentia
2130 814 2170 845 ad
2192 821 2299 846 actum
2325 816 2509 856 simpliciter
2528 816 2581 848 vel

1522 855 1700 886 secundum
1723 855 1811 896 quid,
1835 856 1925 896 quod
1947 867 2114 898 nunquam
2132 865 2339 899 assequentur
2362 860 2502 900 aliquem
2524 869 2581 891 eo-

1522 907 1610 929 rum:
1635 899 1691 939 qui
1714 900 1833 930 scilicet
1855 909 1923 931 non
1941 901 2047 932 solum
2069 903 2214 942 praesciti
2229 908 2312 938 sunt,
2336 903 2392 934 sed
2413 913 2581 944 nunquam

1522 941 1562 972 ad
1577 943 1737 973 caritatem
1753 944 1832 980 viae,
1845 953 2011 984 nunquam
2027 944 2066 976 ad
2081 944 2179 976 fidem
2194 945 2364 978 informem
2380 947 2579 988 pervenient;

1522 990 1557 1015 ut
1581 992 1654 1016 sunt
1677 987 1791 1027 iugiter
1812 987 1965 1018 infideles.

1577 1030 1672 1060 Extra
1695 1031 1804 1061 omnia
1826 1036 1933 1062 autem
1950 1031 2066 1063 Christi
2081 1033 2224 1063 membra
2246 1039 2449 1074 computatur
2471 1038 2581 1065 sextus

1522 1078 1619 1104 status
1642 1074 1822 1111 hominum,
1846 1075 1909 1106 hoc
1925 1081 1980 1112 est,
1997 1081 2094 1107 status
2110 1082 2255 1108 aeternae
2270 1077 2490 1109 damnationis.
2514 1078 2581 1116 Qui

1522 1118 1616 1148 etiam
1640 1118 1783 1149 continet
1802 1118 1868 1149 duo
1882 1129 1998 1159 genera
2013 1120 2200 1151 hominum:
2225 1121 2344 1152 scilicet
2358 1121 2581 1153 damnatorum

1522 1160 1561 1191 ad
1584 1171 1724 1201 poenam
1740 1172 1850 1194 sensus
1874 1169 1904 1193 et
1927 1163 2044 1200 damni,
2061 1164 2170 1204 quales
2185 1170 2260 1196 sunt
2281 1175 2395 1196 omnes
2413 1165 2512 1196 adulti
2527 1164 2581 1196 da-

1521 1206 1637 1242 mnati;
1662 1211 1693 1236 et
1716 1205 1755 1237 ad
1777 1215 1917 1247 poenam
1940 1206 2048 1238 damni
2070 1213 2204 1245 tantum,
2229 1209 2338 1249 quales
2354 1214 2428 1240 sunt
2446 1208 2580 1240 infantes

1522 1254 1553 1279 et
1575 1255 1732 1290 perpetuo
1748 1256 1889 1281 amentes
1912 1251 1967 1291 qui
1983 1251 2051 1282 sine
2066 1257 2262 1283 sacramento
2279 1251 2354 1283 fidei
2369 1251 2579 1283 decesserunt.

1521 1292 1565 1322 Hi
1587 1302 1738 1334 namque,
1763 1299 1799 1324 ut
1821 1294 1875 1330 sic,
1898 1295 1973 1334 quia
1987 1304 2048 1326 nec
2063 1299 2136 1326 actu
2151 1304 2210 1326 nec
2225 1297 2369 1336 potentia
2383 1296 2464 1327 inter
2478 1304 2580 1327 mem·-

1521 1337 1576 1366 bra
1599 1336 1716 1367 Christi
1739 1343 1822 1374 sunt,
1842 1338 1943 1369 aliena
1959 1339 2093 1370 omnino
2108 1346 2274 1379 ponuntur
2289 1349 2307 1371 a
2323 1341 2424 1380 capite
2440 1339 2579 1371 Christo.

1521 1380 1578 1411 Est
1599 1386 1707 1411 tamen
1729 1382 1811 1412 inter
1833 1382 1910 1412 istos
1933 1382 2084 1414 latitudo:
2108 1381 2187 1414 dum
2210 1383 2340 1423 quidam
2358 1393 2472 1414 eorum
2495 1383 2580 1415 deci-

1521 1423 1602 1454 dunt
1624 1434 1642 1454 a
1665 1426 1808 1465 potentia
1830 1431 1964 1462 tantum,
1989 1432 2024 1457 ut
2047 1435 2172 1467 semper
2197 1427 2341 1458 infideles
2364 1433 2395 1458 et
2418 1428 2475 1468 qui
2495 1436 2579 1459 nun-

1521 1477 1619 1507 quam
1641 1478 1736 1499 usum
1759 1469 1848 1500 liberi
1871 1470 1987 1500 arbitrii
2016 1470 2213 1507 habuerunt,
2244 1471 2284 1502 de
2310 1471 2426 1511 quibus
2455 1476 2579 1502 tantum

1521 1510 1557 1541 fit
1578 1513 1700 1542 mentio
1724 1513 1757 1542 in
1780 1513 1898 1549 littera;
1922 1513 2053 1553 quidam
2076 1519 2184 1545 autem
2207 1514 2357 1545 decidunt
2379 1515 2418 1545 ab
2434 1521 2506 1545 actu
2528 1513 2580 1545 vel

1520 1554 1595 1585 fidei
1617 1561 1752 1591 tantum,
1768 1556 1818 1586 vel
1834 1557 1929 1587 etiarn
1945 1557 2079 1588 caritatis
2094 1558 2173 1594 viae,
2190 1563 2226 1588 ut
2242 1558 2410 1589 Christiani
2426 1558 2579 1594 damnum

1521 1599 1577 1638 qui
1599 1600 1742 1630 membra
1764 1609 1838 1630 vere
1853 1601 1987 1631 abscissa
2002 1611 2020 1631 a
2035 1610 2171 1641 corpore
2187 1601 2304 1632 Christi
2326 1608 2409 1638 sunt,
2426 1602 2581 1642 quoniam

1521 1642 1604 1672 illius
1627 1642 1766 1679 fuerunt,
1789 1644 1967 1675 secundum
1982 1650 2180 1685 praesentem
2196 1646 2348 1676 iustitiam
2368 1646 2420 1677 -vel
2443 1645 2518 1677 fidei
2531 1655 2580 1677 sa-

1522 1692 1691 1723 cramenta,
1714 1687 1867 1718 membra.

1576 1729 1627 1760 111.
1651 1730 1687 1760 In
1702 1732 1911 1771 responsione
1926 1731 1965 1762 ad
1980 1732 2121 1772 primum
2137 1732 2279 1764 eiusdem
2294 1733 2426 1770 articuli,
2442 1731 2579 1770 adverte,

1520 1783 1579 1813 pro
1609 1774 1772 1805 intellectu
1802 1775 1922 1806 litterae
1954 1781 1985 1806 et
2014 1776 2266 1817 praedictorum,
2298 1777 2388 1817 quod
2413 1776 2581 1817 dupliciter

1520 1826 1692 1856 possumus
1711 1819 1801 1859 loqui
1825 1818 1865 1849 de
1887 1820 2041 1859 potentia,
2058 1826 2094 1851 ut
2115 1825 2202 1860 patet
2219 1821 2249 1851 V
2265 1821 2446 1862 Metaphys.
2462 1821 2496 1851 ⁴¹':
2520 1820 2580 1852 sci·

1520 1861 1594 1892 licet
1616 1861 1734 1901 logice,
1758 1862 1808 1892 vel
1831 1863 1985 1903 physice;
2008 1864 2072 1894 hoc
2097 1870 2159 1900 est,
2181 1864 2233 1895 vel
2256 1864 2296 1894 de
2318 1865 2463 1905 potentia
2482 1869 2581 1905 prout

1520 1905 1645 1935 termini
1674 1915 1742 1936 non
1771 1906 1936 1946 implicant
1965 1907 2266 1944 contradictionem,
2290 1909 2341 1939 vel
2370 1908 2411 1939 de
2436 1908 2580 1949 potentin

1520 1949 1621 1979 activa
1643 1949 1693 1980 vel
1716 1950 1839 1990 passiva
1862 1951 2014 1981 existente
2036 1951 2069 1981 in
2092 1957 2204 1982 natura
2226 1951 2266 1982 ad
2283 1951 2444 1993 agendum
2458 1951 2509 1983 vel
2522 1961 2580 1992 pa-

1519 1992 1664 2023 tiendum
1687 1998 1794 2024 actum
1809 1993 1949 2034 aliquem
1965 1993 2117 2025 ordinata.
2142 1995 2177 2025 In
2191 1996 2349 2036 praesenti
2363 1996 2494 2027 materia
2511 2005 2580 2027 non
2594 2031 2598 2036 .

1521 2041 1568 2066 est
1590 2046 1695 2067 sermo
1722 2037 1761 2067 de
1784 2038 1927 2078 potentia
1954 2038 2073 2078 logice,
2104 2038 2160 2070 sed
2185 2039 2332 2080 physice:
2364 2045 2400 2070 ut
2428 2044 2515 2080 patet
2540 2046 2579 2070 ex

1520 2081 1579 2110 hac
1602 2080 1712 2117 littera,
1737 2081 1771 2111 in
1791 2090 1854 2121 qua
1869 2081 1992 2112 Auctor
2006 2081 2118 2113 fundat
2132 2084 2309 2122 potentiam
2325 2083 2579 2119 ecclesiasticam,

1520 2124 1583 2154 hoc
1607 2130 1654 2155 est
1675 2133 1770 2164 posse
1793 2134 1861 2156 esse
1883 2126 2064 2156 membrum
2086 2126 2264 2163 Ecclesiae,
2288 2136 2371 2167 quae
2393 2133 2441 2158 est
2462 2136 2580 2168 eorpus

1521 2167 1639 2198 Christi
1660 2169 1849 2209 mysticum,
1880 2178 1976 2210 super
1997 2170 2073 2200 reali
2095 2170 2210 2200 virtute
2233 2170 2350 2202 Christi
2379 2176 2412 2202 et
2436 2171 2512 2203 reali
2534 2170 2580 2203 fn-

1521 2212 1636 2243 cultate
1658 2213 1748 2243 liberi
1764 2213 1880 2244 arbitrii
1895 2213 2027 2244 humani
2044 2214 2078 2244 in
2094 2219 2176 2244 statu
2191 2215 2277 2251 viae;
2301 2214 2478 2246 secundum
2493 2215 2580 2247 enim

1520 2256 1577 2286 has
1599 2255 1677 2287 duas
1699 2261 1872 2297 potestates
1896 2256 2010 2288 dicitur
2034 2257 2148 2298 aliquis
2169 2258 2301 2299 physice
2323 2259 2356 2289 in
2371 2259 2515 2300 potentia
2529 2258 2580 2290 vel

1519 2310 1587 2330 non
1609 2301 1643 2330 in
1666 2301 1809 2341 potentia
1832 2300 1871 2331 ad
1894 2310 1961 2331 esse
1983 2302 2164 2332 membrum
2188 2301 2315 2333 Christi.
2347 2302 2389 2334 Et
2410 2308 2580 2344 propterea

1521 2344 1659 2375 damnati
1683 2354 1806 2380 omneS,
1829 2345 1904 2375 licet
1926 2345 1989 2375 sint
2010 2346 2044 2376 in
2058 2346 2203 2386 potentia
2224 2347 2328 2386 logice
2350 2352 2387 2377 ut
2401 2348 2463 2378 sint
2477 2355 2580 2379 mem-

1520 2388 1576 2418 bra
1599 2388 1726 2425 Christi,
1751 2389 1826 2428 quia
1847 2394 1955 2420 tamen
1977 2398 2045 2420 non
2068 2394 2142 2420 sunt
2163 2390 2199 2420 in
2219 2390 2363 2430 potentia
2384 2391 2516 2431 physice
2538 2390 2579 2422 ad

1521 2442 1588 2463 esse
1610 2433 1692 2463 inter
1713 2432 1856 2463 membra
1879 2431 2007 2469 Christi,
2031 2434 2186 2473 quoniam
2207 2443 2268 2464 nec
2285 2434 2383 2464 virtus
2399 2433 2516 2466 Christi
2531 2440 2580 2466 est

1520 2476 1663 2506 ordinata
1678 2475 1718 2507 ad
1728 2475 1984 2517 redemptionem
1995 2475 2218 2508 damnatorum
2229 2477 2396 2518 (scriptum
2407 2483 2454 2509 est
2465 2479 2552 2510 enim
2561 2479 2578 2496 ³

1521 2520 1610 2560 quod
1633 2520 1665 2550 in
1686 2520 1815 2562 inferno
1833 2520 1923 2550 nulla
1939 2524 1986 2551 est
2000 2519 2198 2561 redemptio),
2221 2531 2281 2552 nec
2295 2521 2425 2553 illorum
2442 2522 2579 2554 liberum

1520 2564 1682 2594 arbitrium
1705 2564 1846 2594 vertibile
1869 2569 1916 2594 est
1939 2563 2074 2604 amplius
2097 2563 2136 2594 ad
2160 2563 2322 2596 Christum
2352 2566 2428 2606 quia
2449 2571 2524 2597 sunt
2544 2566 2579 2597 in

1519 2609 1667 2642 termino.
1691 2607 1765 2638 ideo
1789 2607 1972 2648 simpliciter
1994 2613 2026 2638 et
2048 2608 2192 2638 absolute
2220 2608 2368 2640 dicuntur
2390 2610 2424 2640 in
2445 2610 2548 2641 littera
2561 2609 2579 2628 ⁸

1519 2652 1657 2682 totaliter
1679 2651 1821 2682 desinere
1843 2660 1911 2682 esse
1933 2652 2076 2682 membra
2099 2651 2225 2683 Christi.

1576 2696 1628 2726 1V.
1652 2696 1688 2726 In
1710 2695 1919 2735 responsione
1949 2695 1989 2726 ad
2018 2695 2212 2733 secundum,
2244 2696 2371 2729 adverte
2401 2697 2491 2739 quod
2515 2703 2579 2731 tres

1521 2739 1721 2770 conditiones
1744 2739 1920 2776 Ecclesiae,
1947 2740 2011 2771 hoc
2035 2745 2081 2770 est
2101 2740 2283 2781 gloriosam
2306 2746 2338 2772 et
2358 2742 2428 2778 sine
2450 2743 2578 2775 macula

1522 2789 1552 2814 et
1574 2784 1644 2814 sine
1667 2792 1752 2824 ruga
1776 2792 1857 2819 esse,
1881 2792 1949 2813 non
1976 2785 2148 2814 convenire
2171 2785 2332 2816 Ecclesiae
2360 2785 2508 2817 militanti
2529 2796 2578 2818 ra-

1520 2827 1608 2857 tione
1632 2827 1752 2867 primae
1779 2826 1971 2858 conditionis
2000 2827 2166 2858 manifeste
2188 2834 2284 2868 patet.
2318 2828 2380 2860 Sed
2402 2830 2579 2862 et‘Auctor

1519 2871 1642 2901 ratione
1657 2871 1775 2906 tertiae,
1787 2871 1850 2901 hoc
1863 2876 1919 2907 est,
1931 2877 2138 2911 peccatorum
2149 2873 2331 2910 venialium,
2342 2873 2466 2914 probat.
2477 2873 2578 2913 Quod

1519 2915 1660 2955 intellige
1683 2914 1855 2945 formaliter
1877 2914 1917 2945 de
1934 2915 2080 2946 Ecclesia
2103 2915 2269 2952 militante,
2292 2917 2356 2948 hoc
2371 2922 2428 2954 est,
2443 2916 2483 2948 de
2498 2926 2577 2949 con-

1519 2959 1703 2999 gregatione
1725 2957 1869 2989 fidelium
1892 2959 2093 2990 existentium
2115 2960 2149 2990 in
2173 2961 2308 2991 caritate.
2331 2960 2495 3000 Quoniam
2516 2961 2577 2993 hu-

1520 3002 1660 3033 iusmodi
1683 3002 1897 3042 congregatio,
1921 3003 2043 3034 ratione
2067 3004 2215 3034 omnium
2230 3013 2359 3036 suarum
2379 3005 2527 3045 partium,
2542 3005 2577 3036 in

1520 3047 1571 3077 via
1593 3046 1651 3076 hac
1674 3055 1785 3086 rugam
1808 3046 1947 3087 aliquam
1962 3047 2125 3078 vetustatis
2147 3047 2258 3078 habet:
2281 3047 2355 3079 licet
2369 3057 2436 3079 non
2451 3057 2577 3090 semper

1521 3091 1554 3120 in
1577 3089 1717 3130 singulis.
1748 3090 1856 3121 Potest
1879 3091 1964 3121 enim
1987 3091 2089 3122 viator
2111 3091 2224 3132 aliquis
2246 3091 2408 3132 aliquanto
2430 3096 2576 3133 tempore

1521 3134 1588 3165 sine
1619 3134 1708 3165 omni
1739 3135 1852 3165 actuali
1881 3140 2014 3175 peccato
2045 3135 2196 3166 inveniri:
2230 3143 2299 3166 non
2331 3139 2438 3176 potest
2469 3141 2576 3167 tamen

1521 3178 1655 3208 omnino
1678 3178 1776 3208 vitam
1790 3178 1872 3209 hanc
1895 3187 1986 3219 agere
2005 3179 2074 3210 sine
2089 3179 2197 3219 aliquo
2212 3183 2357 3220 peccato,
2375 3183 2412 3210 ut
2425 3179 2460 3210 in
2475 3179 2576 3211 littera

1521 3221 1708 3263 Apostolica
1730 3222 1843 3263 probat
1866 3223 2044 3254 auctoritas.

2605 1820 2820 1896 fflalllffifgf.
