2872 3970
146 1756 155 1765 ·
169 1755 218 1776 Art.
235 1759 283 1781 seq.

158 3160 167 3169 ⁸
182 3159 264 3187 Categ.
279 3165 328 3186 cap.
341 3165 365 3183 ιι,

156 3191 178 3207 n.
194 3192 214 3207 2.

160 3551 169 3560 ⁵
184 3550 234 3571 Art.
250 3548 271 3570 6.

384 251 432 297 54
1109 245 1373 292 QUAESTIO
1401 245 1466 290 ΙΙΙ,

1499 244 1792 282 ARTICULUS
1820 245 1834 281 1

382 335 518 365 natura
546 328 718 364 humana
746 325 860 362 habet
883 324 1001 361 Filius
1020 324 1091 361 Dei
1112 324 1218 372 quod
1239 323 1284 359 sit
1303 322 1445 371 simpli-
1499 322 1617 359 tuitur
1643 335 1809 371 persona
1837 323 1967 361 divina
1995 322 2223 372 simpliciter.
2257 325 2368 362 Unde
2395 337 2560 374 persona

382 381 483 425 citer,
505 391 595 416 cum
623 378 734 415 fuerit
752 378 800 414 ab
820 385 992 414 aeterno:
1024 377 1090 413 sed
1119 377 1246 413 solum
1274 375 1381 424 quod
1401 375 1446 411 sit

382 434 515 470 homo.
554 432 630 469 Sed
659 430 872 468 secundum
903 437 1079 466 naturam
1108 428 1281 466 divinam
1309 427 1445 464 consti-

1500 374 1630 411 divina
1658 387 1738 412 non
1766 375 1902 413 dicitur
1935 387 2131 414 assumere
2166 376 2339 414 divinam
2370 385 2558 426 naturam,

1501 427 1568 463 sed
1595 428 1822 464 humanam.

1057 523 1392 556 Commentariis
1414 521 1666 555 Gar-ainans
1687 522 1891 557 Caietam

440 617 547 638 rrimus
571 606 693 637 articuli
716 606 812 645 primi
835 605 1030 645 quaestionis
1053 604 1163 634 tertiae
1187 603 1290 634 clarus
1317 607 1374 633 est.

382 619 436 680 T
495 652 530 681 In
561 660 696 690 corpore
724 649 847 679 articuli
876 649 971 679 unica
998 653 1044 678 est
1068 646 1234 677 conclusio
1260 646 1444 686 responsiva

379 696 539 735 quaesito:
568 695 730 724 Personae
753 693 901 732 competit
916 692 1142 732 propriissime
1164 699 1327 721 assumere
1351 694 1456 720 natu-.

379 749 461 770 ram.
486 739 649 769 Probatur.
674 738 812 767 Persona
828 741 875 766 est
898 736 1090 776 principium
1108 740 1138 765 et
1154 734 1308 764 terminus
1323 742 1444 763 assum-

378 784 508 823 ptionis.
533 783 618 822 Ergo
642 782 700 811 sibi
725 781 876 811 convenit
899 780 1116 819 propriissime
1140 787 1310 808 assumere.

434 826 646 861 Antecedens,
664 824 772 865 quoad
794 825 931 864 primam
954 828 1086 863 partem,
1103 822 1272 862 probatur:
1298 822 1374 861 quia
1397 830 1444 851 as-

379 880 505 901 sumere
522 876 569 900 est
587 870 670 899 actio
687 868 809 904 divina;
834 876 926 906 agere
943 872 1051 897 autem
1070 866 1199 906 proprie
1216 870 1263 895 est
1278 874 1444 905 personae.

379 914 498 952 Quoad
521 912 695 944 secundam
709 921 802 942 vero:
828 911 904 951 quia
923 911 1001 940 unio
1018 910 1162 940 factafest
1177 918 1245 939 non
1263 910 1297 939 in
1315 915 1443 944 natura,

379 958 435 988 sed
449 959 483 988 in
499 966 645 998 persona,
659 961 694 986 ut
712 961 799 996 patet
815 965 852 985 ex
868 964 964 994 supra
980 954 1080 984 dictis.
1092 971 1116 976 -
1131 953 1373 993 Consequentia
1389 963 1446 983 au-

377 1008 444 1032 tem
459 1002 629 1041 probatur:
651 1000 726 1040 quia
741 1000 773 1029 in
789 999 888 1029 verbo
905 998 1132 1038 assumptionis
1147 998 1362 1037 importantur
1376 997 1444 1032 tria,

376 1046 582 1086 principium,
606 1050 695 1074 actus
718 1049 749 1073 et
772 1043 942 1078 terminus3
968 1041 1123 1082 quoniam
1147 1045 1307 1081 assumere
1331 1040 1446 1071 dicitur

378 1090 469 1129 quasi
492 1089 535 1119 ad
557 1098 591 1119 se
613 1097 749 1118 sumere.
774 1087 822 1117 Ex
846 1087 909 1117 hoc
931 1095 1074 1126 namque
1089 1085 1179 1126 quod
1202 1093 1362 1115 assumere
1385 1084 1446 1127 irn-

376 1138 482 1174 portat
498 1134 576 1163 haec
599 1133 667 1167 tria,
684 1137 716 1162 et
738 1132 817 1161 haec
834 1131 943 1161 omnia
966 1135 1157 1170 competunt
1179 1138 1346 1169 personae,
1370 1129 1446 1171 quia

376 1178 445 1218 ipsa
469 1182 515 1207 est
538 1176 732 1217 principium
756 1181 786 1206 et
809 1175 964 1205 terminus
980 1179 1068 1204 actus
1090 1173 1176 1210 talis,
1206 1179 1242 1203 ut
1261 1174 1295 1203 in
1318 1178 1444 1203 antece-

378 1221 473 1252 dente
503 1220 633 1256 dicitur;
658 1228 861 1259 consequens
893 1217 1059 1248 manifeste
1089 1223 1136 1248 est
1166 1216 1255 1257 quod
1285 1225 1444 1247 assumere

376 1263 595 1306 propriissime
619 1269 783 1303 competat
804 1272 971 1303 personae.
1251 1299 1253 1302 Ι

433 1309 495 1340 Ubi
511 1314 589 1339 nota
603 1309 671 1338 tria.
696 1308 803 1338 Primo
827 1305 927 1347 quod,
952 1306 1145 1346 exponendo
1169 1314 1333 1336 assumere
1355 1305 1447 1344 quasi

377 1353 420 1383 ad
442 1363 476 1383 se
498 1362 638 1387 sumere,
663 1351 737 1392 quia
761 1351 792 1392 ly
815 1361 849 1381 se
872 1356 919 1380 est
941 1359 1123 1390 pronomen
1146 1350 1363 1389 reciprocum,
1388 1348 1446 1378 du-

377 1397 511 1437 pliciter,
528 1406 584 1426 seu
601 1397 657 1431 bis,
683 1395 813 1426 denotat
835 1394 914 1424 illud
936 1403 995 1433 pro
1021 1403 1087 1433 quo
1111 1399 1170 1424 stat
1194 1402 1384 1424 concurrere
1407 1392 1447 1422 ad

378 1442 539 1471 actionem
562 1440 666 1470 illam:
691 1449 758 1470 uno
777 1438 888 1474 modo,
913 1447 969 1468 seu
989 1438 1097 1473 semel,
1122 1443 1157 1467 ut
1179 1437 1391 1477 principium3
1416 1441 1447 1467 et

378 1485 486 1520 semel,
511 1494 568 1514 seu
591 1484 654 1513 alio
670 1482 781 1518 modo,
806 1488 842 1513 ut
864 1482 1047 1512 terminum.
1073 1482 1112 1511 Et
1129 1487 1298 1521 propterea
1312 1481 1446 1516 Auctor,

379 1539 416 1559 ex
440 1529 502 1558 hoc
526 1527 615 1568 quod
639 1536 799 1557 assumere
824 1526 940 1557 dicitur
968 1526 1058 1565 quasi
1081 1525 1124 1555 ad
1146 1534 1180 1556 se
1203 1533 1345 1560 sumere,
1371 1524 1449 1555 dixit

379 1572 469 1612 quod
492 1573 642 1612 importat
666 1571 859 1611 principium
887 1576 918 1600 et
940 1570 1113 1600 terminum
1137 1574 1241 1600 actus:
1273 1569 1333 1598 nisi
1361 1569 1447 1599 enim

378 1617 411 1657 ly
433 1627 467 1647 se
490 1622 664 1656 utrumque
688 1615 869 1650 denotaret,
900 1625 967 1645 non
992 1619 1073 1644 esset
1096 1613 1135 1644 ad
1159 1623 1192 1643 se
1216 1622 1360 1649 sumere,
1391 1611 1447 1642 sed

380 1667 462 1691 esset
485 1670 611 1691 sumere
634 1659 673 1689 ad
697 1660 804 1689 alium.

436 1704 596 1739 Secundo,
621 1703 711 1743 quod
725 1704 759 1733 in
774 1703 876 1733 littera
890 1704 924 1734 in
941 1702 1149 1734 conclusione
1172 1700 1297 1731 additur
1317 1701 1349 1741 ly
1367 1709 1448 1740 pro—

373 1749 558 1789 priissime:
582 1748 666 1788 quia,
691 1753 726 1777 ut
749 1746 830 1777 infra
845 1748 862 1764 ⁴'
885 1748 1014 1787 patebit,
1039 1755 1107 1776 non
1122 1745 1182 1776 soli
1197 1754 1354 1785 personae
1370 1754 1448 1774 con-

380 1793 467 1823 venit
490 1801 666 1827 assumere,
698 1790 754 1821 sed
777 1791 837 1820 soli
860 1799 1016 1830 personae
1047 1789 1197 1820 convenit
1220 1788 1447 1828 propriissime.

437 1837 565 1871 Tertio,
591 1835 679 1875 quod
703 1835 754 1865 hic
778 1840 825 1864 est
847 1844 952 1865 sermo
977 1834 1015 1864 de
1038 1843 1175 1874 persona
1199 1832 1305 1862 divina
1327 1838 1363 1862 ut
1386 1833 1448 1867 sic,

382 1890 450 1911 non
474 1879 616 1910 curando
644 1885 752 1909 utrum
775 1879 814 1908 sit
838 1887 902 1908 una
925 1878 993 1908 sola
1015 1886 1153 1918 persona
1176 1876 1281 1906 divina
1303 1877 1354 1906 vel
1377 1876 1449 1916 plu-

382 1934 441 1960 res,
466 1930 573 1954 utrum
589 1924 734 1954 absoluta
756 1923 807 1952 vel
830 1923 967 1953 relativa.
991 1922 1069 1952 Eius
1084 1920 1243 1960 siquidem
1260 1925 1306 1950 est
1321 1921 1449 1960 proprie

383 1978 476 2009 agere
499 1974 535 1998 ut
559 1966 648 2008 quod
671 1967 750 2007 agit:
776 1972 807 1996 et
823 1967 891 1996 eius
908 1972 954 1997 est
976 1966 1145 1996 terminare
1168 1965 1324 1995 unionem
1340 1974 1450 2004 perso—

382 2013 489 2044 nalem
512 2017 548 2042 ut
571 2010 660 2051 quod
684 2011 823 2040 subsistit
846 2011 878 2040 in
903 2016 1037 2049 utraque
1060 2015 1182 2039 natura.

440 2057 476 2086 lI.
501 2056 536 2086 In
560 2055 769 2095 responsione
799 2054 838 2084 ad
861 2055 1002 2094 primum
1026 2053 1169 2084 eiusdem
1192 2053 1287 2092 primi
1310 2051 1448 2087 articuli,

384 2101 511 2132 adverte
535 2099 624 2139 quod
647 2104 712 2128 tam
735 2098 886 2128 mirabilis
909 2103 956 2128 est
979 2098 1057 2127 haec
1072 2097 1298 2127 incarnationis
1314 2096 1450 2126 coniun-

385 2146 450 2176 ctio
473 2149 525 2179 ut,
558 2153 633 2173 cum
655 2143 718 2172 hoc
750 2141 839 2182 quod
862 2141 999 2172 fatemur
1021 2141 1127 2171 Deum
1150 2150 1223 2170 vere
1247 2139 1450 2180 acquisivisse

385 2198 453 2220 esse
483 2188 666 2222 hominem,
699 2186 774 2225 quia
796 2195 869 2215 vere
896 2185 997 2216 factus
1021 2190 1067 2215 est
1090 2185 1207 2220 h0m0;
1239 2185 1314 2224 quia
1342 2189 1450 2214 tamen

383 2231 569 2263 huiusmodi
581 2230 784 2261 substantiale
797 2239 864 2259 esse
876 2229 1043 2269 acquisivit
1054 2229 1122 2259 sine
1134 2237 1340 2268 quacumque
1351 2228 1452 2267 ipsius

385 2277 446 2306 Dei
461 2276 648 2310 mutatione,
663 2284 699 2304 ac
714 2283 772 2314 per
787 2273 849 2303 hoc
866 2274 933 2303 sine
950 2282 1156 2313 quacumque
1179 2273 1228 2302 sui
1242 2271 1451 2312 perfectione,

383 2320 458 2351 ideo
481 2320 533 2349 hic
555 2328 629 2348 vere
653 2327 785 2358 quoque
809 2317 924 2347 dicitur
947 2316 1036 2357 quod
1058 2317 1137 2347 nihil
1161 2322 1208 2347 est
1230 2325 1288 2356 per
1308 2316 1452 2346 incama-

384 2365 507 2395 tionem
531 2362 673 2392 additum
696 2362 782 2397 Deo,
807 2366 838 2391 et
862 2360 951 2400 quod
973 2370 1041 2391 non
1063 2361 1168 2396 Deus,
1194 2359 1249 2390 sed
1271 2360 1372 2390 homo
1395 2368 1452 2399 per

383 2408 636 2439 incarnationem
663 2405 834 2445 perficitur.
870 2405 911 2435 Et
933 2404 973 2434 ad
995 2405 1059 2435 hoc
1081 2410 1207 2434 tantum
1230 2404 1360 2434 allatum
1385 2413 1452 2434 esse

386 2451 569 2491 exemplum
601 2449 641 2480 de
671 2450 792 2480 unione
822 2448 1004 2488 adoptionis
1033 2455 1161 2479 nostrae
1187 2448 1345 2488 intellige,
1378 2448 1453 2487 quia

386 2497 467 2526 sicut
489 2496 522 2524 in
546 2494 666 2524 unione
689 2493 830 2523 filiorum
854 2492 1080 2532 adoptivorum
1103 2501 1170 2522 non
1189 2492 1314 2522 additur
1332 2490 1453 2531 aliquid

386 2541 467 2575 Deo,
492 2538 548 2568 sed
571 2537 660 2578 quod
683 2537 827 2567 divinum
844 2542 890 2567 est
913 2537 1086 2576 apponitur
1101 2536 1235 2571 homini,
1259 2536 1302 2565 ita
1317 2545 1453 2575 propor-

385 2583 544 2614 tionaliter
566 2582 599 2612 in
619 2582 740 2611 unione
756 2581 906 2611 naturalis
922 2580 993 2610 Filii
1016 2580 1095 2610 nihil
1111 2581 1284 2620 apponitur
1299 2579 1380 2615 Deo,
1398 2579 1453 2610 sed

386 2629 473 2658 Deus
496 2627 638 2665 iungitur
660 2625 784 2655 homini
808 2630 844 2655 ut
866 2625 966 2654 homo
989 2624 1150 2664 perfectus
1173 2625 1228 2659 sit,
1252 2624 1316 2654 hoc
1337 2629 1393 2659 est,
1417 2629 1453 2654 ut

385 2673 486 2702 homo
510 2671 549 2700 sit
573 2670 670 2705 Deus,
695 2668 784 2709 quod
806 2667 963 2698 infinitam
986 2668 1218 2708 perfectionem
1242 2668 1376 2708 apponit
1398 2677 1453 2698 na-

386 2722 476 2746 turae
498 2716 668 2745 humanae.

443 2759 493 2789 111.
518 2759 554 2788 In
569 2757 778 2798 responsione
795 2756 835 2787 ad
850 2756 1039 2792 secundum,
1064 2755 1198 2786 dubium
1218 2756 1356 2786 occurrit
1372 2756 1454 2786 circa

386 2801 782 2833 incommunicabilitatem
805 2810 960 2841 personae
990 2806 1026 2830 ut
1053 2801 1087 2830 in
1114 2800 1216 2830 littera
1248 2799 1452 2836 describitur,

388 2847 507 2877 scilicet
529 2856 628 2886 penes
651 2846 714 2875 hoc
739 2844 828 2885 quod
852 2855 916 2875 non
927 2849 1036 2885 potest
1057 2844 1096 2874 de
1111 2844 1262 2884 pluribus
1282 2844 1454 2884 suppositis

383 2891 580 2932 praedicari.
614 2889 748 2920 Videtur
770 2888 929 2929 siquidem
952 2889 1025 2918 satis
1048 2888 1135 2918 rudis
1164 2887 1349 2918 huiusmodi
1378 2888 1453 2918 assi-

388 2935 496 2974 gnatio
520 2933 895 2964 incommunicabilitatis.
920 2932 1085 2970 Quoniam
1107 2932 1177 2962 talis
1199 2932 1453 2962 incommunica-

389 2979 490 3008 bilitas
521 2979 671 3008 convenit
701 2977 831 3007 cuilibet
860 2977 1010 3016 singulari
1034 2982 1158 3012 creato,
1189 2981 1253 3006 tam
1281 2977 1314 3005 in
1337 2985 1453 3015 genere

390 3022 560 3053 accidentis
584 3031 681 3062 quarn
703 3021 737 3051 in
760 3030 875 3061 genere
898 3021 1100 3051 substantiae.
1135 3020 1218 3050 Nam
1241 3020 1304 3050 hoc
1327 3020 1453 3056 album,

391 3073 421 3096 et
445 3066 586 3096 similiter
607 3066 686 3095 haec
709 3064 822 3094 albedo
843 3070 873 3094 et
895 3066 974 3095 haec
997 3065 1186 3099 humanitas,
1202 3073 1271 3094 non
1285 3069 1391 3103 potest
1414 3063 1453 3094 de

391 3110 534 3150 pluribus
557 3109 730 3148 suppositis
753 3107 940 3148 praedicari:
973 3109 1065 3148 quia,
1090 3113 1126 3138 ut
1148 3109 1181 3138 in
1204 3107 1453 3148 Antepraedica-

391 3154 505 3184 mentis
520 3155 536 3170 ⁴*
560 3152 689 3187 dicitur,
721 3151 850 3182 cuilibet
880 3152 1029 3191 singulari
1058 3152 1209 3182 convenit
1238 3161 1306 3182 non
1329 3151 1391 3182 dici
1415 3151 1454 3182 de

393 3199 548 3228 subiecto.

447 3241 498 3271 Ad
520 3241 584 3270 hoc
607 3239 720 3270 dicitur
744 3238 832 3278 quod
854 3239 889 3269 in
903 3239 1065 3278 theologia
1083 3249 1151 3270 non
1166 3240 1272 3279 potuit
1287 3238 1368 3270 forte
1385 3239 1454 3270 bre-

394 3286 473 3320 vius,
499 3284 611 3315 clarius
635 3289 666 3314 et
688 3282 854 3313 formalius
877 3282 1010 3312 describi
1026 3283 1368 3314 incommunicabilitas
1383 3293 1455 3323 per-

395 3338 491 3358 sonae
516 3337 612 3367 quam
637 3326 792 3366 descripta
815 3331 861 3356 est
883 3326 916 3355 in
940 3326 1050 3356 littera.
1074 3326 1158 3363 Quia
1174 3327 1259 3367 apud
1274 3327 1454 3367 theologos,

396 3373 499 3402 omnis
514 3377 625 3402 natura
638 3375 683 3401 est
699 3369 973 3400 communicabilis
990 3369 1132 3408 pluribus
1148 3371 1329 3410 suppositis,
1343 3380 1454 3411 quam-

395 3416 441 3445 vis
469 3414 688 3445 diversimode,
725 3414 809 3451 Quia
840 3418 951 3443 natura
978 3412 1082 3443 divina
1112 3415 1292 3444 communis
1323 3421 1369 3445 est
1398 3424 1455 3454 per

396 3458 591 3489 identitatem
615 3458 697 3488 Patri
721 3463 751 3488 et
774 3456 855 3487 Filio
880 3462 910 3487 et
934 3456 1063 3496 Spiritui
1087 3456 1213 3487 Sancto.
1238 3458 1278 3487 Et
1300 3459 1379 3488 haec
1399 3468 1454 3488 na-

397 3508 466 3532 tura
490 3508 591 3532 creata
622 3507 726 3541 potest
749 3510 816 3531 esse
841 3500 1021 3530 communis
1044 3509 1100 3539 per
1124 3501 1391 3540 assumptionem,
1420 3506 1456 3532 ut

397 3545 477 3576 infra
493 3547 509 3562 ⁴²
532 3546 661 3585 patebit,
685 3545 767 3575 Patri
791 3550 821 3575 et
844 3544 926 3574 Filio
950 3549 980 3574 et
1003 3543 1132 3583 Spiritui
1155 3543 1282 3574 Sancto.
1317 3545 1455 3575 Persona

1498 611 1631 641 quoque
1644 603 1836 643 ‘communis
1860 609 1909 634 est
1929 604 2074 644 pluribus
2097 606 2232 636 naturis:
2262 611 2297 636 ut
2319 611 2406 647 patet
2429 605 2468 637 de
2491 615 2563 647 per-

1498 654 1577 675 sona
1599 645 1671 676 Filii
1694 646 1754 676 Dei
1777 644 1966 678 subsistente
1989 649 2023 679 in
2043 647 2166 680 duabus
2182 651 2310 686 naturis,
2335 650 2441 681 divina
2457 656 2488 681 et
2502 651 2562 681 hu-

1497 698 1607 725 mana;
1633 696 1664 720 et
1687 690 1726 720 de
1749 700 1886 730 persona
1902 691 2039 722 Socratis
2058 694 2224 723 communi
2239 694 2392 734 pluribus,
2417 693 2563 725 acciden-

1497 733 1614 763 talibus
1635 739 1760 770 tamen,
1784 736 1920 770 naturis,
1950 741 1987 766 ut
2008 736 2043 766 in
2065 737 2167 767 littera
2190 737 2313 768 dicitur.
2348 738 2457 768 Restat
2485 746 2562 779 ergo

1497 782 1533 807 ut
1562 778 1692 817 propria
1720 778 2063 810 incommunicabilitas
2086 789 2240 820 personae
2271 782 2422 812 consistat
2443 782 2476 812 in
2499 783 2563 812 hoc

1498 821 1588 861 quod
1609 831 1677 852 non
1700 823 1801 862 possit
1823 831 1892 853 esse
1915 825 2097 854 communis
2119 824 2264 864 pluribus
2285 826 2476 867 suppositis,
2498 826 2563 859 hoc

1498 871 1544 895 est
1567 865 1627 895 sibi
1645 866 1706 905 ipsi
1727 870 1758 895 et
1780 865 1868 896 alteri
1891 867 2070 907 supposito.
2094 867 2135 898 Et
2153 868 2216 900 hoc
2232 873 2279 899 est
2302 867 2391 910 quod
2412 869 2447 900 in
2461 862 2564 901 littera

1498 909 1684 949 exprimitur
1715 919 1773 949 per
1802 919 1870 940 non
1892 919 1987 950 posse
2009 910 2183 951 praedicari
2206 911 2246 943 de
2268 913 2413 953 pluribus
2442 907 2564 954 supp&-

1497 954 1572 983 sitis.
1598 953 1691 984 Unde
1715 953 1860 984 doctrina
1883 958 1930 984 est
1952 954 2165 986 subtilissima.
2190 955 2253 987 Sed
2275 954 2415 987 obiectio
2430 963 2511 995 errat
2529 957 2563 988 in

1496 997 1560 1028 hoc
1584 997 1674 1037 quod
1696 1007 1756 1037 pro
1773 997 1890 1028 eodem
1912 999 2028 1038 accipit
2051 1008 2116 1029 non
2134 999 2324 1039 praedicari
2346 1001 2385 1031 de
2402 999 2563 1042 pluribus,

1497 1041 1536 1072 de
1561 1051 1627 1081 quo
1651 1041 1837 1072 Aristoteles
1854 1042 1996 1082 loquitur
2014 1042 2048 1072 in
2068 1043 2427 1083 Antepraedicamentie,
2443 1050 2475 1076 et
2498 1053 2564 1075 non

1490 1085 1681 1125 praedicari
1703 1085 1742 1116 de
1758 1085 1911 1126 pluribus
1932 1086 2115 1127 suppositis,
2139 1086 2178 1117 de
2195 1096 2262 1128 quo
2276 1088 2400 1119 Auctor
2414 1088 2448 1119 in
2461 1088 2566 1120 littera

1496 1129 1655 1170 loquitur:
1681 1139 1755 1160 cum
1792 1129 1871 1160 haec
1901 1128 2019 1161 distent
2044 1129 2146 1162 valde.
2181 1131 2346 1169 Quoniam
2375 1141 2444 1164 non
2469 1141 2565 1172 posse

1497 1173 1670 1214 praedicari
1701 1173 1740 1204 de
1770 1173 1879 1213 aliquo
1909 1173 1961 1204 vel
1988 1174 2148 1215 aliquibus
2177 1181 2214 1205 ut
2242 1176 2388 1216 superius
2415 1175 2456 1207 de
2485 1175 2566 1207 infe-

1496 1218 1582 1254 riori,
1607 1217 1758 1248 convenit
1781 1218 1870 1247 omni
1894 1218 2054 1258 singulari,
2078 1224 2114 1249 ut
2137 1219 2319 1250 obiiciendo
2335 1220 2418 1251 bene
2433 1219 2565 1251 dicitur:

1497 1261 1553 1292 sed
1574 1271 1643 1292 non
1666 1271 1762 1302 posse
1785 1261 1958 1301 praedicari
1981 1261 2021 1292 de
2043 1262 2190 1302 pluribus
2215 1264 2390 1304 suppositis
2418 1263 2479 1294 soli
2494 1273 2566 1304 per-

1497 1315 1595 1336 sonae
1619 1306 1779 1341 convenit,
1805 1306 1881 1346 quia
1903 1306 1964 1336 soli
1979 1315 2136 1346 personae
2151 1313 2317 1347 repugnat.
2341 1307 2425 1339 Nam
2440 1313 2472 1339 et
2486 1309 2566 1339 haec

1496 1350 1688 1385 humanitas,
1713 1356 1744 1380 et
1767 1359 1849 1389 quae
1873 1349 1918 1379 illi
1941 1350 2024 1380 inest
2046 1350 2125 1381 haec
2147 1350 2278 1387 albedo,
2302 1357 2408 1391 potest
2431 1351 2471 1382 de
2493 1352 2566 1392 plu-

1497 1394 1583 1424 ribus
1607 1394 1780 1434 suppositis
1803 1393 1992 1433 praedicari:
2023 1399 2059 1424 ut
2082 1400 2169 1434 patet
2194 1395 2221 1425 si
2244 1405 2261 1425 a
2283 1395 2429 1436 pluribus
2453 1395 2566 1427 divinis

1497 1438 1643 1478 personis
1666 1444 1888 1468 assumeretur.

1555 1482 1607 1512 1V.
1632 1482 1667 1512 In
1691 1481 1802 1512 eadem
1825 1482 2034 1522 responsione
2058 1481 2098 1512 ad
2120 1482 2315 1519 secundum,
2347 1482 2482 1514 dubium
2511 1492 2568 1514 oc-

1498 1526 1595 1556 currit
1618 1526 1701 1555 circa
1723 1525 1812 1560 illud,
1835 1524 1912 1556 Hoc
1929 1530 2036 1556 autem
2059 1531 2106 1556 est
2121 1526 2295 1567 proprium
2311 1526 2440 1558 divinae
2451 1537 2567 1568 perso-

1499 1579 1569 1604 nae,
1588 1574 1727 1609 propter
1748 1569 1817 1599 eius
1840 1569 2039 1609 infinitatem,
2065 1575 2100 1600 ut
2111 1570 2180 1611 fiat
2203 1570 2235 1600 in
2254 1579 2292 1600 ea
2316 1580 2494 1602 concursus
2510 1581 2568 1602 na-

1499 1618 1649 1644 turarum
1673 1621 1737 1643 non
1761 1612 2016 1649 accidentaliter,
2039 1613 2096 1644 sed
2117 1613 2292 1644 secundum
2313 1615 2569 1646 subsistentiam:

1499 1663 1531 1688 et
1554 1657 1593 1687 de
1617 1657 1837 1691 conclusione,
1862 1662 1894 1687 et
1916 1656 1955 1687 de
1978 1658 2101 1688 ratione
2125 1658 2204 1694 eius,
2235 1658 2310 1688 Duo
2334 1658 2493 1699 siquidem
2516 1659 2569 1690 hic

1500 1701 1666 1732 dicuntur:
1690 1701 1807 1741 primo,
1831 1700 2004 1732 affirmatur
2026 1702 2105 1732 haec
2129 1701 2311 1738 conclusio,
2335 1702 2456 1735 scilicet
2479 1702 2569 1744 quod

1499 1745 1568 1776 sola
1591 1744 1698 1775 divina
1720 1753 1858 1785 persona
1886 1750 1994 1785 potest
2016 1745 2186 1776 subsistere
2215 1746 2249 1776 in
2279 1746 2405 1778 duabus
2429 1747 2567 1784 nanum

1499 1788 1654 1825 secundo,
1671 1789 1846 1828 assignatur
1860 1789 1940 1819 ratio
1956 1789 2046 1820 istius
2061 1788 2278 1820 conclusionis
2288 1789 2428 1822 infinitas
2440 1790 2571 1823 divinae

1499 1842 1665 1873 personae.
1690 1832 1753 1863 Ubi
1776 1832 1858 1862 duae
1877 1833 2081 1872 quaestiones
2105 1832 2365 1864 determinantur.
2389 1828 2496 1866 Prima
2510 1840 2568 1872 est,

1500 1886 1540 1907 an
1564 1877 1671 1916 aliqua
1693 1885 1831 1916 persona
1854 1881 1958 1907 creata
1986 1877 2088 1916 possit
2110 1877 2279 1908 subsistere
2309 1878 2343 1908 in
2365 1876 2569 1911 duabus'nu-

1499 1922 1588 1951 turis.
1622 1921 1782 1950 Asseritur
1804 1919 1964 1959 siquidem
1987 1921 2039 1951 hic
2061 1930 2134 1960 pars
2155 1922 2318 1961 negativa,
2349 1921 2427 1952 dum
2455 1922 2571 1954 dicitur

1501 1964 1591 2005 quod
1613 1964 1781 2004 proprium
1805 1970 1851 1994 est
1874 1963 2000 1995 divinae
2023 1973 2179 2004 personae
2202 1970 2238 1995 ut
2259 1964 2315 1996 fiat
2329 1966 2363 1996 in
2380 1975 2416 1996 ea
2432 1975 2570 1998 concur·-

1501 2018 1554 2039 sus
1576 2013 1762 2039 naturarum
1781 2007 1961 2038 secundum
1983 2008 2228 2039 subsistentiam.
2240 2027 2263 2031 —
2285 2009 2434 2040 Secunda
2455 2015 2512 2047 est,
2528 2020 2570 2042 an

1500 2053 1579 2083 haec
1603 2052 1778 2092 proprietas
1807 2053 1977 2082 conveniat
2006 2052 2131 2083 divinae
2159 2062 2315 2093 personae
2344 2059 2476 2094 propter
2497 2053 2571 2089 infi—

1502 2097 1634 2126 nitatem
1667 2096 1777 2136 ipsius.
1817 2096 1975 2126 Asseritur
2008 2105 2150 2136 namque
2183 2097 2217 2127 in
2249 2097 2351 2127 littera
2384 2106 2456 2138 pars
2488 2097 2572 2129 affir-

1503 2141 1629 2170 mativa.

1551 2184 1599 2214 ·Et
1621 2184 1758 2224 primam
1785 2182 1916 2223 quidem
1939 2185 2162 2223 quaestionem
2186 2184 2317 2221 Scotus,
2341 2185 2375 2215 in
2398 2184 2439 2216 111
2462 2185 2570 2223 Sem„

1504 2227 1574 2258 dist.
1591 2238 1611 2263 1,
1636 2237 1691 2267 qu.
1708 2237 1749 2264 1v,
1775 2227 1927 2267 disputat,
1953 2233 1984 2258 et
2007 2227 2137 2258 dubiam
2159 2228 2321 2269 relinquit.
2335 2247 2367 2263 ,-
2389 2229 2572 2262 Secundam

1503 2277 1611 2302 autem
1633 2271 1753 2302 ibidem
1775 2277 1921 2307 tractans,
1941 2272 2129 2312 oppositum
2144 2278 2241 2309 tenet,
2261 2273 2428 2314 arguitque
2443 2273 2571 2309 dicens:

1507 2330 1521 2343 ‹
1541 2316 1602 2346 Ista
1623 2316 1703 2346 ratio
1727 2324 1795 2346 non
1809 2314 1935 2346 videtur
1957 2315 2160 2347 concludere.
2184 2316 2270 2355 Quia
2283 2316 2426 2348 Verbum
2439 2327 2509 2348 non
2524 2323 2573 2350 est

1502 2360 1666 2390 infinitum
1697 2359 1875 2390 secundum
1905 2360 2062 2390 rationem
2084 2360 2316 2401 personalitatis
2340 2370 2432 2397 suae,
2457 2368 2572 2392 secun-

1505 2404 1582 2435 dum
1606 2413 1704 2444 quam
1728 2402 1956 2434 substantificat
1977 2409 2124 2434 naturam
2147 2410 2353 2444 assumptam.
2384 2404 2482 2445 Igitur
2502 2411 2573 2437 non

1504 2449 1676 2488 requiritur
1697 2447 1835 2478 infinitas
1850 2448 1885 2482 in
1899 2447 1955 2478 illo
1971 2449 2140 2488 supposito
2163 2448 2254 2488 quod
2269 2448 2313 2479 sic
2329 2448 2570 2480 substantificat.

1505 2491 1707 2522 Antecedens
1731 2497 1832 2531 patet:
1863 2492 1940 2531 quia
1967 2497 2046 2522 tunc
2074 2491 2181 2531 aliqua
2210 2491 2366 2532 perfectio
2397 2492 2574 2525 formaliter

1506 2536 1629 2567 deesset
1651 2536 1735 2565 Patri
1759 2545 1842 2575 quae
1865 2541 1912 2565 est
1933 2535 1968 2566 in
1991 2535 2084 2566 Filio.
2106 2549 2119 2562 »

1558 2580 1597 2610 V.
1622 2579 1674 2610 Ad
1695 2580 1813 2609 horum
1836 2578 2038 2615 evidentiam,
2061 2579 2168 2619 primo
2192 2579 2345 2611 solvenda
2363 2586 2410 2612 est
2431 2581 2574 2613 obiectio

1505 2624 1609 2659 Scoti;
1641 2629 1672 2654 et
1695 2622 1809 2654 exinde
1832 2621 1973 2653 soliditas
1995 2623 2162 2663 utriusque
2186 2623 2262 2654 dicti
2291 2625 2324 2654 in
2350 2624 2453 2656 littera
2477 2631 2575 2656 mon·

1504 2667 1638 2698 stranda.
1667 2667 1719 2698 Ad
1742 2667 1958 2697 obiectionem
1982 2676 2057 2707 ergo
2081 2667 2183 2703 Scoti,
2207 2667 2391 2708 negandum
2414 2674 2462 2700 est
2483 2674 2574 2700 anne-

1505 2711 1631 2743 cedens.
1647 2729 1670 2734 -
1692 2711 1847 2748 Quamvis
1862 2711 1964 2750 possit
1986 2710 2147 2751 distingui,
2163 2711 2300 2742 dicendo
2325 2712 2414 2752 quod
2429 2713 2572 2745 Verbum

1505 2766 1572 2786 esse
1595 2754 1757 2785 infinitum
1780 2754 1958 2784 secundum
1976 2755 2132 2785 rationem
2155 2754 2387 2795 personalitatis
2403 2766 2489 2794 suae,
2510 2766 2573 2798 po*—

1504 2806 1565 2830 test
1588 2799 1756 2839 dupliciter
1777 2799 1926 2838 intelligi:
1956 2799 2075 2830 scilicet
2097 2799 2290 2837 radicaliter,
2313 2801 2365 2832 vel
2387 2800 2571 2833 formaliter.

1505 2844 1546 2874 Et
1569 2842 1659 2883 quod
1680 2843 1824 2886 Verbum
1842 2848 1889 2873 est
1904 2841 2066 2873 infin'tum
2082 2853 2158 2874 secu
2182 2843 2203 2874 d
2273 2842 2436 2877 'rationem
2448 2843 2573 2878 deitatis

1505 2887 1690 2923 radicaliter,
1714 2887 1790 2927 quia
1813 2896 1851 2917 ex
1871 2886 1986 2917 deitate
2010 2853 2189 2962 quidquid}

1506 2922 1628 2962 haHe‘tT
1649 2930 1704 2961 sed
1727 2940 1802 2961 secu
1828 2930 1905 2960 dum
1929 2940 1965 2961 su
2042 2941 2178 2971 persona

1505 2963 1677 3021 iffflfiiturn,
1703 2975 1857 3014 quoniam
1879 2975 2086 3014 personalitas
2101 2975 2187 3006 divin
2221 2985 2289 3007 non
2305 2976 2352 3007 est

1505 3019 1733 3062 personaegnisi
1744 3010 1903 3081 infinitae*
1909 3019 1950 3049 Et
1962 3013 2236 3059 queiiffidmmium
2247 3019 2452 3061 personalitas
2466 3013 2570 3058 Verbi,

1506 3063 1625 3094 scilicet
1648 3062 1757 3093 filiatio
1782 3062 1902 3099 divina,
1935 3069 1981 3093 est
2010 3063 2184 3094 formaliter
2206 3063 2394 3100 subsistens,
2425 3063 2570 3104 alioquin

1506 3117 1574 3138 non
1597 3112 1678 3138 esset
1702 3107 1904 3137 constitutiva
1927 3117 2099 3147 personae,
2127 3117 2210 3148 quae
2231 3103 2405 3139 formaliter
2427 3113 2474 3138 est
2495 3106 2571 3138 sub-

2193 2932 2247 2962 't
2329 2941 2431 2963 eo
2511 2926 2573 2964 ite?

1507 3152 1629 3187 sistens,
1652 3152 1695 3181 ita
1719 3156 1766 3181 est
1790 3150 1962 3182 formaliter
1984 3150 2107 3182 infinita
2147 3151 2223 3192 quia
2237 3151 2437 3182 subsistentia
2451 3149 2572 3182 forma-

1507 3195 1577 3226 liter
1599 3195 1722 3226 inclusa
1743 3195 1777 3225 in
1800 3195 2023 3235 personalitate
2038 3195 2135 3226 Verbi
2153 3203 2214 3227 nec
2236 3200 2283 3226 est
2301 3193 2400 3240 ψη,
2415 3204 2477 3226 nec
2499 3196 2570 3226 abs-

1507 3240 1633 3270 trahens
1656 3249 1675 3269 a
1696 3238 1788 3270 finito
1804 3244 1836 3270 et
1850 3238 1977 3270 infinito
1999 3239 2082 3270 sicut
2100 3239 2210 3270 relatio
2231 3239 2424 3279 inquantum
2439 3238 2568 3276 relatio;

1508 3284 1583 3324 quia
1598 3283 1799 3314 subsistentia
1821 3282 2052 3324 perfectionem
2065 3288 2159 3314 sonat
2173 3282 2367 3322 simpliciter,
2382 3287 2420 3313 ut
2434 3287 2530 3323 patet.
2545 3301 2569 3306 -

1507 3327 1576 3358 Nec
1598 3333 1767 3368 propterea
1789 3327 1946 3367 sequitur,
1970 3332 2006 3357 ut
2028 3326 2144 3358 Scotus
2166 3326 2268 3366 arguit
2288 3325 2456 3367 probando
2479 3332 2569 3357 ante-

1509 3371 1634 3407 cedens,
1659 3371 1748 3412 quod
1770 3371 1876 3411 aliqua
1891 3368 2044 3411 perfectio
2061 3368 2234 3400 formaliter
2248 3368 2371 3400 deesset
2386 3369 2469 3401 Patri
2485 3380 2568 3411 quae

1509 3421 1555 3445 est
1577 3415 1610 3445 in
1630 3415 1720 3446 Filio.
1745 3415 1909 3452 Quoniam
1931 3413 2064 3444 eandem
2087 3413 2316 3453 perfectionem
2340 3423 2437 3454 quam
2459 3423 2568 3455 perso-

1508 3459 1619 3489 nalitas
1641 3459 1738 3489 Verbi
1761 3458 1934 3489 formaliter
1955 3457 2031 3488 dicit
2052 3458 2086 3489 in
2109 3456 2209 3493 Filio,
2240 3458 2446 3497 personalitas
2469 3458 2570 3489 Patris

1509 3501 1585 3532 dicit
1607 3502 1639 3532 in
1663 3502 1769 3532 Patre:
1794 3507 1830 3533 ut
1852 3506 1938 3542 patet
1961 3500 2000 3531 de
2024 3500 2219 3541 perfectione
2241 3501 2470 3533 subsistentiae.

1563 3545 1625 3575 Sed
1649 3546 1804 3586 contingit
1829 3546 1881 3576 hic
1908 3554 2024 3581 errare,
2049 3545 2075 3575 si
2104 3545 2341 3585 personalitates
2371 3545 2491 3577 divinas
2522 3546 2568 3577 sic

2183 2897 2216 2918 es
2245 2889 2279 2919 in
2294 2889 2366 2919 Deo
2381 2887 2571 2930 infinitatem
2615 2882 2619 2895 ‘

2190 2941 2201 2962 1

2431 2976 2572 3008 stitutiva
2587 2999 2589 3003 .
