2872 3970
171 508 182 518 ⁴
196 507 224 529 D.
243 513 293 535 ¹9⁰·

274 667 281 682 ῑ

169 692 179 702 ·
187 691 333 719 Qua-xxxix,
340 694 383 714 art.

168 723 189 739 2.

163 1887 311 1909 ‘comment
319 1893 377 1909 nan.

162 3527 173 3536 ⁸
188 3526 223 3548 Cf.
242 3529 290 3547 not.
306 3534 321 3548 ι.

414 270 484 306 158
1137 269 1400 316 QUAESTIO
1430 269 1500 314 XI,
1529 269 1822 307 ARTICULUS
1849 270 1863 306 I

464 349 522 384 AD
542 360 731 385 SECUNDUM
751 360 932 385 DICENDUM
961 347 1067 396 quod
1088 346 1217 384 anima
1245 348 1418 384 humana
1437 346 1476 383 in
1501 346 1506 398 l
1582 348 1640 384 Ao
1655 359 1814 385 TERTIUM
1830 360 2010 385 DICENDUM
2031 349 2138 397 quod
2158 347 2322 396 cognitio
2343 349 2592 398 singularium

412 409 511 437 statu
535 401 651 438 huius
680 400 790 447 vitae,
812 401 970 449 quando
992 398 1004 421 θ
1032 400 1329 449 quodammodo
1353 408 1408 436 est
1427 400 1476 436 ad
1516 412 1611 437 -non
1629 399 1791 449 pertinet
1810 400 1859 437 ad
1878 400 2151 449 perfectionem
2170 401 2322 438 animae
2345 402 2591 440 intellectivae

411 465 553 503 corpus
582 454 763 502 obligata,
793 461 835 490 ut
863 454 943 490 sine
972 454 1238 503 phantasmate
1272 452 1476 500 intelligere
1530 454 1747 490 secundum
1766 453 2023 501 cognitionem
2044 453 2336 503 speculativam:
2357 455 2519 504 pertinet
2538 463 2592 494 ta-

411 519 491 543 non
526 507 646 556 possit
664 507 702 554 ²¹²,
731 519 812 544 non
844 514 969 556 potest
1006 506 1211 555 intelligere
1236 505 1477 553 ,substantias
1530 515 1622 558 rnen
1655 506 1705 556 ad
1727 506 2010 558 {Pffssssioflem
2042 507 2124 544 eius
2157 508 2373 544 secundum
2411 508 2592 557 cognitio*

411 568 614 609 separatas
654 560 730 597 Sed
758 567 845 609 post
880 566 1021 596 statum
1059 558 1175 596 huius
1202 557 1318 606 vitae,
1348 557 1478 595 anima
1530 570 1622 596 nem
1650 556 1868 608 practicam,
1895 570 1994 609 quae
2023 572 2104 598 non
2131 559 2328 610 perficitur
2353 561 2500 610 absque
2519 557 2592 599 'co-

411 621 585 662 separata
612 613 751 662 poterit
778 612 990 662 aliqualiter
1023 611 1252 649 substantias
1285 619 1477 661 separatas
1529 611 1697 663 gnitione
1726 611 1988 660 singularium,
2017 612 2057 650 in
2084 613 2226 663 quibus
2253 622 2310 651 est
2337 614 2521 663 operatio,
2551 622 2594 652 ut

410 678 481 715 per
515 666 682 716 seipsam
702 672 709 687 ‘
738 678 987 714 cognoscere,
1018 673 1059 702 ut
1094 665 1133 702 in
1169 664 1299 702 Prima
1326 665 1437 702 Parte
1457 664 1477 685 ’¹‘
1529 663 1668 702 dicitur
1686 664 1726 702 in
1745 665 1795 702 VI
1813 667 1930 702 Ethic.
1951 665 1971 688 ²¹⁸
1997 666 2110 704 Unde
2130 667 2179 704 ad
2198 666 2446 717 prudentiam
2467 667 2592 717 requi-

411 719 558 756 dictum
596 727 662 756 est.
702 720 750 756 Et
783 720 859 756 hoc
893 718 1100 768 praecipue
1136 718 1384 755 manifestum
1421 725 1477 754 est
1530 717 1624 754 ritur
1660 719 1842 756 memoria
1873 721 2183 768 praeteritorum,
2221 722 2384 771 cognitio
2415 733 2592 770 praesen-

410 772 509 810 circa
547 772 695 809 animas
732 772 947 808 beatorum.
988 771 1162 808 Christus
1200 779 1350 818 autem,
1389 778 1476 807 ante
1528 772 1631 817 tium,
1661 778 1697 807 et
1723 771 1954 820 providentia
1971 773 2216 820 futurorum:
2243 782 2285 811 ut
2312 773 2464 811 Tullius
2492 773 2591 819 dicit,

409 825 651 874 passionem,
690 837 770 861 non
808 826 935 862 solum
972 824 1041 861 fuit
1077 824 1217 871 viator,
1256 824 1323 861 sed
1362 823 1477 861 etiam
1529 823 1569 861 in
1598 836 1668 861 sua
1694 825 1896 862 Rhetorica
1918 824 1950 861 ²⁸.
1987 825 2091 872 Quia
2118 825 2231 874 igitur
2258 826 2432 864 Christus
2459 827 2594 866 habuit

410 879 726 927 comprehensor.
756 878 868 915 Unde
898 877 1027 915 anima
1056 877 1138 914 eius
1166 885 1315 926 poterat
1333 889 1475 925 cogno-
1529 876 1807 926 plenitudinem
1828 877 2066 926 prudentiae,
2087 879 2474 918 secundum-donum
2501 888 2592 919 con-

410 943 515 968 scere
544 930 773 968 substantias
793 938 995 980 separatas,
1016 942 1086 980 per
1114 930 1279 967 modum
1308 942 1387 979 quo
1412 942 1475 966 co-
1529 929 1617 973 silii,
1647 941 1891 979 consequens
1919 938 1975 968 est
2002 931 2110 980 quod
2145 932 2325 980 cognovit
2358 932 2490 971 omnia
2518 931 2593 971 sin-

408 983 556 1032 gnoscit
584 983 714 1020 anima
743 992 926 1033 separata.
1529 982 1675 1031 gularia
1702 983 1914 1032 praeterita,
1943 983 2158 1033 praesentia
2185 993 2222 1022 et
2248 985 2376 1023 futura
2393 985 2424 1023 ³¹⁸.

459 1115 582 1178 0)Pvitae,
602 1117 717 1149 quando.
730 1132 749 1136 -
764 1117 835 1142 vitae
853 1116 915 1149 quia
928 1116 958 1147 F,
972 1117 1030 1142 viae
1044 1123 1097 1149 qua
1113 1116 1197 1147 GHlb,
1212 1116 1283 1140 vitae
1302 1122 1354 1148 qua
1368 1122 1389 1145 c,
1405 1115 1475 1140 vitae
1500 1113 1503 1140 Ι
1584 1114 1603 1150 ι)
1622 1116 1745 1148 seipsam.
1762 1129 1782 1135 —-
1799 1115 1901 1148 εείμεαε
1919 1117 2000 1143 tertia.

405 1160 458 1185 quo
505 1172 511 1178 .

1081 1257 1420 1290 commentar-ia
1442 1255 1696 1289 Gar-clinans
1717 1256 1920 1289 Caietani

523 1399 558 1428 In
590 1408 726 1439 corpore
751 1404 797 1428 est
820 1409 884 1429 una
915 1399 1098 1429 conclusio:
1127 1399 1244 1429 Anima
1271 1397 1391 1428 Christi
1412 1406 1476 1437 per
1527 1407 1584 1437 per
1599 1399 1744 1438 proprias
1763 1400 1885 1439 species
1908 1400 2131 1440 intelligibiles,
2148 1406 2179 1430 et
2194 1410 2261 1431 non
2276 1411 2334 1442 per
2349 1404 2471 1443 species
2486 1413 2594 1436 rerum

403 1443 570 1473 scientiam
602 1443 736 1473 inditam
761 1443 852 1473 novit
874 1443 1000 1478 omnia,
1032 1448 1164 1483 excepta
1191 1442 1302 1473 diuina
1326 1441 1473 1472 essentia.
1526 1443 1735 1479 sensibilium,
1752 1449 1788 1473 ut
1810 1443 1911 1474 modo
1935 1444 1980 1481 fit,
2003 1445 2236 1485 intelligentur:
2261 1446 2344 1477 sicut
2366 1447 2457 1478 color
2479 1448 2594 1480 dicitur

404 1488 569 1517 Probatur.
595 1487 801 1517 Conveniens
826 1487 884 1517 fuit
908 1493 943 1517 ut
966 1487 1071 1517 anima
1093 1487 1209 1517 Christi
1234 1492 1316 1517 esset
1338 1486 1473 1516 omnino
1526 1486 1625 1517 videri
1644 1496 1701 1527 per
1721 1488 1863 1527 seipsum
1886 1488 2017 1528 quando
2039 1498 2097 1529 per
2115 1490 2279 1529 propriam
2302 1491 2443 1530 speciem
2458 1492 2592 1524 videtur.

404 1532 557 1572 perfecta,
583 1532 625 1561 ita
648 1537 683 1561 ut
707 1532 774 1561 eius
799 1532 904 1562 omnis
927 1531 1141 1571 potentialitas
1164 1530 1260 1561 fuerit
1282 1530 1412 1561 reducta
1435 1529 1474 1560 ad
1526 1530 1616 1561 Patet
1642 1537 1751 1562 autem
1778 1533 1865 1563 hunc
1897 1543 1964 1563 esse
1994 1542 2125 1564 sensum
2154 1533 2325 1571 intentum,
2350 1545 2388 1566 ex
2413 1537 2477 1568 hoc
2504 1538 2594 1578 quod

404 1581 522 1606 actum.
547 1575 609 1606 Sed
633 1576 665 1605 in
685 1575 737 1605 illa
759 1580 806 1605 est
828 1577 972 1616 potentia
988 1575 1138 1606 naturalis
1154 1575 1193 1606 ad
1210 1574 1474 1615 cognoscendum
1527 1574 1566 1605 ad
1589 1574 1728 1606 Primam
1751 1575 1878 1607 Partem
1901 1587 1934 1607 se
1957 1577 2098 1614 remittit,
2115 1577 2180 1614 ubi,
2197 1578 2231 1608 in
2254 1584 2309 1608 art.
2328 1589 2345 1609 2
2363 1580 2379 1596 ⁴*
2399 1589 2454 1620 qu.
2469 1576 2593 1619 Lxxiix,

403 1630 461 1661 per
484 1621 640 1650 humanas
667 1620 813 1650 scientias
840 1626 932 1656 nota;
966 1626 996 1650 et
1027 1620 1171 1660 potentia
1202 1619 1403 1650 obedientiae
1435 1618 1474 1648 ad
1527 1617 1774 1650 determinatum
1797 1626 1844 1651 est
1866 1622 2007 1652 animam
2029 1627 2205 1661 separatam
2232 1631 2427 1662 cognoscere
2449 1625 2594 1659 subsann-

404 1665 571 1695 sciendum
595 1665 704 1694 omnia
729 1673 810 1704 quae
834 1665 1014 1695 revelantur
1037 1674 1054 1694 a
1073 1665 1144 1695 Deo
1167 1665 1363 1694 hominibus.
1387 1663 1473 1704 Ergo
1526 1663 1584 1693 tias
1608 1670 1765 1704 separatas
1788 1674 1846 1705 per
1869 1667 1991 1705 species
2015 1665 2165 1697 divinitus
2189 1664 2248 1697 sibi
2270 1666 2416 1700 influxas.

408 1364 573 1427 TirULus
602 1355 726 1385 articuli
749 1355 851 1384 clarus
875 1360 936 1385 est:
962 1355 1147 1395 intelligitur
1168 1354 1289 1394 quippe
1311 1359 1348 1384 ut
1370 1358 1473 1383 sonat.
1499 1351 1502 1422 ῒ
1527 1354 1634 1384 anima
1657 1360 1808 1394 separata.
1834 1355 1897 1385 Sed
1915 1361 1962 1386 est
1985 1365 2096 1386 sensus
2120 1355 2210 1396 quod
2226 1366 2290 1397 per
2310 1358 2441 1399 seipsas,
2457 1359 2521 1391 hoc
2537 1366 2593 1397 est,

403 1715 539 1749 utraque
552 1709 619 1740 eius
631 1709 775 1749 potentia
791 1714 837 1739 est
851 1709 982 1740 reducta
997 1709 1037 1739 ad
1049 1714 1166 1740 actum.
1184 1709 1224 1739 Et
1240 1714 1475 1749 consequenter
1582 1708 1667 1739 Nota
1687 1709 1830 1740 secundo
1855 1710 1956 1750 quod,
1972 1720 2049 1741 cum
2064 1710 2103 1741 de
2119 1711 2225 1742 anima
2241 1710 2359 1742 Christi
2374 1712 2490 1744 dicitur
2505 1711 2595 1755 quod

404 1754 514 1784 omnia
531 1754 622 1784 novit
644 1763 701 1793 per
717 1754 881 1784 scientiam
897 1754 1040 1790 inclitam,
1058 1759 1190 1793 excepta
1205 1754 1340 1784 essentia
1356 1753 1473 1783 divina.
1527 1753 1681 1793 cognovit
1702 1754 1892 1785 substantias
1914 1761 2072 1795 separatas
2098 1765 2155 1795 per
2177 1755 2314 1787 modum
2337 1766 2404 1797 quo
2429 1760 2597 1799 cognoscit

404 1798 466 1828 Hic
491 1804 537 1828 est
560 1807 729 1838 processus
752 1798 884 1828 litterae.
1526 1796 1596 1827 illas
1618 1798 1725 1828 anima
1748 1804 1900 1838 separata,
1925 1801 2177 1830 communicatio
2201 1801 2280 1832 haec
2302 1802 2337 1832 in
2351 1802 2453 1833 modo
2472 1813 2595 1845 cogno·

460 1842 496 1872 11.
522 1842 557 1872 In
581 1852 665 1882 quo,
690 1842 812 1882 primo,
836 1842 1046 1873 recolendum
1070 1848 1117 1872 est
1140 1852 1177 1872 ex
1202 1852 1297 1882 supra
1321 1842 1412 1872 dictis
1440 1842 1473 1871 in
1527 1840 1635 1871 scendi
1659 1842 1845 1882 intelligitur
1867 1843 1973 1874 solum
1998 1844 2107 1884 quoad
2122 1845 2418 1882 substantialitatem
2433 1846 2523 1879 modi
2539 1858 2595 1880 co—
2615 1849 2619 1851 ’

404 1892 459 1916 art.
479 1886 495 1917 3
510 1887 527 1903 ἣ
544 1896 597 1926 qu.
615 1896 656 1922 1x,
674 1886 763 1926 quod
779 1896 846 1916 non
862 1887 998 1917 intendit
1013 1887 1115 1916 littera
1131 1886 1235 1917 dicere
1259 1886 1349 1926 quod
1368 1886 1474 1916 omnis
1526 1886 1719 1924 gnoscendi‚
1752 1892 1783 1917 et
1810 1897 1878 1917 non
1906 1888 2014 1928 quoad
2036 1888 2278 1930 perfectionem.
2314 1890 2387 1921 Hoc
2411 1897 2474 1929 est,
2505 1893 2595 1933 quod

403 1931 548 1970 potentia
569 1930 769 1961 obedientiae
788 1932 821 1961 in
838 1931 955 1961 Christi
971 1931 1076 1961 anima
1092 1931 1132 1961 sit
1146 1931 1277 1961 reducta
1293 1930 1332 1961 ad
1348 1936 1472 1961 actum:
1527 1930 1632 1960 anima
1663 1930 1780 1961 Christi
1810 1933 2029 1963 communicat
2059 1943 2134 1964 cum
2164 1934 2271 1965 anima
2299 1941 2442 1975 separata
2470 1937 2504 1968 in
2529 1938 2594 1969 hoc

403 1985 479 2005 cum
502 1976 646 2015 potentia
669 1975 870 2006 obedientiae
894 1976 927 2005 in
951 1976 1092 2015 qualibet
1111 1981 1252 2006 creatura
1274 1975 1474 2015 inexplebilis
1527 1974 1617 2014 quod
1639 1980 1776 2015 utraque
1805 1978 1972 2016 cognoscit
1994 1978 2183 2008 substantias
2206 1985 2363 2019 separatas
2391 1989 2450 2021 per
2471 1983 2595 2022 speeies

403 2020 458 2055 sit;
484 2021 559 2059 quia
582 2019 761 2050 secundum
785 2019 931 2050 ordinem
952 2019 991 2050 ad
1007 2020 1040 2050 id
1056 2020 1146 2060 quod
1160 2025 1267 2060 potest
1281 2020 1315 2050 in
1332 2025 1474 2050 creatura
1526 2018 1661 2049 influxas
1685 2029 1702 2049 a
1725 2020 1814 2051 Deo:
1839 2020 1895 2052 sed
1918 2022 2024 2052 anima
2048 2022 2176 2059 Christi,
2197 2023 2251 2054 tali
2266 2024 2366 2055 modo
2383 2034 2593 2065 cognoscem,

403 2063 507 2094 facere
529 2064 626 2100 Deus,
651 2063 832 2094 attenditur.
857 2064 919 2095 Sed
942 2064 1079 2095 intendit
1102 2063 1192 2104 quod
1208 2065 1313 2094 omnis
1329 2064 1474 2104 potentia
1525 2062 1666 2103 perfecte
1690 2070 1721 2094 et
1743 2064 1889 2096 distincte
1912 2067 2079 2106 cognoscit
2101 2067 2290 2098 substantias
2310 2075 2479 2109 separatas,
2502 2076 2538 2102 ut
2559 2073 2594 2104 in

403 2107 604 2138 obedientiae
628 2107 667 2138 ad
683 2113 790 2138 actum
813 2114 945 2138 naturae
969 2109 1094 2139 animae
1110 2109 1403 2148 proportionatum,
1428 2113 1475 2138 est
1527 2113 1641 2147 quarto
1661 2108 1795 2139 articulo
1811 2108 1892 2140 infra
1908 2116 2011 2150 patet3
2036 2111 2142 2142 anima
2156 2122 2233 2142 vero
2250 2118 2392 2152 separata
2407 2114 2594 2155 imperfecte

402 2152 533 2183 reducta
557 2152 596 2182 ad
620 2157 737 2182 actum.
774 2152 909 2183 Constat
939 2158 1046 2183 autern
1077 2153 1167 2193 quod
1191 2161 1387 2193 cognoscere
1416 2161 1474 2192 per
1525 2152 1616 2182 novit
1639 2153 1828 2183 substantias
1851 2159 2018 2194 separatas,
2043 2161 2079 2185 ut
2101 2156 2134 2186 in
2157 2155 2263 2186 Prima
2285 2156 2377 2188 Parte
2392 2158 2409 2175 ⁴*
2431 2164 2528 2199 patet.
2551 2159 2594 2192 Et

403 2197 612 2227 revelationes
637 2203 683 2227 est
706 2202 794 2227 actus
817 2202 948 2227 naturae
972 2198 1114 2234 animae,
1146 2197 1179 2227 in
1203 2202 1286 2227 statu
1315 2203 1381 2227 tam
1403 2197 1473 2227 viae
1526 2201 1695 2236 propterea
1710 2198 1744 2227 in
1759 2197 1862 2228 littera
1876 2199 1936 2229 hac
1952 2198 2068 2230 dicitur
2083 2199 2173 2240 quod
2189 2201 2295 2231 anima
2310 2207 2452 2242 separata
2467 2204 2594 2246 aliqua-

404 2251 502 2281 quam
526 2242 644 2281 patriae
668 2242 808 2277 locatae,
834 2242 1113 2281 proportionatus,
1137 2242 1239 2271 immo
1264 2241 1405 2272 debitus:
1438 2246 1474 2271 ut
1526 2241 1601 2271 liter
1621 2242 1713 2272 novit
1735 2242 1924 2273 substantias
1948 2250 2120 2284 separatas:
2153 2250 2185 2275 et
2210 2255 2278 2276 non
2305 2245 2420 2277 dicitur
2448 2248 2575 2282 absolut

402 2291 490 2326 patet
513 2285 552 2316 de
575 2286 822 2316 revelationibus
844 2286 1027 2316 necessariis
1052 2292 1083 2316 et
1106 2286 1195 2316 factis
1218 2286 1380 2316 Ecclesiae
1407 2291 1473 2316 tam
1527 2285 1616 2325 quod
1638 2287 1730 2316 novit
1752 2287 1831 2318 illas.
1893 2319 1896 2322 Α
2571 2298 2573 2300 ·

402 2330 610 2370 triumphanti
635 2339 732 2369 quam
755 2330 912 2360 militanti.
945 2331 986 2360 Et
1008 2331 1034 2360 si
1058 2331 1130 2371 quis
1154 2330 1272 2361 diceret
1294 2331 1473 2371 potentiam
1570 2329 1622 2361 IV.
1647 2330 1683 2360 In
1706 2333 1916 2371 responsione
1940 2333 1979 2363 ad
1995 2334 2134 2370 tertium,
2151 2334 2234 2364 circa
2249 2335 2469 2375 cognitionem
2484 2338 2593 2378 singu-

403 2375 485 2404 hanc
509 2384 576 2404 esse
598 2374 729 2414 quidem
753 2380 899 2414 respectu
919 2375 1043 2405 animae
1062 2375 1221 2405 humanae
1245 2375 1390 2405 absolute
1413 2384 1473 2415 po-
1525 2374 1640 2404 larium
1671 2376 1835 2411 omnium,
1867 2377 1979 2418 triplex
2007 2377 2142 2409 dubium
2173 2379 2320 2410 occurrit.
2354 2379 2498 2411 Primum
2514 2382 2531 2399 ⁴*
2550 2391 2593 2414 ,ex

402 2420 534 2448 tentiam
551 2418 765 2455 obedientiae;
782 2425 929 2459 respectu
941 2428 1017 2449 vero
1035 2419 1178 2449 eiusdem
1193 2420 1227 2449 in
1239 2425 1378 2459 utroque
1390 2425 1473 2450 statu
1525 2418 1635 2455 Scot0‚
1660 2420 1693 2450 in
1717 2420 1758 2450 III
1774 2420 1878 2457 Sem„
1903 2421 1973 2452 dist.
1990 2432 2058 2457 xxv,
2083 2431 2138 2463 qu.
2154 2431 2205 2453 m:
2229 2423 2285 2453 ubi
2308 2422 2403 2454 infert
2427 2424 2533 2465 quod,
2565 2427 2592 2458 si

403 2472 470 2493 esse
486 2463 673 2499 naturalem,
686 2468 799 2503 utpote
811 2464 945 2493 naturali
957 2464 1207 2500 concomitantia
1219 2469 1472 2504 consequentem
1524 2464 1557 2493 in
1582 2463 1710 2494 Christo
1741 2465 1873 2504 ponitur
1902 2466 2044 2506 cognitio
2075 2467 2260 2497 abstractiva
2283 2468 2430 2498 omnium
2453 2469 2592 2510 singula—

402 2513 536 2537 statum:
562 2517 629 2538 non
653 2508 817 2538 aberraret.
854 2507 964 2543 Unde,
989 2517 1064 2538 cum
1089 2507 1233 2538 Christus
1261 2507 1356 2538 fuerit
1378 2518 1472 2539 verus
1523 2509 1618 2544 rium,
1643 2509 1888 2540 concedendum
1911 2516 1958 2540 est
1980 2511 2150 2541 cuiuslibet
2164 2511 2329 2551 singularis
2345 2521 2413 2543 esse
2427 2514 2592 2554 propriam

402 2553 504 2582 viator
535 2557 565 2582 et
596 2552 848 2591 comprehensor
874 2552 985 2587 simul,
1019 2552 1140 2591 optime
1172 2552 1211 2582 de
1241 2553 1340 2592 ipsius
1367 2553 1473 2583 anima
1524 2553 1666 2593 speciem
1689 2554 1722 2583 in
1745 2554 1909 2584 intellectu
1933 2554 2066 2591 Christi;
2097 2561 2129 2585 et
2159 2562 2394 2595 consequenter
2423 2557 2490 2588 duo
2513 2559 2592 2596 alim

402 2595 535 2626 infertur
559 2595 648 2635 quod
671 2601 806 2636 utraque
830 2596 914 2626 illius
930 2597 1074 2636 potentia
1089 2595 1220 2627 reducta
1236 2602 1282 2626 est
1298 2596 1337 2627 ad
1353 2603 1470 2628 actum.
1524 2598 1587 2627 hoc
1612 2603 1668 2633 est,
1693 2603 1724 2628 et
1739 2598 1847 2637 plures
1863 2599 1985 2639 species
2001 2599 2150 2630 eiusdem*
2161 2601 2280 2640 speciei
2295 2601 2392 2631 simul
2407 2602 2441 2632 in
2457 2602 2591 2642 eodem;

457 2639 595 2670 Adverte
619 2639 772 2676 secundo,
798 2640 887 2680 quod
910 2640 983 2670 ideo
1004 2641 1157 2670 essentiae
1181 2641 1305 2671 divinae
1329 2642 1471 2681 cognitio
1525 2647 1556 2672 et
1579 2641 1717 2672 infinitas
1741 2643 1862 2682 species
1885 2642 2085 2674 infinitorum
2104 2644 2312 2684 singularium
2335 2646 2547 2685 possibilium.

403 2689 534 2724 excepta
550 2690 606 2720 est,
624 2685 699 2724 quia
715 2694 782 2714 non
807 2685 1012 2724 cognoscitur
1034 2685 1217 2715 naturaliter
1231 2695 1292 2716 nec
1307 2695 1365 2726 per
1384 2696 1472 2716 reve-
1579 2686 1761 2717 Secundum
1784 2686 1914 2717 dubium
1930 2688 1947 2704 ὃ*
1970 2693 2017 2717 est
2040 2688 2135 2730 etiarn
2160 2698 2196 2718 ex
2221 2688 2330 2725 Scot0‚
2355 2689 2492 2727 ibidem,
2515 2701 2592 2732 pro-

402 2729 565 2759 lationem.
590 2729 631 2759 Et
646 2729 786 2768 intellige
802 2729 1003 2759 revelationis
1019 2730 1152 2760 nomine
1169 2739 1409 2770 quemcumque
1425 2731 1473 2761 in-
1525 2731 1619 2760 bante
1647 2730 1736 2770 quod
1761 2731 1795 2761 in
1819 2730 1946 2762 Christo
1977 2741 2045 2762 non
2076 2731 2136 2762 fuit
2167 2733 2309 2773 cognitio
2340 2734 2504 2772 intuitiva‚
2534 2743 2593 2776 per

402 2773 526 2803 fluxum
549 2774 667 2813 speciei
691 2774 924 2813 cuiuscumque
944 2773 1165 2813 intelligibilis:
1191 2780 1223 2804 et
1241 2784 1298 2814 per
1314 2775 1472 2814 cognitio-
1525 2775 1645 2814 species
1669 2774 1798 2810 infusas,
1823 2776 1969 2806 omnium
1986 2777 2194 2816 singularium
2218 2787 2300 2818 quae
2316 2783 2400 2814 sunt,
2417 2778 2546 2811 fuerunt
2560 2784 2592 2811 et

402 2827 478 2848 nem
502 2817 626 2847 divinae
651 2818 813 2854 essentiae,
830 2827 898 2847 non
915 2820 1154 2858 quamcumque
1171 2819 1400 2858 cognitionem,
1417 2819 1472 2850 sed
1525 2825 1627 2849 erunt.
1652 2819 1740 2850 Tum
1763 2820 1838 2859 quia
1862 2821 1983 2860 species
2006 2821 2111 2852 infusa
2133 2828 2348 2862 repraesentat
2370 2823 2533 2855 obiectum
2555 2829 2592 2855 ut

402 2862 559 2892 visionem
583 2862 678 2892 illius.
702 2862 801 2892 Novit
824 2861 982 2902 siquidem
1006 2862 1112 2892 anima
1136 2862 1267 2899 Christi,
1291 2873 1348 2903 per
1371 2864 1472 2894 scien·
1525 2864 1674 2894 abstrahit
1697 2864 1736 2894 ab
1760 2864 1875 2894 actuali
1899 2865 2078 2896 existentia:
2104 2866 2179 2906 quia
2203 2866 2320 2897 eodem
2341 2866 2442 2898 modo
2465 2876 2591 2909 reprae-

402 2907 479 2936 tiam
502 2906 652 2942 inditam,
686 2906 825 2936 divinam
849 2912 994 2936 naturam
1025 2906 1128 2936 multo
1152 2907 1252 2947 magis
1280 2917 1377 2947 quam
1401 2909 1472 2948 qui·
1524 2913 1626 2937 sentat
1649 2908 1812 2938 obiectum
1835 2908 1901 2938 sive
1925 2909 2035 2940 existat
2058 2910 2123 2941 sive
2138 2920 2206 2941 non
2222 2911 2342 2942 existat.
2365 2912 2414 2943 Ac
2435 2921 2494 2952 per
2515 2912 2589 2951 hoc,

403 2959 544 2990 cumque
567 2951 796 2990 philosophus;
821 2951 922 2981 immo
947 2960 1044 2990 quam
1065 2951 1171 2981 anima
1187 2957 1344 2991 separata;
1369 2953 1470 2982 immo
1523 2962 1591 2982 non
1616 2957 1662 2982 est
1685 2952 1764 2982 ratio
1789 2953 2006 2992 cognoscendi
2030 2954 2166 2985 existens
2190 2959 2225 2985 ut
2248 2956 2393 2986 existens.
2567 2955 2571 2960 ”

403 3004 500 3034 quam
517 2995 620 3035 angeli
636 2995 770 3025 naturali
787 2996 988 3035 cognitione:
1009 2996 1164 3035 quoniam
1181 2996 1262 3026 clara
1278 2996 1471 3027 revelatione
1580 2996 1666 3026 Tum
1691 2997 1766 3036 quia
1794 2997 1939 3027 veritates
1970 2997 2204 3038 cognoscibiles
2230 2999 2414 3039 cognitione
2444 2997 2590 3031 intuitiva

402 3040 492 3069 novit
516 3040 623 3070 Deum
647 3049 714 3070 esse
738 3040 857 3070 trinum
885 3040 917 3069 in
941 3040 1103 3079 personis,
1135 3046 1166 3070 et
1195 3040 1256 3071 alia
1285 3041 1471 3071 huiusmodi
1524 3046 1598 3071 sunt
1620 3041 1766 3071 veritates
1790 3042 2028 3081 contingentes,
2060 3052 2144 3083 quae
2173 3052 2242 3074 non
2271 3049 2408 3084 possunt
2436 3045 2588 3084 cognosci

403 3084 577 3123 spectantia
601 3083 640 3114 ad
662 3085 779 3123 gratiae
804 3084 960 3119 ordinem,
985 3094 1067 3124 quae
1091 3084 1279 3124 angelorum
1294 3085 1471 3116 naturalem
1523 3094 1580 3125 per
1604 3094 1825 3125 quascumque
1849 3087 1971 3126 species
1993 3087 2126 3125 innatas.
2151 3087 2236 3126 Quia
2258 3097 2298 3119 ex
2312 3088 2504 3128 >cognitione
2526 3093 2589 3119 ter-

403 3128 622 3167 cognitionem
646 3128 813 3158 excedunt.
838 3128 900 3158 Sed
918 3129 999 3168 *quia
1023 3137 1080 3168 per
1104 3138 1174 3159 eam
1198 3138 1266 3159 non
1281 3128 1408 3160 videbat
1423 3129 1470 3160 di·
1523 3129 1687 3159 minorum
1711 3130 1967 3170 contingentium
1989 3141 2057 3162 non
2081 3137 2187 3171 potest
2202 3132 2355 3172 cognosci
2370 3132 2482 3163 veritas
2497 3141 2588 3163 com-

402 3172 509 3201 vinam
526 3173 704 3207 essentiam,
730 3181 827 3212 quam
851 3182 908 3212 per
923 3173 1087 3202 scientiam
1103 3173 1228 3203 beatam
1244 3173 1379 3208 videbat,
1396 3173 1469 3204 ideo
1523 3173 1691 3214 plexorum
1723 3175 1978 3214 contingentium
2009 3175 2049 3206 de
2078 3175 2138 3206 illis
2168 3175 2325 3207 terminis:
2357 3175 2433 3216 quia
2462 3175 2588 3207 illarum

404 3221 534 3255 excepta
551 3221 597 3246 est
613 3217 755 3255 cognitio
773 3215 896 3246 divinae
913 3217 1066 3246 essentiae
1087 3227 1104 3247 a
1120 3218 1251 3248 scientia
1267 3217 1374 3248 indita.
1395 3218 1470 3249 Sola
1524 3217 1787 3258 complexionum
1799 3219 1912 3249 veritas
1927 3228 1995 3250 non
2006 3218 2179 3251 includitur
2193 3219 2226 3250 in
2238 3218 2298 3250 illis
2309 3219 2461 3255 terminis,
2475 3229 2588 3260 quem-

403 3266 511 3290 autem
535 3261 669 3290 essentia
693 3259 798 3289 divina
823 3265 954 3299 excepta
971 3266 1033 3290 est:
1059 3262 1134 3300 quia
1150 3262 1272 3301 reliqua
1289 3263 1397 3293 omnia
1417 3268 1471 3292 aut
1523 3262 1699 3293 admodum
1723 3263 1835 3293 veritas
1858 3264 2033 3294 necessaria
2049 3262 2281 3303 complexionis
2296 3262 2412 3294 scibilis
2431 3263 2588 3295 clauditur

404 3303 442 3333 ad
459 3304 635 3334 naturalem
652 3310 706 3334 aut
722 3303 761 3333 ad
777 3304 947 3334 revelatam
964 3305 1182 3343 cognitionem
1207 3312 1368 3346 spectant3
1394 3316 1469 3337 cum
1522 3307 1555 3337 in
1580 3308 1736 3338 extremis.

404 3348 499 3377 etiam
526 3348 627 3387 angeli
660 3349 719 3387 ipsi
750 3357 807 3387 per
835 3347 1072 3384 revelationem,
1097 3350 1159 3379 hoc
1189 3356 1235 3380 est
1262 3360 1320 3390 per
1350 3350 1470 3382 infusas
1582 3351 1723 3382 Tertium
1747 3351 1910 3382 dubium*
1933 3357 1997 3388 est,
2027 3352 2103 3392 quia
2133 3360 2170 3382 ex
2201 3351 2322 3383 ratione
2351 3351 2473 3383 litterae
2502 3353 2586 3384 male

404 3393 535 3430 species,
559 3393 596 3421 ab
622 3393 726 3422 anima
750 3397 856 3422 nostra
881 3397 1022 3431 separata
1047 3400 1290 3432 cognoscantur.
1522 3394 1646 3426 videtur
1670 3396 1819 3427 concludi
1850 3397 1882 3426 in
1907 3397 2011 3426 anima
2035 3395 2151 3426 Christi
2181 3404 2238 3435 per
2261 3395 2424 3426 scientiam
2447 3396 2585 3427 infusam

460 3435 509 3465 Ill.
536 3436 569 3465 In
594 3437 803 3476 responsione
827 3435 866 3465 ad
882 3435 1059 3465 secundum
1077 3437 1219 3467 eiusdem
1236 3439 1368 3473 articuli,
1393 3445 1469 3470 nota
1522 3440 1634 3470 notitia
1659 3440 1805 3470 omnium
1829 3439 2046 3480 singularium.
2070 3438 2155 3477 Quia
2178 3448 2215 3469 ex
2231 3439 2430 3479 plenitudine
2446 3440 2586 3480 pruden-

404 3479 508 3518 primo
534 3480 632 3519 quod,
658 3490 732 3510 curn
757 3479 872 3510 dicitur
900 3480 1039 3509 animam
1068 3486 1243 3519 separatam
1275 3492 1468 3522 cognoscere
1522 3484 1583 3513 tiae
1608 3484 1639 3513 in
1664 3485 1769 3514 anima
1793 3484 1909 3514 Christi
1939 3492 2006 3514 non
2028 3483 2162 3513 hebetur
2185 3483 2326 3523 cognitio
2351 3485 2499 3515 omnium
2522 3486 2585 3515 sin-

404 3523 591 3553 substantias
604 3530 759 3563 separatas
773 3533 828 3563 per
840 3524 957 3563 seipsas
969 3524 995 3558 ³,
1009 3533 1074 3553 non
1089 3530 1134 3553 est
1146 3534 1256 3555 sensus
1273 3526 1361 3565 quod
1377 3527 1468 3558 intel·
1522 3527 1690 3566 gularium,
1715 3527 1770 3558 sed
1794 3528 1957 3567 agibilium
1980 3532 2120 3558 tantum:
2149 3536 2223 3557 cum
2247 3527 2414 3567 prudentia
2437 3529 2476 3559 sit
2500 3530 2585 3560 ratio

403 3566 540 3606 ligantur
564 3577 620 3607 per
635 3569 778 3607 proprias
803 3568 991 3597 substantias
1007 3573 1041 3597 ut
1061 3568 1182 3606 speeies
1202 3569 1413 3609 intelligibiles
1429 3571 1468 3600 ab
1523 3571 1700 3611 agibilium.
1726 3572 1819 3602 Extra
1843 3571 1966 3612 agibilia
1982 3576 2089 3602 autem
2105 3576 2178 3602 sunt
2194 3577 2224 3602 et
2240 3571 2407 3611 singularia
2425 3572 2583 3609 factibilia,

2620 668 2697 718 §Cili
2707 674 2782 718 iza·
2790 669 2837 719 Ξῖιῖ

2620 830 2763 854 meum-t.
2778 836 2781 839 ·
2810 827 2834 854 -έ

2619 857 2660 880 lib.
2673 857 2704 886 Π,
2718 863 2770 886 cup.
2804 867 2815 878 Ἴ

2790 901 2795 908 ⁴
2814 895 2825 908 ἦ

2621 987 2631 998 ⁸
2645 987 2674 1009 D.
2692 992 2752 1015 ¹²¹7·

2621 1586 2683 1609 ’Λᾶ
2697 1593 2718 1611 2.

2619 2381 2630 2392 ⁸
2643 2378 2680 2403 Cf.
2694 2379 2759 2404 num‘.
2773 2384 2806 2403 νι.
2828 2364 2837 2382 *³

2617 2694 2629 2706 ⁴
2643 2693 2680 2716 Cf.
2696 2699 2761 2717 nm.
2775 2698 2835 2719 vu.
2868 2681 2869 2684 Ἴ

2614 3358 2624 3369 “
2639 3357 2674 3380 Cf.
2694 3363 2758 3380 num.
2797 3355 2836 3378 „f
