2872 3970
979 285 1241 331 QUAESTIO
1271 285 1375 331 XVI,
1404 284 1695 324 ARTICULUS
1722 287 1788 323 VII

354 364 395 395 Et
419 370 588 405 propterea
609 364 748 395 secundo
771 365 804 394 in
823 365 924 394 littera
941 365 1112 404 explicatur
1129 365 1230 395 dictus
1246 373 1356 394 sensus

300 407 453 444 eiusdem,
477 409 612 439 scilicet:
635 409 771 439 Factum
786 413 833 438 εει
855 412 890 438 ut
911 408 1006 438 homo
1029 409 1072 438 sit
1085 409 1183 439 Deus.
1207 409 1248 438 Et
1270 409 1356 438 sirni-

299 452 378 487 liter,
401 452 491 482 Deus
504 453 621 494 factus
643 457 690 483 est
703 452 798 482 homo
809 459 819 482 .’
832 452 964 492 factum
980 457 1026 482 est
1042 457 1077 482 ut
1090 452 1179 482 Deus
1193 453 1235 482 sit
1249 452 1354 482 homo.

358 495 476 531 Tertio,
493 495 608 526 dicitur
623 495 712 536 quod
726 496 905 535 propositio
922 501 1055 535 utraque
1079 502 1125 526 est
1142 505 1215 526 vera
1236 497 1270 526 in
1293 496 1355 525 hoc

299 548 404 570 sensu.

357 582 493 619 Quarto,
513 583 602 623 quod
625 583 676 613 hic
699 592 809 613 sensus
831 592 899 613 non
915 587 962 613 est
983 584 1131 622 proprius
1154 584 1266 613 harum
1282 592 1356 623 pro-

298 627 507 666 positionum.
532 627 572 657 Et
586 627 666 657 ratio
683 626 815 666 quidem
829 626 934 666 logica
949 632 995 656 est
1011 628 1086 666 quia
1108 627 1141 667 ly
1155 628 1271 668 sactus
1289 636 1356 656 non

299 675 346 700 est
367 669 484 700 modus
499 670 757 701 determinativas
773 670 1027 710 compositionis,
1051 672 1133 701 sicut
1155 671 1188 711 ly
1204 671 1357 711 possibile

298 719 354 744 aut
376 714 599 744 necessarium.

352 757 446 788 Ratio
469 767 545 788 vero
569 758 670 793 realis
690 757 730 788 ad
752 767 882 788 sensum
901 758 1071 798 respiciens
1095 758 1191 798 (quae
1206 759 1241 788 in
1256 759 1357 788 littera

298 800 439 832 redditur
461 810 554 837 curn,
579 802 710 841 quinto,
734 801 935 841 subiungitur
964 801 1131 841 quomodo
1159 810 1268 832 sensus
1298 802 1356 832 iste

298 850 405 886 potest
426 845 653 885 proprietatem
676 844 757 875 forte
781 845 926 884 habere),
951 851 998 875 est
1020 846 1095 885 quia
1117 847 1169 876 hic
1192 846 1292 876 homo
1317 845 1356 875 de

299 897 366 929 quo
390 889 571 919 enuntiatur
593 888 714 919 factum
737 898 804 919 esse
827 889 944 925 Deum,
967 899 1035 919 non
1057 895 1103 919 est
1126 889 1227 927 factus
1251 890 1354 919 Deus:

298 933 342 964 ita
365 931 454 972 quod
475 942 582 972 neque
605 933 644 962 ab
667 938 807 968 aeterno,
831 942 937 972 neque
954 942 991 963 ex
1006 938 1152 973 tempore
1175 933 1295 963 factum
1311 939 1357 963 est

298 982 335 1007 ut
348 977 460 1013 homo,
476 977 540 1007 hoc
555 982 602 1007 est
616 977 668 1007 hic
681 977 787 1012 homo,
805 982 886 1007 esset
901 977 998 1007 Deus.
1016 977 1150 1007 Constat
1166 978 1252 1007 enim
1268 977 1357 1017 quod

298 1021 331 1061 ly
352 1020 448 1051 homo
476 1021 630 1060 supponit
651 1021 685 1050 in
708 1021 767 1050 hac
791 1021 1009 1051 enuntiatione
1040 1030 1098 1060 pro
1122 1022 1185 1051 hoc
1208 1021 1356 1056 homine,

299 1065 374 1104 quia
396 1065 551 1104 supponit
578 1064 786 1104 personaliter
816 1070 848 1094 et
874 1064 1097 1095 determinate:
1130 1071 1161 1095 et
1190 1064 1279 1104 quod
1305 1066 1357 1095 hic

297 1109 398 1139 homo
422 1114 468 1138 est
483 1108 571 1139 Deus
593 1109 632 1138 ab
648 1113 777 1138 aeterno
800 1108 938 1149 genitus,
964 1109 1160 1150 nonfactus,
1186 1114 1232 1138 est
1254 1109 1357 1149 hypo—

298 1151 386 1183 stasis
408 1151 481 1182 Filii
503 1152 573 1182 Dei.
597 1152 673 1182 Non
697 1157 743 1182 est
765 1153 860 1192 igitur
882 1153 1030 1192 proprius
1047 1162 1157 1183 sensus
1181 1153 1293 1182 harum
1309 1153 1356 1183 lo-

298 1196 467 1227 cutionum
490 1195 612 1226 dicere:
635 1195 771 1226 Factum
794 1201 842 1226 est
863 1201 899 1226 ut
920 1196 1015 1226 homo
1039 1201 1120 1226 esset
1140 1197 1239 1226 Deus.

353 1239 464 1270 Posset
490 1245 614 1276 tamen,
638 1245 675 1270 ut
703 1239 815 1280 quinto
844 1239 958 1270 dicitur
979 1241 1014 1270 in
1045 1240 1163 1276 littera,
1188 1240 1298 1270 salvari
1321 1245 1357 1270 ut

297 1284 446 1324 proprius
469 1293 597 1319 sensus,
621 1283 808 1314 sustinendo
837 1283 927 1323 quod
953 1284 1049 1314 homo
1074 1284 1187 1314 habeat
1209 1284 1356 1323 supposi-

297 1328 420 1358 tionem
443 1327 631 1367 simplicem,
654 1327 718 1358 hoc
741 1333 797 1363 est,
818 1332 979 1367 supponat
1001 1337 1060 1367 pro
1084 1333 1195 1358 natura
1218 1328 1357 1357 humana

296 1371 331 1402 in
353 1376 505 1402 concreto
529 1371 753 1402 communiter.
777 1371 860 1401 Nam
883 1370 1003 1401 factum
1027 1377 1073 1402 est
1091 1371 1180 1411 quod
1202 1371 1297 1401 homo
1318 1371 1357 1401 sit

297 1415 402 1445 Deus:
427 1415 572 1454 quamvis
598 1424 666 1445 non
696 1415 736 1445 sit
766 1414 885 1445 factum
913 1415 1003 1455 quod
1031 1415 1149 1456 aliquis
1177 1416 1357 1456 singularis

297 1459 392 1489 homo
415 1460 454 1489 sit
476 1459 580 1494 Deus,
605 1459 680 1498 quia
701 1459 755 1489 ille
783 1459 948 1499 singularis
972 1460 1073 1489 homo
1102 1460 1158 1499 qui
1182 1465 1228 1489 est
1251 1460 1355 1495 Deus,

297 1508 344 1533 est
366 1503 548 1533 naturaliter
571 1507 602 1533 et
624 1503 663 1533 ab
687 1508 816 1533 aeterno
840 1503 939 1533 Deus.

352 1546 403 1576 111.
427 1546 576 1577 Occurrit
590 1546 642 1577 hic
657 1551 764 1577 autem
781 1547 863 1577 circa
879 1546 944 1577 duo
961 1548 1116 1587 quaestio.
1140 1547 1257 1582 Primo,
1275 1548 1356 1577 circa

297 1591 554 1630 suppositionem
583 1590 781 1630 simplicem,
812 1596 844 1621 et
870 1592 1097 1630 proprietatem
1127 1592 1356 1631 propositionis

297 1634 342 1665 sic
365 1639 521 1674 sumptae.
545 1651 566 1657 ·-
589 1634 749 1670 Secundo,
774 1635 856 1665 circa
878 1635 1096 1674 personalem:
1121 1644 1161 1665 an
1185 1635 1243 1665 iste
1260 1635 1355 1665 homo

297 1678 340 1708 sit
351 1678 468 1719 factus
489 1679 579 1709 Deus
594 1679 620 1708 *.

353 1722 410 1752 Est
423 1727 531 1753 autern
547 1721 710 1752 dubitandi
726 1723 805 1752 ratio
822 1723 904 1752 circa
916 1723 1056 1762 primum
1069 1724 1095 1758 *,
1109 1724 1193 1762 quia,
1207 1722 1355 1758 dicendo,

297 1765 408 1796 Homo
432 1771 479 1796 εει
497 1767 613 1807 sactus
634 1766 739 1800 Deus,
770 1766 803 1806 ly
821 1765 919 1796 'homo
949 1767 1103 1806 supponit
1132 1776 1190 1806 pro
1221 1768 1356 1797 habente

297 1815 443 1840 naturam
465 1810 638 1840 humanam
660 1809 911 1840 indeterminate.
942 1810 1039 1840 Aliud
1062 1811 1149 1840 enim
1172 1817 1219 1840 est
1241 1810 1355 1846 dicere,

296 1853 364 1884 Hic
385 1853 480 1884 homo
505 1858 551 1884 est
563 1854 680 1894 sactus
701 1854 810 1890 Deus;
833 1860 864 1884 et
882 1853 968 1884 aliud
985 1860 1031 1884 est
1046 1853 1160 1889 dicere,
1184 1854 1294 1884 Homo
1311 1859 1358 1884 εει

288 1897 404 1939 factus
418 1898 521 1929 Deus:
546 1898 700 1937 quoniam
715 1898 810 1928 homo
827 1899 980 1937 supponit
996 1897 1129 1928 confuse
1145 1907 1204 1937 pro
1220 1898 1356 1928 habente

296 1946 443 1972 naturam
465 1942 655 1977 humanam;
678 1941 729 1971 hic
751 1942 846 1971 homo
863 1947 970 1972 autem
987 1941 1202 1972 determinate.
1227 1942 1267 1972 Et
1282 1942 1356 1972 hinc

296 1985 334 2016 fit
349 1985 459 2026 primo
482 1991 518 2016 ut
539 1985 619 2015 ratio
636 1985 756 2016 litterae
779 1986 857 2016 nihil
882 1985 999 2021 valeat,
1023 1985 1225 2025 reprobando
1249 1986 1354 2021 illam,

296 2029 407 2060 Homo
421 2030 537 2071 sactus
559 2034 606 2060 est
627 2029 725 2065 Deus,
742 2031 818 2069 quia
844 2030 902 2059 ista
931 2035 976 2059 est
1004 2029 1090 2066 falsa,
1107 2030 1172 2060 Iste
1193 2030 1287 2059 homo
1295 2031 1356 2071 sa-

297 2078 367 2104 ctus
389 2078 436 2104 est
455 2073 555 2104 Deus.

350 2117 403 2148 Fit
431 2117 571 2148 secundo
611 2122 647 2148 ut
681 2126 749 2148 non
778 2117 882 2157 logice
913 2116 1034 2147 dicatur
1063 2118 1097 2147 in
1135 2117 1236 2147 littera
1267 2117 1356 2157 quod

297 2166 458 2201 supponat
479 2161 664 2201 simpliciter
686 2161 719 2201 ly
740 2161 853 2197 homo,
883 2160 996 2191 stando
1023 2170 1081 2200 pro
1105 2161 1237 2191 homine
1267 2170 1356 2191 com-

296 2206 445 2235 muniter.
474 2205 638 2242 Quoniam
660 2205 814 2245 supponit
841 2204 1056 2244 personaliter,
1082 2204 1214 2235 confuse
1238 2210 1354 2235 tamen.

297 2248 401 2280 Immo
424 2249 573 2279 naturalis
595 2249 775 2288 suppositio
798 2249 925 2279 termini
948 2249 1129 2279 communis
1153 2250 1293 2279 concreti
1310 2254 1356 2279 est

297 2302 480 2332 supponere
502 2301 562 2332 pro
585 2293 721 2323 habente
743 2298 889 2323 naturam
911 2292 1163 2323 indeterminate.

352 2336 403 2366 Fit
425 2336 518 2366 tertio
542 2341 593 2372 ut,
625 2337 700 2376 quia
727 2337 784 2366 ista
813 2337 1009 2376 propositio,
1039 2336 1149 2366 Homo
1171 2337 1287 2378 factus
1310 2342 1357 2368 est

295 2380 400 2416 Deus,
431 2381 465 2410 in
486 2380 647 2420 personali
670 2381 892 2420 suppositione
919 2381 1136 2420 propriissime
1159 2386 1286 2420 sumpta
1309 2387 1355 2411 est

296 2433 379 2460 vera,
404 2424 479 2464 quia
500 2424 534 2454 in
557 2425 687 2454 veritate
709 2425 810 2454 homo
834 2430 881 2455 est
903 2424 991 2454 Deus
1015 2429 1045 2454 et
1067 2434 1135 2454 non
1151 2433 1276 2464 semper
1294 2424 1355 2455 fuit

296 2468 402 2504 Deus,
424 2467 480 2498 sed
501 2477 560 2508 per
581 2468 710 2498 unionis
733 2469 864 2508 gratiam
888 2473 934 2498 est
956 2468 1057 2504 Deus,
1087 2468 1171 2498 male
1194 2469 1227 2498 in
1253 2469 1354 2499 littera

297 2517 444 2551 arguatur
466 2511 615 2542 falsitatis.

350 2555 402 2586 Fit
423 2560 540 2595 quarto
553 2555 600 2586 'ut
621 2555 736 2587 Scotus
749 2580 757 2592 ,
780 2557 814 2586 in
838 2556 878 2586 111
894 2556 992 2591 Sent„
1017 2555 1085 2586 dist.
1102 2565 1154 2591 vn,
1180 2566 1234 2596 qu.
1250 2567 1282 2592 11,
1306 2566 1354 2587 re-

298 2599 378 2630 etius
401 2598 513 2630 dixerit
537 2599 627 2639 quod
649 2600 707 2630 ista
722 2601 911 2640 propositio,
935 2600 1045 2630 Homo
1061 2600 1176 2641 sactus
1192 2605 1239 2630 est
1254 2600 1353 2636 Deus,

298 2648 345 2674 est
367 2643 551 2682 simpliciter
571 2652 646 2674 vera
661 2649 692 2673 et
706 2645 843 2684 propria.
867 2644 954 2674 Tum
970 2645 1045 2684 quia
1060 2644 1160 2674 homo
1183 2653 1241 2683 per
1256 2646 1354 2675 actio-

296 2696 372 2718 nem
394 2687 515 2726 agentis
537 2691 584 2717 est
606 2687 703 2723 Deus,
727 2693 759 2718 et
780 2697 849 2718 non
871 2697 996 2728 semper
1020 2687 1079 2718 fuit
1102 2688 1198 2718 Deus.
1223 2706 1243 2711 —
1267 2688 1354 2718 Tum

297 2731 373 2770 quia
396 2736 443 2760 est
466 2736 653 2761 convertens
675 2731 773 2767 illam,
795 2731 885 2762 Deus
899 2732 1014 2773 factus
1036 2737 1084 2762 est
1104 2732 1209 2762 homo.

352 2774 404 2804 IV.
427 2773 479 2804 Ad
495 2773 685 2805 evidentiam
699 2775 825 2811 horum,
849 2776 928 2806 scito
953 2775 1041 2815 quod
1057 2776 1138 2806 inter
1153 2776 1354 2815 personalem

297 2823 328 2848 et
350 2818 529 2858 simplicem
552 2819 808 2858 suppositionem
830 2819 908 2849 haec
931 2825 978 2849 est
1001 2819 1184 2855 differentia,
1209 2820 1308 2860 quod,
1328 2820 1353 2850 si

296 2862 329 2902 ly
351 2862 446 2892 homo
469 2862 624 2902 supponit
645 2862 862 2901 personaliter,
886 2868 1014 2903 oportet
1035 2863 1252 2902 praedicatum
1276 2873 1354 2894 con-

295 2906 403 2936 venire
427 2905 521 2936 alicui
543 2914 698 2945 personae
713 2906 886 2936 humanae:
912 2906 1001 2946 quod
1016 2907 1102 2937 enim
1125 2906 1164 2937 de
1180 2907 1267 2938 nulla
1283 2917 1353 2948 per-

297 2959 376 2981 sona
399 2950 554 2984 humana,
578 2958 638 2979 nec
661 2948 700 2979 de
724 2950 873 2980 omnibus
896 2950 991 2980 simul
1013 2950 1206 2987 verificatur,
1231 2951 1271 2982 de
1294 2952 1352 2981 ho-

296 2994 383 3024 mine
402 2993 608 3033 personaliter
622 2998 752 3033 sumpto
767 3003 834 3023 non
848 2993 1043 3030 verificatur3
1068 2999 1103 3024 ut
1125 3000 1211 3034 patet
1234 2994 1352 3025 discur-

296 3038 376 3068 renti
405 3043 470 3067 tarn
493 3038 526 3067 in
549 3037 822 3076 propositionibus
843 3047 901 3076 per
922 3046 972 3072 se,
997 3047 1094 3076 quam
1117 3047 1174 3078 per
1196 3038 1350 3068 accidens.

297 3080 330 3112 Si
351 3090 428 3112 vero
449 3081 603 3121 supponit
618 3080 810 3120 simpliciter,
833 3080 1049 3120 praedicatum
1064 3082 1214 3112 convenit
1229 3082 1352 3112 homini

296 3125 486 3155 abstrahenti
509 3135 527 3154 a
549 3125 614 3154 suis
637 3124 825 3164 suppositis:
849 3125 893 3154 ita
916 3124 1005 3164 quod
1027 3124 1206 3155 verificatur
1231 3125 1270 3156 de
1293 3127 1352 3156 ho-

295 3169 383 3199 mine
406 3169 629 3204 communiter,
654 3173 685 3198 et
708 3167 747 3198 de
770 3167 860 3198 nullo
883 3169 1032 3204 homine,
1055 3178 1116 3198 nec
1139 3167 1178 3199 de
1202 3170 1351 3199 omnibus

296 3212 391 3243 simul
413 3211 601 3243 verificatur.

350 3255 402 3286 Ad
423 3256 626 3296 propositum
646 3261 752 3286 autem
768 3254 1000 3290 descendendo,
1025 3255 1290 3286 considerandum
1307 3262 1352 3286 est

297 3299 386 3340 quod
408 3300 442 3330 in
464 3300 517 3330 illa
532 3300 762 3339 propositione,
779 3298 888 3329 Homo
896 3299 1011 3340 factus
1026 3304 1073 3329 est
1087 3299 1184 3334 Deus,
1209 3299 1241 3340 ly
1256 3300 1351 3329 homo

296 3344 450 3384 supponit
476 3343 697 3383 personaliter,
728 3343 856 3383 proprie
879 3342 1060 3382 loquendo:
1093 3343 1168 3382 quia
1190 3342 1223 3383 ly
1236 3343 1352 3384 sactus

296 3392 344 3418 est
371 3396 438 3417 non
460 3387 613 3427 permittit
642 3387 806 3417 hominem
833 3395 1014 3426 supponere
1044 3386 1103 3416 nisi
1131 3386 1351 3426 personaliter,

296 3431 377 3461 sicut
401 3440 475 3461 cum
499 3430 621 3467 dicitur,
646 3430 755 3460 Homo
770 3431 884 3471 factus
907 3435 954 3460 est
975 3430 1083 3466 albus;
1106 3430 1260 3470 quoniam
1284 3429 1351 3460 fieri

296 3474 379 3504 reale
401 3484 468 3504 non
485 3480 531 3505 est
553 3475 692 3505 hominis
714 3474 935 3509 communiter,
953 3473 1008 3504 sed
1023 3474 1161 3503 hominis
1176 3474 1350 3513 singularis.

297 3517 338 3547 Et
358 3523 526 3558 propterea
549 3518 588 3549 ad
609 3519 772 3549 veritatem
795 3518 897 3553 istius,
921 3517 1031 3547 Homo
1046 3518 1162 3558 factus
1184 3522 1231 3547 est
1252 3517 1349 3553 Deus,

297 3566 423 3600 oportet
445 3571 552 3592 veram
575 3571 642 3593 esse
664 3563 765 3598 istam,
789 3561 912 3602 Aliquis
934 3562 1028 3591 homo
1043 3562 1158 3603 sactus
1175 3566 1221 3591 est
1242 3561 1352 3591 Deus:

296 3604 378 3634 sicut
400 3604 439 3635 ad
461 3606 624 3636 veritatem
646 3606 744 3642 istius,
768 3605 877 3636 Homo
892 3605 1007 3647 sactus
1031 3610 1077 3636 est
1098 3605 1198 3640 albus,
1224 3610 1351 3645 oportet

437 3665 546 3690 Surium
563 3665 664 3691 Tutor.
683 3666 714 3692 D,
727 3666 840 3691 Tnomu
856 3666 888 3692 T.
907 3666 969 3691 VIII.

2392 301 2466 338 209

1412 364 1500 404 quod
1523 366 1637 406 aliquis
1660 367 1759 396 homo
1779 367 1818 396 sit
1834 366 1934 397 factus
1951 367 2048 398 albus.
2073 386 2093 390 —
2118 368 2179 399 Sed
2195 370 2220 399 si
2236 369 2267 410 ly
2283 370 2377 400 homo
2394 380 2468 410 sup-

1410 414 1510 448 ponat
1526 410 1718 449 simpliciter‚
1736 411 1847 440 veritas
1864 412 1931 441 eius
1947 421 2013 441 non
2026 413 2120 451 exigit
2136 412 2224 452 quod
2240 413 2352 453 aliquis
2367 414 2467 444 homo

1411 453 1450 482 sit
1472 452 1573 483 factus
1597 454 1701 484 Deus:
1734 454 1789 484 sed
1811 454 1927 484 sufficit
1957 455 2044 494 quod
2070 465 2127 495 per
2150 457 2308 487 actionem
2336 457 2468 488 alicuius

1411 497 1530 535 agentis
1561 497 1680 527 factum
1703 498 1742 527 sit
1772 503 1807 527 ut
1830 498 1869 528 de
1892 499 2023 529 homine
2055 500 2198 530 absolute
2221 500 2399 531 verificetur
2428 501 2467 531 de

1410 549 1497 569 novo
1522 550 1589 570 esse
1613 541 1728 571 Deum.
1753 541 1794 571 Et
1817 542 1891 581 quia
1906 548 2012 581 potest
2027 542 2088 573 dici
2112 543 2200 582 quod
2223 545 2280 574 iste
2296 554 2406 575 sensus
2421 550 2468 575 est

1410 585 1558 623 proprius
1575 594 1684 614 sensus
1707 585 1796 615 istius
1811 586 2040 625 propositionis
2064 597 2081 616 a
2105 587 2287 618 doctoribus
2303 589 2424 627 positae
2440 590 2465 625 ⁴⁶,

1410 627 1454 656 ita
1480 627 1569 667 quod
1596 628 1635 658 de
1662 629 1793 658 homine
1821 629 1964 659 absolute
1992 629 2137 660 dixerunt
2168 631 2256 670 quod
2277 632 2392 672 factus
2422 637 2469 662 est

1410 670 1518 708 Deus;
1545 681 1605 702 nec
1629 672 1706 702 haec
1729 673 1903 712 proprietas
1935 679 1980 703 est
2003 683 2235 714 usquequaque
2259 675 2358 706 clara:
2393 676 2466 706 ideo

1410 714 1533 744 Auctor
1556 715 1642 751 d'mst,
1666 716 1738 746 Nisi
1751 717 1856 757 forte,
1881 722 1940 747 etc.

1466 759 1504 788 V.
1528 759 1579 789 Ad
1595 760 1719 789 obiecta
1730 761 1746 776 ἢ*
1766 760 1861 799 igitur
1876 761 2111 800 respondendo,
2129 761 2243 792 dicitur
2259 763 2466 794 concedendo

1412 802 1501 841 quod
1524 803 1628 837 homo,
1653 804 1781 843 proprie
1805 804 1980 843 loquendo,
2005 807 2158 845 supponit
2179 815 2238 846 pro
2261 807 2397 837 habente
2413 817 2467 837 na-

1411 851 1514 876 turam
1537 847 1710 877 humanam
1732 847 1989 878 indeterminate:
2019 855 2050 878 et
2080 849 2168 889 quod
2192 850 2251 880 alia
2279 856 2326 881 est
2348 860 2467 891 propo-

1411 889 1493 925 sitio,
1517 890 1627 921 Homo
1642 892 1758 932 factus
1773 896 1820 921 est
1840 892 1938 928 Deus,
1964 898 1994 922 et
2017 893 2085 929 alia,
2109 893 2175 923 Hic
2190 894 2284 924 homo
2292 895 2407 936 factus
2423 900 2468 925 est

1410 933 1508 964 Deus.
1533 934 1595 964 Sed
1619 944 1693 964 cum
1715 934 1848 965 infertur
1871 936 1990 975 primo,
2014 937 2106 977 Ergo
2131 938 2215 967 ratio
2240 938 2365 968 litterae
2389 939 2469 969 nihil

1411 977 1514 1007 valet:
1544 978 1754 1018 respondetur
1778 979 1866 1018 quod
1890 979 1999 1009 efficax
2023 986 2078 1010 est.
2114 981 2214 1018 Quia,
2238 982 2310 1012 licet
2333 983 2395 1012 sint
2421 982 2468 1012 di-

1410 1031 1517 1051 versae
1540 1023 1793 1061 propositiones,
1817 1024 1943 1062 negatio
1967 1030 2073 1054 tamen
2096 1025 2179 1055 illius
2202 1026 2384 1065 singularis,
2409 1027 2468 1056 sci-

1411 1065 1494 1100 licet,
1518 1065 1585 1095 Hic
1606 1066 1701 1096 homo
1725 1071 1771 1096 est
1783 1067 1898 1107 factus
1920 1068 2018 1103 Deus,
2042 1068 2136 1098 infert
2158 1070 2360 1108 negationem
2384 1071 2467 1101 illius

1411 1108 1604 1144 indefinitae,
1627 1110 1737 1139 Homo
1752 1111 1868 1151 factus
1890 1116 1936 1141 est
1957 1112 2054 1141 Deus.
2085 1112 2258 1149 Quoniam,
2281 1115 2377 1153 gratia
2400 1124 2467 1144 ma-

1411 1153 1525 1188 teriae,
1557 1162 1659 1183 unum
1682 1154 1838 1192 singulare
1864 1155 1898 1184 in
1921 1156 2087 1194 proposito
2119 1157 2295 1195 aequivalet
2318 1159 2467 1188 omnibus

1411 1196 1640 1235 singularibus:
1672 1202 1795 1227 constat
1818 1198 1903 1227 enim
1933 1208 2035 1228 unum
2058 1205 2181 1229 tantum
2205 1201 2369 1231 hominem
2400 1212 2466 1232 esse

1412 1239 1527 1270 Deum.
1561 1240 1601 1270 Et
1624 1246 1801 1280 propterea,
1825 1242 1907 1271 sicut
1930 1252 1947 1271 a
1969 1244 2138 1282 negatione
2161 1245 2306 1274 omnium
2331 1246 2467 1285 singula-

1411 1284 1494 1313 rium
1517 1283 1649 1314 infertur
1671 1285 1798 1324 negatio
1821 1284 2013 1322 indefinitae,
2038 1287 2079 1316 ita
2102 1288 2135 1316 in
2158 1289 2323 1327 proposito
2340 1298 2357 1318 a
2372 1299 2467 1329 nega-

1411 1328 1499 1358 tione
1522 1328 1617 1357 um'us
1640 1328 1803 1368 singularis
1827 1329 1996 1359 destruitur
2018 1329 2190 1361 indefinita.

1466 1371 1517 1401 Ad
1540 1371 1718 1402 secundum
1749 1372 1863 1402 dicitur
1893 1373 2000 1413 quod,
2032 1375 2107 1413 quia
2129 1375 2201 1404 talia
2231 1381 2305 1405 sunt
2328 1377 2469 1407 subiecta

1412 1415 1517 1454 qualia
1532 1417 1758 1455 permittuntur
1774 1426 1791 1446 a
1805 1417 2004 1456 praedicatis;
2022 1423 2052 1448 et
2067 1418 2282 1457 praedicatum
2298 1420 2465 1460 integrum,

1411 1459 1668 1500 scilicetfactum
1684 1469 1751 1490 esse
1765 1460 1879 1496 Deum,
1895 1460 2123 1492 verificandum
2140 1468 2202 1498 est;
2227 1468 2258 1492 et
2276 1473 2342 1493 non
2361 1470 2467 1503 potest

1410 1503 1562 1533 verificari
1586 1503 1625 1533 de
1648 1504 1780 1534 homine
1802 1505 2017 1544 personaliter,
2041 1506 2106 1536 sive
2123 1506 2254 1536 confuse
2278 1508 2342 1537 sive
2366 1508 2466 1538 deter-

1410 1548 1544 1577 minate:
1577 1547 1650 1577 ideo
1674 1547 1713 1577 ad
1736 1549 1992 1588 suppositionem
2015 1550 2192 1589 simplicem
2222 1560 2385 1581 recursum
2410 1558 2464 1582 est.

1410 1591 1568 1630 Logicum
1600 1591 1719 1631 quippe
1750 1597 1796 1621 est
1825 1598 1861 1621 ut
1882 1592 1977 1622 homo
2008 1599 2168 1633 supponat
2195 1594 2377 1634 simpliciter
2406 1605 2465 1635 pro

1410 1635 1546 1665 habente
1569 1640 1714 1665 naturam
1744 1636 1951 1671 abstrahendo
1976 1646 1993 1666 a
2016 1637 2242 1676 singularibus,
2270 1648 2336 1668 non
2360 1639 2466 1669 solum

1411 1678 1518 1718 quoad
1534 1678 1808 1718 significationem,
1826 1679 1881 1709 sed
1905 1680 2011 1719 quoad
2026 1680 2058 1710 id
2082 1681 2171 1720 quod
2195 1681 2374 1721 praedicato
2391 1693 2466 1722 sup-

1411 1728 1519 1762 ponat.
1555 1723 1595 1752 Et
1624 1723 1702 1752 haec
1733 1732 1800 1752 non
1828 1729 1874 1753 est
1904 1725 1972 1753 eius
1999 1725 2148 1754 naturalis
2178 1727 2376 1764 suppositio:
2412 1726 2466 1757 sed

1412 1776 1486 1796 cum
1509 1766 1716 1805 personaliter
1739 1768 1891 1806 supponit
1920 1777 1978 1806 pro
2002 1768 2138 1798 habente
2161 1774 2305 1799 naturam
2331 1769 2467 1800 indeter-

1411 1811 1539 1840 minate.

1467 1853 1518 1883 Ad
1541 1854 1669 1883 tertium
1685 1854 1799 1884 dicitur
1815 1854 1904 1893 quod
1927 1856 1990 1884 iam
2006 1857 2022 1871 ⁴*
2045 1861 2131 1894 patet
2155 1855 2268 1886 falsum
2285 1866 2351 1886 esse
2368 1857 2466 1897 quod,

1411 1897 1617 1937 personaliter
1633 1903 1768 1938 sumpta,
1785 1898 1839 1928 illa
1854 1899 2042 1938 propositio,
2061 1899 2171 1929 Homo
2178 1900 2294 1941 factus
2309 1906 2355 1931 est
2369 1902 2466 1937 Deus,

1411 1942 1450 1971 sit
1472 1951 1554 1971 vera.
1590 1941 1658 1971 Nec
1681 1947 1727 1971 est
1750 1951 1861 1972 verum
1885 1942 1924 1972 de
1947 1943 2078 1973 homine
2108 1944 2316 1983 personaliter
2338 1951 2466 1985 sumpto

1411 1985 1501 2024 quod
1523 1994 1580 2024 per
1602 1986 1734 2024 gratiam
1757 1987 1885 2016 unionis
1910 1992 1956 2016 est
1978 1987 2075 2017 Deus.

1465 2029 1557 2059 Unde
1581 2028 1621 2059 ad
1644 2035 1812 2068 quartum,
1837 2040 1874 2060 ex
1898 2030 2011 2066 Scoto,
2036 2030 2151 2060 dicitur
2173 2031 2280 2070 quod,
2305 2033 2329 2062 si
2353 2033 2466 2063 Scotus

1411 2073 1509 2102 utitur
1531 2074 1753 2112 suppositione
1776 2074 1921 2113 simplici,
1941 2083 2052 2104 verum
2068 2074 2160 2104 dicit:
2186 2081 2216 2105 et
2239 2075 2370 2106 affirmat
2393 2086 2467 2116 pro-

1411 2117 1576 2155 prietatem
1599 2126 1725 2152 sensus,
1756 2127 1853 2157 quam
1876 2118 1999 2148 Auctor
2023 2119 2056 2148 in
2079 2119 2181 2148 littera
2211 2120 2270 2149 sub
2294 2119 2391 2150 dubio
2418 2130 2466 2150 re-

1411 2160 1535 2199 linquit.
1561 2159 1623 2190 Sed
1639 2161 1672 2190 in
1687 2162 1816 2191 veritate
1831 2162 1864 2201 ly
1870 2162 1985 2202 sactus
2004 2167 2051 2192 est
2067 2163 2176 2192 transit
2191 2163 2223 2192 in
2240 2163 2465 2203 impersonale:

1410 2204 1473 2234 hoc
1498 2209 1553 2239 est,
1576 2204 1711 2234 Factum
1735 2210 1782 2234 est
1804 2210 1839 2234 ut
1859 2206 1955 2235 homo
1979 2210 2060 2236 esset
2076 2206 2174 2236 Deus.
2209 2206 2308 2244 Quod
2329 2217 2397 2238 non
2420 2209 2466 2238 vi-

1411 2247 1503 2278 detur
1533 2247 1572 2278 de
1595 2248 1773 2278 intentione
1803 2248 1906 2284 Scoti,
1930 2249 2065 2279 volentis
2087 2250 2193 2285 istam,
2217 2250 2327 2281 Homo
2349 2252 2465 2292 sactus

1410 2296 1457 2322 εει
1478 2292 1576 2327 Deus,
1601 2293 1691 2331 sequi
1714 2301 1771 2331 per
1794 2293 2036 2322 conversionem
2060 2293 2099 2323 ad
2121 2293 2224 2329 illam,
2248 2294 2337 2325 Deus
2349 2295 2465 2336 factus

1411 2340 1457 2366 est
1471 2336 1589 2365 homo:
1612 2341 1739 2375 oportet
1755 2337 1840 2366 enim
1863 2337 2069 2375 personaliter
2091 2346 2273 2376 supponere
2295 2338 2464 2375 hominem,

1410 2380 1436 2409 si
1458 2389 1515 2419 per
1538 2381 1780 2410 conversionem
1803 2381 1945 2419 sequitur
1967 2380 2007 2410 ad
2029 2380 2124 2410 illam.
2160 2381 2200 2410 Et
2228 2387 2396 2421 propterea
2419 2383 2462 2418 si,

1410 2428 1445 2453 ut
1468 2429 1606 2463 apparet,
1631 2424 1728 2453 utitur
1743 2424 1964 2463 suppositione
1979 2424 2146 2463 personali,
2163 2424 2280 2454 directe
2295 2424 2371 2455 dicit
2386 2435 2463 2456 con-

1408 2472 1455 2497 tra
1483 2467 1669 2497 Auctorem.
1704 2467 1767 2497 Sed
1797 2467 1910 2497 falsum
1939 2467 2030 2498 dicit:
2047 2468 2234 2507 quoniam,
2258 2469 2464 2507 personaliter

1408 2516 1544 2551 sumpta,
1560 2511 1737 2551 propositio
1761 2511 1823 2546 illa,
1839 2511 1948 2541 Homo
1963 2512 2078 2552 factus
2101 2517 2147 2541 εει
2160 2511 2257 2547 Deus,
2275 2517 2321 2542 est
2343 2512 2428 2542 falsa.
2440 2531 2463 2535 —

1409 2555 1450 2584 Et
1472 2564 1547 2585 cum
1569 2556 1720 2594 probatur
1743 2556 1818 2595 quia
1839 2556 1916 2585 istae
1939 2561 2012 2585 sunt
2027 2565 2127 2591 verae,
2151 2555 2260 2586 Homo
2280 2565 2341 2595 per
2362 2557 2462 2586 actio-

1409 2608 1480 2628 nem
1503 2599 1629 2640 agentis
1651 2604 1698 2629 est
1718 2599 1823 2634 Deus,
1855 2605 1902 2635 et,
1926 2599 2035 2629 Homo
2063 2608 2127 2629 non
2145 2599 2240 2639 prius
2263 2605 2334 2629 erat
2354 2600 2462 2630 Deus:

1407 2642 1618 2682 respondetur
1641 2642 1729 2682 quod
1750 2643 1852 2683 prima
1875 2648 1921 2673 est
1944 2643 2035 2678 falsa,
2061 2643 2135 2683 quia
2149 2644 2260 2672 veritas
2277 2643 2344 2673 eius
2367 2644 2462 2683 exigit

1408 2687 1572 2716 veritatem
1602 2687 1734 2716 alicuius
1764 2696 1839 2717 suae
1865 2687 2047 2727 singularis,
2081 2687 2199 2716 scilicet
2230 2686 2317 2726 quod
2347 2687 2460 2727 aliquis

1409 2731 1507 2760 homo
1531 2740 1588 2770 per
1610 2731 1770 2760 actionem
1793 2731 1912 2770 agentis
1935 2736 1982 2761 est
2004 2731 2091 2760 Deus
2121 2731 2176 2770 qui
2198 2731 2285 2770 prius
2312 2739 2378 2760 non
2401 2730 2462 2761 fuit

1409 2774 1511 2810 Deus;
1544 2779 1667 2804 constat
1695 2780 1802 2804 autem
1834 2774 1922 2814 quod
1951 2774 2058 2804 nullus
2086 2774 2185 2803 homo
2215 2783 2271 2813 per
2302 2775 2460 2804 actionem

1409 2819 1641 2857 cuiuscumque
1665 2819 1784 2857 agentis
1809 2823 1854 2848 est
1877 2817 1916 2848 de
1939 2827 2025 2849 novo
2050 2818 2152 2853 Deus;
2178 2818 2252 2857 quia
2270 2817 2327 2847 'ille
2350 2818 2459 2854 homo,

1408 2862 1528 2892 scilicet
1551 2861 1636 2892 Iesus
1657 2862 1847 2897 Nazarenus,
1872 2862 1927 2901 qui
1942 2862 2029 2891 solus
2044 2862 2125 2891 inter
2140 2861 2286 2891 homines
2301 2867 2348 2891 est
2363 2862 2459 2897 Deus,

1407 2915 1474 2936 non
1499 2911 1545 2936 est
1567 2905 1606 2935 de
1629 2915 1715 2935 novo
1738 2905 1835 2940 Deus,
1855 2905 1910 2935 sed
1926 2906 1964 2934 ab
1980 2910 2122 2940 aeterno;
2147 2914 2206 2934 nec
2228 2913 2286 2944 per
2301 2906 2460 2936 actionem

1407 2950 1539 2979 alicuius
1563 2950 1691 2988 agentis,
1707 2948 1763 2978 sed
1778 2954 1903 2978 aeterna
1925 2948 2084 2978 nativitate
2108 2958 2125 2978 a
2147 2948 2236 2978 Patre
2259 2954 2306 2978 est
2329 2949 2461 2979 Deus.—

1407 2993 1475 3023 Nec
1499 2998 1544 3023 est
1566 3002 1676 3022 verum
1699 2992 1789 3032 quod
1811 2992 1917 3027 istius,
1941 2992 2029 3022 Deus
2042 2992 2157 3032 factus
2179 2996 2226 3022 εει
2246 2992 2359 3028 homo,
2384 3002 2460 3023 con-

1406 3042 1531 3067 vertens
1553 3036 1608 3071 sit,
1631 3035 1740 3065 Homo
1755 3036 1870 3076 factus
1893 3040 1939 3066 est
1960 3036 2068 3065 Deus:
2094 3035 2149 3065 sed
2171 3036 2240 3071 illa,
2267 3035 2331 3071 Qui
2344 3037 2460 3077 factus

1406 3085 1453 3111 εει
1473 3081 1585 3115 homo,
1614 3084 1660 3110 εει
1681 3080 1779 3110 Deus.
1815 3079 1902 3109 Sicut
1923 3080 1996 3115 ista,
2020 3079 2132 3109 Paries
2145 3079 2259 3120 factus
2281 3084 2328 3110 εει
2349 3081 2458 3117 albus,

1406 3134 1473 3154 non
1497 3124 1689 3154 convertitur
1715 3124 1747 3153 in
1770 3123 1879 3158 istam,
1910 3123 2024 3152 Album
2037 3123 2168 3164 factum
2191 3128 2237 3153 est
2253 3123 2382 3163 paries:
2404 3124 2459 3155 sed

1406 3168 1438 3198 in
1468 3168 1569 3202 istam,
1597 3166 1692 3202 Quod
1705 3167 1836 3208 factum
1859 3171 1905 3196 εει
1927 3166 2042 3202 album,
2067 3172 2114 3197 est
2130 3167 2250 3207 paries.

1460 3211 1511 3240 VI.
1537 3210 1720 3241 Secundum
1747 3210 1880 3240 dubium
1909 3219 2078 3240 occurrens
2097 3212 2113 3227 ³*
2141 3216 2203 3246 est,
2234 3212 2309 3250 quia
2335 3211 2458 3242 videtur

1406 3254 1494 3294 quod
1517 3255 1611 3284 etiam
1625 3254 1756 3295 factum
1779 3254 1820 3284 sit
1842 3254 1928 3294 quod
1951 3254 2008 3284 iste
2030 3255 2124 3284 homo
2147 3255 2189 3285 sit
2202 3255 2299 3285 Deus.
2324 3255 2406 3285 Nam
2426 3256 2457 3296 ly

1406 3299 1463 3328 iste
1485 3298 1578 3327 homo
1603 3303 1661 3327 stat
1691 3307 1749 3337 pro
1773 3298 1939 3338 supposito
1964 3304 2108 3333 aeterno,
2139 3308 2205 3328 non
2233 3304 2388 3338 quatenus
2412 3305 2458 3329 est

1405 3348 1569 3372 aeternum
1592 3351 1648 3372 seu
1670 3342 1847 3382 hypostasis
1866 3341 1990 3372 divinae
2006 3348 2144 3378 naturae,
2168 3341 2223 3372 sed
2239 3348 2394 3382 quatenus
2411 3348 2457 3373 est

1406 3395 1443 3415 ex
1465 3391 1610 3425 tempore
1639 3385 1815 3425 hypostasis
1838 3386 1996 3416 humanae
2019 3392 2157 3416 naturae.
2194 3385 2326 3416 Constat
2349 3392 2456 3417 autem

1405 3429 1494 3468 quod
1517 3428 1635 3459 factum
1660 3435 1706 3459 est
1727 3439 1784 3469 per
1806 3430 1936 3469 gratiam
1960 3429 2098 3460 divinam
2121 3435 2156 3459 ut
2179 3430 2355 3470 hypostasis
2378 3429 2456 3460 divi-

1404 3482 1463 3503 nae
1486 3478 1616 3503 naturae
1647 3478 1727 3503 esset
1749 3473 1926 3514 hypostasis
1954 3474 2110 3504 humanae
2134 3478 2278 3509 naturae,
2310 3479 2341 3504 et
2367 3474 2456 3514 quod

1404 3517 1580 3557 hypostasis
1609 3517 1768 3547 humanae
1797 3522 1926 3547 naturae
1959 3523 2039 3547 esset
2061 3518 2128 3557 ipsa
2151 3517 2246 3547 Verbi
2268 3518 2454 3558 hypostasis.

1404 3561 1445 3590 Et
1468 3561 1512 3590 sic
1534 3561 1712 3601 propositio
1737 3566 1816 3591 esset
1839 3570 1926 3591 vera:
1959 3566 1989 3591 et
2017 3570 2144 3591 sensum
2171 3561 2336 3601 proprium
2362 3562 2455 3591 habet

1405 3604 1581 3635 secundum
1604 3605 1803 3645 personalem
1827 3605 2089 3644 suppositionem.

2282 3673 2313 3698 27

2495 590 2504 600 ⁸
2519 589 2554 611 Cs.
2570 590 2660 620 Magist.
2675 590 2706 612 111

2493 616 2569 642 Sent.,
2591 617 2643 638 dist.
2664 622 2706 643 vn,

2493 648 2544 690 gap.
2560 643 2584 664 ln
2600 643 2644 664 hac
2660 643 2706 671 igi-

2495 772 2503 781 ·
2519 769 2588 791 Num.
2604 774 2637 790 ιιι.

2497 1863 2506 1872 “
2519 1861 2552 1883 Cf.
2569 1868 2632 1883 num.
2647 1868 2672 1883 ιι.

2486 3217 2496 3246 .'
2509 3216 2545 3246 Cf.
2560 3222 2622 3238 num.
2638 3222 2674 3242 ιιι,

2485 3246 2534 3264 mit.
