<?xml version="1.0" encoding="UTF-8"?>
<!DOCTYPE html PUBLIC "-//W3C//DTD XHTML 1.0 Transitional//EN"
    "http://www.w3.org/TR/xhtml1/DTD/xhtml1-transitional.dtd">
<html xmlns="http://www.w3.org/1999/xhtml" xml:lang="en" lang="en">
 <head>
  <title>
</title>
<meta http-equiv="Content-Type" content="text/html;charset=utf-8" />
  <meta name='ocr-system' content='tesseract 3.04.00' />
  <meta name='ocr-capabilities' content='ocr_page ocr_carea ocr_par ocr_line ocrx_word'/>
</head>
<body>
  <div class='ocr_page' id='page_1' title='image "./operaomniaiussui11thom_0173.png"; bbox 0 0 2872 3970; ppageno 0'>
   <div class='ocr_carea' id='block_1_1' title="bbox 0 483 194 3595">
    <p class='ocr_par' dir='ltr' id='par_1_1' title="bbox 0 483 194 3595">
     <span class='ocr_line' id='line_1_1' title="bbox 0 483 194 3595; baseline 0 0"><span class='ocrx_word' id='word_1_1' title='bbox 0 483 194 3595; x_wconf 95' lang='lat' dir='ltr'> </span> 
     </span>
    </p>
   </div>
   <div class='ocr_carea' id='block_1_2' title="bbox 951 267 1723 315">
    <p class='ocr_par' dir='ltr' id='par_1_2' title="bbox 951 267 1723 315">
     <span class='ocr_line' id='line_1_2' title="bbox 951 267 1723 315; baseline 0.001 -11"><span class='ocrx_word' id='word_1_2' title='bbox 951 267 1212 314; x_wconf 89' lang='lat' dir='ltr'>QUAESTIO</span> <span class='ocrx_word' id='word_1_3' title='bbox 1241 268 1325 315; x_wconf 92' lang='lat' dir='ltr'>VII,</span> <span class='ocrx_word' id='word_1_4' title='bbox 1354 267 1644 305; x_wconf 89' lang='lat' dir='ltr'>ARTICULUS</span> <span class='ocrx_word' id='word_1_5' title='bbox 1673 269 1723 305; x_wconf 93' lang='lat' dir='ltr'>IX</span> 
     </span>
    </p>
   </div>
   <div class='ocr_carea' id='block_1_3' title="bbox 246 343 1308 2223">
    <p class='ocr_par' dir='ltr' id='par_1_3' title="bbox 251 343 1308 549">
     <span class='ocr_line' id='line_1_3' title="bbox 253 343 1307 393; baseline -0.001 -12"><span class='ocrx_word' id='word_1_6' title='bbox 253 345 390 381; x_wconf 92' lang='lat' dir='ltr'>dicitur</span> <span class='ocrx_word' id='word_1_7' title='bbox 416 356 485 393; x_wconf 92' lang='lat' dir='ltr'>per</span> <span class='ocrx_word' id='word_1_8' title='bbox 505 356 624 393; x_wconf 90' lang='lat' dir='ltr'>quam</span> <span class='ocrx_word' id='word_1_9' title='bbox 652 343 874 381; x_wconf 91' lang='lat' dir='ltr'>iustificatur</span> <span class='ocrx_word' id='word_1_10' title='bbox 892 343 1044 392; x_wconf 87' lang='lat' dir='ltr'>impius.</span> <span class='ocrx_word' id='word_1_11' title='bbox 1083 345 1202 391; x_wconf 89' lang='lat' dir='ltr'>Quod</span> <span class='ocrx_word' id='word_1_12' title='bbox 1225 344 1307 392; x_wconf 94' lang='lat' dir='ltr'>qui-</span> 
     </span>
     <span class='ocr_line' id='line_1_4' title="bbox 252 395 1307 445; baseline -0.001 -12"><span class='ocrx_word' id='word_1_13' title='bbox 252 397 342 433; x_wconf 88' lang='lat' dir='ltr'>dem</span> <span class='ocrx_word' id='word_1_14' title='bbox 370 409 450 433; x_wconf 90' lang='lat' dir='ltr'>non</span> <span class='ocrx_word' id='word_1_15' title='bbox 469 396 601 433; x_wconf 85' lang='lat' dir='ltr'>habuit</span> <span class='ocrx_word' id='word_1_16' title='bbox 628 398 758 433; x_wconf 89' lang='lat' dir='ltr'>locum</span> <span class='ocrx_word' id='word_1_17' title='bbox 777 396 816 432; x_wconf 93' lang='lat' dir='ltr'>in</span> <span class='ocrx_word' id='word_1_18' title='bbox 837 395 999 442; x_wconf 88' lang='lat' dir='ltr'>Christo,</span> <span class='ocrx_word' id='word_1_19' title='bbox 1020 396 1087 445; x_wconf 92' lang='lat' dir='ltr'>qui</span> <span class='ocrx_word' id='word_1_20' title='bbox 1105 408 1307 445; x_wconf 89' lang='lat' dir='ltr'>nunquam</span> 
     </span>
     <span class='ocr_line' id='line_1_5' title="bbox 252 447 1308 497; baseline 0 -13"><span class='ocrx_word' id='word_1_21' title='bbox 252 448 438 486; x_wconf 90' lang='lat' dir='ltr'>subiacuit</span> <span class='ocrx_word' id='word_1_22' title='bbox 465 448 575 485; x_wconf 89' lang='lat' dir='ltr'>alicui</span> <span class='ocrx_word' id='word_1_23' title='bbox 593 456 760 497; x_wconf 77' lang='lat' dir='ltr'>peccato,</span> <span class='ocrx_word' id='word_1_24' title='bbox 791 449 891 495; x_wconf 88' lang='lat' dir='ltr'>Ergo</span> <span class='ocrx_word' id='word_1_25' title='bbox 911 447 950 484; x_wconf 92' lang='lat' dir='ltr'>in</span> <span class='ocrx_word' id='word_1_26' title='bbox 971 448 1121 484; x_wconf 90' lang='lat' dir='ltr'>Christo</span> <span class='ocrx_word' id='word_1_27' title='bbox 1141 460 1220 484; x_wconf 89' lang='lat' dir='ltr'>non</span> <span class='ocrx_word' id='word_1_28' title='bbox 1239 448 1308 484; x_wconf 85' lang='lat' dir='ltr'>fuit</span> 
     </span>
     <span class='ocr_line' id='line_1_6' title="bbox 251 500 626 549; baseline -0.003 -11"><span class='ocrx_word' id='word_1_29' title='bbox 251 500 448 549; x_wconf 90' lang='lat' dir='ltr'>plenitudo</span> <span class='ocrx_word' id='word_1_30' title='bbox 476 501 626 548; x_wconf 88' lang='lat' dir='ltr'>gratiae.</span> 
     </span>
    </p>

    <p class='ocr_par' dir='ltr' id='par_1_4' title="bbox 249 552 1307 862">
     <span class='ocr_line' id='line_1_7' title="bbox 307 552 1306 601; baseline -0.002 -11"><span class='ocrx_word' id='word_1_31' title='bbox 307 552 342 590; x_wconf 88' lang='lat'>3.</span> <span class='ocrx_word' id='word_1_32' title='bbox 364 554 594 599; x_wconf 59' lang='lat' dir='ltr'>Puni-Eam,</span> <span class='ocrx_word' id='word_1_33' title='bbox 614 554 684 590; x_wconf 92' lang='lat' dir='ltr'>Iac.</span> <span class='ocrx_word' id='word_1_34' title='bbox 697 565 706 589; x_wconf 91' lang='lat'>1</span> <span class='ocrx_word' id='word_1_35' title='bbox 719 552 740 574; x_wconf 73' lang='lat'>’¹‘</span> <span class='ocrx_word' id='word_1_36' title='bbox 757 552 910 589; x_wconf 90' lang='lat' dir='ltr'>dicitur:</span> <span class='ocrx_word' id='word_1_37' title='bbox 935 554 1055 591; x_wconf 87' lang='lat' dir='ltr'><strong><em>Omne</em></strong></span> <span class='ocrx_word' id='word_1_38' title='bbox 1072 552 1197 589; x_wconf 86' lang='lat' dir='ltr'>datum</span> <span class='ocrx_word' id='word_1_39' title='bbox 1217 554 1306 601; x_wconf 88' lang='lat' dir='ltr'>opti-</span> 
     </span>
     <span class='ocr_line' id='line_1_8' title="bbox 250 605 1306 654; baseline -0.002 -12"><span class='ocrx_word' id='word_1_40' title='bbox 250 617 366 652; x_wconf 87' lang='lat' dir='ltr'>mum,</span> <span class='ocrx_word' id='word_1_41' title='bbox 381 611 414 642; x_wconf 83' lang='lat' dir='ltr'>et</span> <span class='ocrx_word' id='word_1_42' title='bbox 431 617 542 642; x_wconf 90' lang='lat' dir='ltr'>omne</span> <span class='ocrx_word' id='word_1_43' title='bbox 559 605 697 642; x_wconf 85' lang='lat' dir='ltr'>donum</span> <span class='ocrx_word' id='word_1_44' title='bbox 711 606 929 654; x_wconf 78' lang='lat' dir='ltr'>perfectum,</span> <span class='ocrx_word' id='word_1_45' title='bbox 945 606 990 642; x_wconf 89' lang='lat' dir='ltr'>de</span> <span class='ocrx_word' id='word_1_46' title='bbox 1006 616 1152 641; x_wconf 83' lang='lat' dir='ltr'>sursum</span> <span class='ocrx_word' id='word_1_47' title='bbox 1172 610 1232 650; x_wconf 82' lang='lat' dir='ltr'>est,</span> <span class='ocrx_word' id='word_1_48' title='bbox 1249 606 1306 640; x_wconf 87' lang='lat' dir='ltr'>de-</span> 
     </span>
     <span class='ocr_line' id='line_1_9' title="bbox 249 656 1304 706; baseline -0.002 -12"><span class='ocrx_word' id='word_1_49' title='bbox 249 658 424 694; x_wconf 84' lang='lat' dir='ltr'>scendens</span> <span class='ocrx_word' id='word_1_50' title='bbox 451 670 475 694; x_wconf 88' lang='lat' dir='ltr'>a</span> <span class='ocrx_word' id='word_1_51' title='bbox 501 659 612 694; x_wconf 86' lang='lat' dir='ltr'>Patre</span> <span class='ocrx_word' id='word_1_52' title='bbox 638 658 831 693; x_wconf 87' lang='lat' dir='ltr'>luminum.</span> <span class='ocrx_word' id='word_1_53' title='bbox 862 658 938 694; x_wconf 89' lang='lat' dir='ltr'>Sed</span> <span class='ocrx_word' id='word_1_54' title='bbox 966 657 1073 706; x_wconf 93' lang='lat' dir='ltr'>quod</span> <span class='ocrx_word' id='word_1_55' title='bbox 1100 656 1304 703; x_wconf 90' lang='lat' dir='ltr'>descendit,</span> 
     </span>
     <span class='ocr_line' id='line_1_10' title="bbox 250 709 1307 758; baseline -0.001 -12"><span class='ocrx_word' id='word_1_56' title='bbox 250 709 413 746; x_wconf 90' lang='lat' dir='ltr'>habetur</span> <span class='ocrx_word' id='word_1_57' title='bbox 439 709 721 758; x_wconf 84' lang='lat' dir='ltr'>particulariter,</span> <span class='ocrx_word' id='word_1_58' title='bbox 750 717 787 745; x_wconf 91' lang='lat' dir='ltr'>et</span> <span class='ocrx_word' id='word_1_59' title='bbox 814 721 893 746; x_wconf 93' lang='lat' dir='ltr'>non</span> <span class='ocrx_word' id='word_1_60' title='bbox 921 710 1043 758; x_wconf 87' lang='lat' dir='ltr'>plene.</span> <span class='ocrx_word' id='word_1_61' title='bbox 1074 709 1174 756; x_wconf 90' lang='lat' dir='ltr'>Ergo</span> <span class='ocrx_word' id='word_1_62' title='bbox 1203 710 1307 745; x_wconf 91' lang='lat' dir='ltr'>nulla</span> 
     </span>
     <span class='ocr_line' id='line_1_11' title="bbox 250 760 1305 810; baseline -0.001 -12"><span class='ocrx_word' id='word_1_63' title='bbox 250 769 432 808; x_wconf 87' lang='lat' dir='ltr'>creatura,</span> <span class='ocrx_word' id='word_1_64' title='bbox 461 773 533 799; x_wconf 92' lang='lat' dir='ltr'>nec</span> <span class='ocrx_word' id='word_1_65' title='bbox 551 762 665 798; x_wconf 89' lang='lat' dir='ltr'>etiarn</span> <span class='ocrx_word' id='word_1_66' title='bbox 686 761 815 798; x_wconf 90' lang='lat' dir='ltr'>anima</span> <span class='ocrx_word' id='word_1_67' title='bbox 835 761 984 809; x_wconf 85' lang='lat' dir='ltr'><strong>Christi,</strong></span> <span class='ocrx_word' id='word_1_68' title='bbox 1013 768 1138 810; x_wconf 90' lang='lat' dir='ltr'>potest</span> <span class='ocrx_word' id='word_1_69' title='bbox 1164 760 1305 797; x_wconf 89' lang='lat' dir='ltr'>habere</span> 
     </span>
     <span class='ocr_line' id='line_1_12' title="bbox 249 813 927 862; baseline -0.001 -11"><span class='ocrx_word' id='word_1_70' title='bbox 249 813 527 862; x_wconf 89' lang='lat' dir='ltr'>plenitudinem</span> <span class='ocrx_word' id='word_1_71' title='bbox 555 814 749 851; x_wconf 88' lang='lat' dir='ltr'>donomm</span> <span class='ocrx_word' id='word_1_72' title='bbox 777 814 927 861; x_wconf 87' lang='lat' dir='ltr'>gratiae.</span> 
     </span>
    </p>

    <p class='ocr_par' dir='ltr' id='par_1_5' title="bbox 249 865 1306 968">
     <span class='ocr_line' id='line_1_13' title="bbox 303 865 1306 915; baseline -0.002 -12"><span class='ocrx_word' id='word_1_73' title='bbox 303 867 376 903; x_wconf 76' lang='lat' dir='ltr'>SED</span> <span class='ocrx_word' id='word_1_74' title='bbox 396 878 540 903; x_wconf 69' lang='lat' dir='ltr'>com-rm</span> <span class='ocrx_word' id='word_1_75' title='bbox 559 878 624 902; x_wconf 80' lang='lat' dir='ltr'>EST</span> <span class='ocrx_word' id='word_1_76' title='bbox 652 866 758 915; x_wconf 90' lang='lat' dir='ltr'>quod</span> <span class='ocrx_word' id='word_1_77' title='bbox 777 866 914 903; x_wconf 90' lang='lat' dir='ltr'>dicitur</span> <span class='ocrx_word' id='word_1_78' title='bbox 932 868 1034 903; x_wconf 91' lang='lat' dir='ltr'>Ioan.</span> <span class='ocrx_word' id='word_1_79' title='bbox 1051 878 1060 902; x_wconf 90' lang='lat'>1</span> <span class='ocrx_word' id='word_1_80' title='bbox 1079 865 1114 902; x_wconf 76' lang='lat' dir='ltr'>*z</span> <span class='ocrx_word' id='word_1_81' title='bbox 1143 866 1306 902; x_wconf 87' lang='lat' dir='ltr'>Vidimus</span> 
     </span>
     <span class='ocr_line' id='line_1_14' title="bbox 249 919 939 968; baseline 0 -13"><span class='ocrx_word' id='word_1_82' title='bbox 249 930 333 955; x_wconf 85' lang='lat' dir='ltr'>eum</span> <span class='ocrx_word' id='word_1_83' title='bbox 354 919 510 968; x_wconf 85' lang='lat' dir='ltr'>plenum</span> <span class='ocrx_word' id='word_1_84' title='bbox 536 920 684 968; x_wconf 80' lang='lat' dir='ltr'>gratiae</span> <span class='ocrx_word' id='word_1_85' title='bbox 710 925 743 955; x_wconf 87' lang='lat' dir='ltr'>et</span> <span class='ocrx_word' id='word_1_86' title='bbox 769 921 939 956; x_wconf 82' lang='lat' dir='ltr'>veritatis.</span> 
     </span>
    </p>

    <p class='ocr_par' dir='ltr' id='par_1_6' title="bbox 246 970 1306 1543">
     <span class='ocr_line' id='line_1_15' title="bbox 302 970 1305 1020; baseline -0.002 -12"><span class='ocrx_word' id='word_1_87' title='bbox 302 972 523 1008; x_wconf 64' lang='lat' dir='ltr'>REsponmzo</span> <span class='ocrx_word' id='word_1_88' title='bbox 543 982 722 1008; x_wconf 81' lang='lat' dir='ltr'>DICENDUM</span> <span class='ocrx_word' id='word_1_89' title='bbox 751 971 857 1020; x_wconf 92' lang='lat' dir='ltr'>quod</span> <span class='ocrx_word' id='word_1_90' title='bbox 884 972 995 1020; x_wconf 89' lang='lat' dir='ltr'>plene</span> <span class='ocrx_word' id='word_1_91' title='bbox 1015 970 1151 1007; x_wconf 91' lang='lat' dir='ltr'>dicitur</span> <span class='ocrx_word' id='word_1_92' title='bbox 1173 970 1305 1006; x_wconf 91' lang='lat' dir='ltr'>haberi</span> 
     </span>
     <span class='ocr_line' id='line_1_16' title="bbox 249 1022 1305 1073; baseline -0.001 -13"><span class='ocrx_word' id='word_1_93' title='bbox 249 1023 356 1073; x_wconf 91' lang='lat' dir='ltr'>quod</span> <span class='ocrx_word' id='word_1_94' title='bbox 374 1023 535 1060; x_wconf 88' lang='lat' dir='ltr'>totaliter</span> <span class='ocrx_word' id='word_1_95' title='bbox 550 1031 587 1060; x_wconf 91' lang='lat' dir='ltr'>et</span> <span class='ocrx_word' id='word_1_96' title='bbox 602 1023 766 1072; x_wconf 86' lang='lat' dir='ltr'>perfecte</span> <span class='ocrx_word' id='word_1_97' title='bbox 786 1023 958 1060; x_wconf 88' lang='lat' dir='ltr'>habetur.</span> <span class='ocrx_word' id='word_1_98' title='bbox 979 1022 1161 1060; x_wconf 89' lang='lat' dir='ltr'>Tot-alitas</span> <span class='ocrx_word' id='word_1_99' title='bbox 1176 1030 1305 1059; x_wconf 91' lang='lat' dir='ltr'>autem</span> 
     </span>
     <span class='ocr_line' id='line_1_17' title="bbox 249 1075 1304 1125; baseline 0 -14"><span class='ocrx_word' id='word_1_100' title='bbox 249 1083 285 1112; x_wconf 87' lang='lat' dir='ltr'>et</span> <span class='ocrx_word' id='word_1_101' title='bbox 312 1076 491 1125; x_wconf 87' lang='lat' dir='ltr'>perfectio</span> <span class='ocrx_word' id='word_1_102' title='bbox 519 1083 643 1125; x_wconf 89' lang='lat' dir='ltr'>potest</span> <span class='ocrx_word' id='word_1_103' title='bbox 667 1076 808 1113; x_wconf 90' lang='lat' dir='ltr'>attendi</span> <span class='ocrx_word' id='word_1_104' title='bbox 827 1075 1035 1124; x_wconf 86' lang='lat' dir='ltr'>dupliciter.</span> <span class='ocrx_word' id='word_1_105' title='bbox 1066 1076 1153 1112; x_wconf 91' lang='lat' dir='ltr'>Uno</span> <span class='ocrx_word' id='word_1_106' title='bbox 1172 1075 1304 1122; x_wconf 89' lang='lat' dir='ltr'>modo,</span> 
     </span>
     <span class='ocr_line' id='line_1_18' title="bbox 249 1127 1306 1177; baseline -0.001 -13"><span class='ocrx_word' id='word_1_107' title='bbox 249 1135 438 1177; x_wconf 90' lang='lat' dir='ltr'>quantum</span> <span class='ocrx_word' id='word_1_108' title='bbox 469 1128 518 1165; x_wconf 91' lang='lat' dir='ltr'>ad</span> <span class='ocrx_word' id='word_1_109' title='bbox 546 1128 795 1177; x_wconf 85' lang='lat' dir='ltr'>quantitatem</span> <span class='ocrx_word' id='word_1_110' title='bbox 823 1128 904 1165; x_wconf 91' lang='lat' dir='ltr'>eius</span> <span class='ocrx_word' id='word_1_111' title='bbox 932 1127 1177 1165; x_wconf 86' lang='lat' dir='ltr'>intensivam:</span> <span class='ocrx_word' id='word_1_112' title='bbox 1212 1134 1306 1176; x_wconf 91' lang='lat' dir='ltr'>puta</span> 
     </span>
     <span class='ocr_line' id='line_1_19' title="bbox 249 1179 1304 1229; baseline -0.002 -12"><span class='ocrx_word' id='word_1_113' title='bbox 249 1180 280 1217; x_wconf 89' lang='lat' dir='ltr'>si</span> <span class='ocrx_word' id='word_1_114' title='bbox 307 1180 433 1217; x_wconf 84' lang='lat' dir='ltr'>dicam</span> <span class='ocrx_word' id='word_1_115' title='bbox 462 1180 629 1229; x_wconf 89' lang='lat' dir='ltr'>aliquem</span> <span class='ocrx_word' id='word_1_116' title='bbox 649 1182 761 1229; x_wconf 90' lang='lat' dir='ltr'>plene</span> <span class='ocrx_word' id='word_1_117' title='bbox 780 1181 921 1217; x_wconf 89' lang='lat' dir='ltr'>habere</span> <span class='ocrx_word' id='word_1_118' title='bbox 941 1179 1169 1226; x_wconf 70' lang='lat' dir='ltr'>albedinem,</span> <span class='ocrx_word' id='word_1_119' title='bbox 1190 1179 1220 1215; x_wconf 90' lang='lat' dir='ltr'>si</span> <span class='ocrx_word' id='word_1_120' title='bbox 1239 1180 1304 1216; x_wconf 89' lang='lat' dir='ltr'>ha-</span> 
     </span>
     <span class='ocr_line' id='line_1_20' title="bbox 248 1231 1304 1281; baseline -0.002 -12"><span class='ocrx_word' id='word_1_121' title='bbox 248 1233 335 1269; x_wconf 90' lang='lat' dir='ltr'>beat</span> <span class='ocrx_word' id='word_1_122' title='bbox 362 1244 449 1269; x_wconf 90' lang='lat' dir='ltr'>eam</span> <span class='ocrx_word' id='word_1_123' title='bbox 477 1240 836 1281; x_wconf 90' lang='lat' dir='ltr'>quantumcumque</span> <span class='ocrx_word' id='word_1_124' title='bbox 857 1240 946 1269; x_wconf 91' lang='lat' dir='ltr'>nata</span> <span class='ocrx_word' id='word_1_125' title='bbox 965 1240 1019 1268; x_wconf 90' lang='lat' dir='ltr'>est</span> <span class='ocrx_word' id='word_1_126' title='bbox 1047 1231 1190 1268; x_wconf 82' lang='lat' dir='ltr'>haberi.</span> <span class='ocrx_word' id='word_1_127' title='bbox 1219 1231 1304 1268; x_wconf 88' lang='lat' dir='ltr'>Alio</span> 
     </span>
     <span class='ocr_line' id='line_1_21' title="bbox 248 1283 1306 1333; baseline -0.002 -11"><span class='ocrx_word' id='word_1_128' title='bbox 248 1285 381 1332; x_wconf 91' lang='lat' dir='ltr'>modo,</span> <span class='ocrx_word' id='word_1_129' title='bbox 401 1285 616 1322; x_wconf 89' lang='lat' dir='ltr'>secundum</span> <span class='ocrx_word' id='word_1_130' title='bbox 632 1285 830 1322; x_wconf 87' lang='lat' dir='ltr'>virtutem:</span> <span class='ocrx_word' id='word_1_131' title='bbox 850 1292 943 1333; x_wconf 91' lang='lat' dir='ltr'>puta</span> <span class='ocrx_word' id='word_1_132' title='bbox 961 1284 992 1321; x_wconf 90' lang='lat' dir='ltr'>si</span> <span class='ocrx_word' id='word_1_133' title='bbox 1011 1283 1146 1333; x_wconf 89' lang='lat' dir='ltr'>aliquis</span> <span class='ocrx_word' id='word_1_134' title='bbox 1159 1284 1306 1321; x_wconf 91' lang='lat' dir='ltr'>dicatur</span> 
     </span>
     <span class='ocr_line' id='line_1_22' title="bbox 247 1336 1304 1386; baseline 0 -13"><span class='ocrx_word' id='word_1_135' title='bbox 247 1338 360 1386; x_wconf 84' lang='lat' dir='ltr'>plene</span> <span class='ocrx_word' id='word_1_136' title='bbox 387 1337 528 1374; x_wconf 89' lang='lat' dir='ltr'>habere</span> <span class='ocrx_word' id='word_1_137' title='bbox 555 1337 686 1383; x_wconf 89' lang='lat' dir='ltr'>vitam,</span> <span class='ocrx_word' id='word_1_138' title='bbox 716 1337 807 1385; x_wconf 91' lang='lat' dir='ltr'>quia</span> <span class='ocrx_word' id='word_1_139' title='bbox 833 1337 948 1374; x_wconf 90' lang='lat' dir='ltr'>habet</span> <span class='ocrx_word' id='word_1_140' title='bbox 975 1349 1062 1374; x_wconf 90' lang='lat' dir='ltr'>eam</span> <span class='ocrx_word' id='word_1_141' title='bbox 1089 1336 1304 1373; x_wconf 85' lang='lat' dir='ltr'>secundum</span> 
     </span>
     <span class='ocr_line' id='line_1_23' title="bbox 247 1388 1305 1438; baseline -0.002 -12"><span class='ocrx_word' id='word_1_142' title='bbox 247 1401 384 1426; x_wconf 92' lang='lat' dir='ltr'>omnes</span> <span class='ocrx_word' id='word_1_143' title='bbox 403 1390 560 1426; x_wconf 86' lang='lat' dir='ltr'>effectus</span> <span class='ocrx_word' id='word_1_144' title='bbox 574 1391 635 1426; x_wconf 91' lang='lat' dir='ltr'>vel</span> <span class='ocrx_word' id='word_1_145' title='bbox 654 1401 772 1438; x_wconf 91' lang='lat' dir='ltr'>opera</span> <span class='ocrx_word' id='word_1_146' title='bbox 790 1389 900 1426; x_wconf 90' lang='lat' dir='ltr'>vitae.</span> <span class='ocrx_word' id='word_1_147' title='bbox 923 1390 971 1426; x_wconf 90' lang='lat' dir='ltr'>Et</span> <span class='ocrx_word' id='word_1_148' title='bbox 990 1389 1042 1425; x_wconf 92' lang='lat' dir='ltr'>sic</span> <span class='ocrx_word' id='word_1_149' title='bbox 1060 1390 1171 1437; x_wconf 87' lang='lat' dir='ltr'>plene</span> <span class='ocrx_word' id='word_1_150' title='bbox 1190 1388 1305 1427; x_wconf 88' lang='lat' dir='ltr'>habet</span> 
     </span>
     <span class='ocr_line' id='line_1_24' title="bbox 246 1441 1304 1487; baseline -0.001 -9"><span class='ocrx_word' id='word_1_151' title='bbox 246 1442 366 1478; x_wconf 89' lang='lat' dir='ltr'>vitam</span> <span class='ocrx_word' id='word_1_152' title='bbox 402 1443 547 1478; x_wconf 91' lang='lat' dir='ltr'>homo:</span> <span class='ocrx_word' id='word_1_153' title='bbox 589 1454 670 1479; x_wconf 90' lang='lat' dir='ltr'>non</span> <span class='ocrx_word' id='word_1_154' title='bbox 707 1449 836 1478; x_wconf 87' lang='lat' dir='ltr'>autem</span> <span class='ocrx_word' id='word_1_155' title='bbox 872 1442 1029 1478; x_wconf 90' lang='lat' dir='ltr'>brutum</span> <span class='ocrx_word' id='word_1_156' title='bbox 1057 1441 1215 1487; x_wconf 91' lang='lat' dir='ltr'>animal,</span> <span class='ocrx_word' id='word_1_157' title='bbox 1243 1442 1304 1477; x_wconf 86' lang='lat' dir='ltr'>vel</span> 
     </span>
     <span class='ocr_line' id='line_1_25' title="bbox 246 1495 385 1543; baseline 0 -13"><span class='ocrx_word' id='word_1_158' title='bbox 246 1495 385 1543; x_wconf 90' lang='lat' dir='ltr'>planta.</span> 
     </span>
    </p>

    <p class='ocr_par' dir='ltr' id='par_1_7' title="bbox 247 1545 1306 2223">
     <span class='ocr_line' id='line_1_26' title="bbox 299 1545 1304 1595; baseline -0.001 -12"><span class='ocrx_word' id='word_1_159' title='bbox 299 1547 471 1595; x_wconf 90' lang='lat' dir='ltr'>Utroque</span> <span class='ocrx_word' id='word_1_160' title='bbox 499 1554 629 1583; x_wconf 89' lang='lat' dir='ltr'>autern</span> <span class='ocrx_word' id='word_1_161' title='bbox 656 1547 776 1583; x_wconf 90' lang='lat' dir='ltr'>modo</span> <span class='ocrx_word' id='word_1_162' title='bbox 806 1546 979 1584; x_wconf 90' lang='lat' dir='ltr'>Christus</span> <span class='ocrx_word' id='word_1_163' title='bbox 1007 1545 1140 1582; x_wconf 87' lang='lat' dir='ltr'>habuit</span> <span class='ocrx_word' id='word_1_164' title='bbox 1165 1545 1304 1592; x_wconf 88' lang='lat' dir='ltr'>gratiae</span> 
     </span>
     <span class='ocr_line' id='line_1_27' title="bbox 247 1597 1306 1647; baseline -0.001 -12"><span class='ocrx_word' id='word_1_165' title='bbox 247 1598 536 1647; x_wconf 89' lang='lat' dir='ltr'>plenitudinem.</span> <span class='ocrx_word' id='word_1_166' title='bbox 576 1599 706 1636; x_wconf 89' lang='lat' dir='ltr'>Primo</span> <span class='ocrx_word' id='word_1_167' title='bbox 734 1598 912 1647; x_wconf 90' lang='lat' dir='ltr'>quidem,</span> <span class='ocrx_word' id='word_1_168' title='bbox 940 1597 1031 1646; x_wconf 89' lang='lat' dir='ltr'>quia</span> <span class='ocrx_word' id='word_1_169' title='bbox 1058 1598 1192 1635; x_wconf 87' lang='lat' dir='ltr'>habuit</span> <span class='ocrx_word' id='word_1_170' title='bbox 1219 1610 1306 1634; x_wconf 89' lang='lat' dir='ltr'>eam</span> 
     </span>
     <span class='ocr_line' id='line_1_28' title="bbox 248 1650 1306 1699; baseline -0.002 -11"><span class='ocrx_word' id='word_1_171' title='bbox 248 1651 287 1687; x_wconf 91' lang='lat' dir='ltr'>in</span> <span class='ocrx_word' id='word_1_172' title='bbox 322 1663 499 1698; x_wconf 88' lang='lat' dir='ltr'>summo,</span> <span class='ocrx_word' id='word_1_173' title='bbox 537 1652 753 1688; x_wconf 90' lang='lat' dir='ltr'>secundum</span> <span class='ocrx_word' id='word_1_174' title='bbox 790 1650 1106 1699; x_wconf 89' lang='lat' dir='ltr'>perfectissimum</span> <span class='ocrx_word' id='word_1_175' title='bbox 1141 1650 1306 1686; x_wconf 91' lang='lat' dir='ltr'>modum</span> 
     </span>
     <span class='ocr_line' id='line_1_29' title="bbox 248 1702 1305 1752; baseline -0.001 -13"><span class='ocrx_word' id='word_1_176' title='bbox 248 1703 314 1752; x_wconf 91' lang='lat' dir='ltr'>qui</span> <span class='ocrx_word' id='word_1_177' title='bbox 335 1702 350 1732; x_wconf 73' lang='grc' dir='ltr'><strong>β</strong></span> <span class='ocrx_word' id='word_1_178' title='bbox 376 1711 500 1752; x_wconf 90' lang='lat' dir='ltr'>potest</span> <span class='ocrx_word' id='word_1_179' title='bbox 528 1703 671 1740; x_wconf 89' lang='lat' dir='ltr'>haberi.</span> <span class='ocrx_word' id='word_1_180' title='bbox 701 1704 749 1740; x_wconf 91' lang='lat' dir='ltr'>Et</span> <span class='ocrx_word' id='word_1_181' title='bbox 768 1704 844 1740; x_wconf 91' lang='lat' dir='ltr'>hoc</span> <span class='ocrx_word' id='word_1_182' title='bbox 862 1703 1020 1752; x_wconf 91' lang='lat' dir='ltr'>quidem</span> <span class='ocrx_word' id='word_1_183' title='bbox 1048 1710 1204 1751; x_wconf 90' lang='lat' dir='ltr'>apparet</span> <span class='ocrx_word' id='word_1_184' title='bbox 1230 1702 1305 1751; x_wconf 90' lang='lat' dir='ltr'>pri-</span> 
     </span>
     <span class='ocr_line' id='line_1_30' title="bbox 248 1754 1305 1804; baseline -0.002 -12"><span class='ocrx_word' id='word_1_185' title='bbox 248 1767 328 1800; x_wconf 91' lang='lat' dir='ltr'>mo,</span> <span class='ocrx_word' id='word_1_186' title='bbox 358 1768 404 1792; x_wconf 91' lang='lat' dir='ltr'>ex</span> <span class='ocrx_word' id='word_1_187' title='bbox 431 1755 714 1804; x_wconf 88' lang='lat' dir='ltr'>propinquitate</span> <span class='ocrx_word' id='word_1_188' title='bbox 736 1755 886 1793; x_wconf 85' lang='lat' dir='ltr'>animae</span> <span class='ocrx_word' id='word_1_189' title='bbox 907 1754 1045 1792; x_wconf 90' lang='lat' dir='ltr'>Christi</span> <span class='ocrx_word' id='word_1_190' title='bbox 1073 1755 1120 1791; x_wconf 92' lang='lat' dir='ltr'>ad</span> <span class='ocrx_word' id='word_1_191' title='bbox 1149 1767 1305 1791; x_wconf 88' lang='lat' dir='ltr'>causam</span> 
     </span>
     <span class='ocr_line' id='line_1_31' title="bbox 247 1806 1302 1856; baseline -0.002 -12"><span class='ocrx_word' id='word_1_192' title='bbox 247 1807 396 1855; x_wconf 89' lang='lat' dir='ltr'>gratiae.</span> <span class='ocrx_word' id='word_1_193' title='bbox 426 1808 582 1844; x_wconf 89' lang='lat' dir='ltr'>Dictum</span> <span class='ocrx_word' id='word_1_194' title='bbox 601 1816 656 1844; x_wconf 90' lang='lat' dir='ltr'>est</span> <span class='ocrx_word' id='word_1_195' title='bbox 679 1807 783 1844; x_wconf 91' lang='lat' dir='ltr'>enim</span> <span class='ocrx_word' id='word_1_196' title='bbox 797 1807 816 1829; x_wconf 83' lang='grc'><em>*</em></span> <span class='ocrx_word' id='word_1_197' title='bbox 836 1807 953 1856; x_wconf 91' lang='lat' dir='ltr'>quod,</span> <span class='ocrx_word' id='word_1_198' title='bbox 975 1814 1118 1855; x_wconf 92' lang='lat' dir='ltr'>quanto</span> <span class='ocrx_word' id='word_1_199' title='bbox 1147 1806 1302 1855; x_wconf 89' lang='lat' dir='ltr'>aliquod</span> 
     </span>
     <span class='ocr_line' id='line_1_32' title="bbox 247 1858 1302 1909; baseline -0.002 -13"><span class='ocrx_word' id='word_1_200' title='bbox 247 1860 483 1908; x_wconf 88' lang='lat' dir='ltr'>receptivum</span> <span class='ocrx_word' id='word_1_201' title='bbox 497 1860 752 1909; x_wconf 88' lang='lat' dir='ltr'>propinquius</span> <span class='ocrx_word' id='word_1_202' title='bbox 766 1867 821 1896; x_wconf 92' lang='lat' dir='ltr'>est</span> <span class='ocrx_word' id='word_1_203' title='bbox 835 1871 970 1896; x_wconf 90' lang='lat' dir='ltr'>causae</span> <span class='ocrx_word' id='word_1_204' title='bbox 986 1858 1171 1905; x_wconf 91' lang='lat' dir='ltr'>influenti,</span> <span class='ocrx_word' id='word_1_205' title='bbox 1185 1859 1302 1895; x_wconf 89' lang='lat' dir='ltr'>abun-</span> 
     </span>
     <span class='ocr_line' id='line_1_33' title="bbox 247 1911 1303 1961; baseline -0.003 -12"><span class='ocrx_word' id='word_1_206' title='bbox 247 1912 397 1949; x_wconf 88' lang='lat' dir='ltr'>dantius</span> <span class='ocrx_word' id='word_1_207' title='bbox 412 1917 428 1941; x_wconf 78' lang='grc' dir='ltr'><strong>Υ</strong></span> <span class='ocrx_word' id='word_1_208' title='bbox 447 1912 588 1961; x_wconf 88' lang='lat' dir='ltr'>recipit.</span> <span class='ocrx_word' id='word_1_209' title='bbox 610 1913 658 1949; x_wconf 93' lang='lat' dir='ltr'>Et</span> <span class='ocrx_word' id='word_1_210' title='bbox 676 1912 763 1948; x_wconf 92' lang='lat' dir='ltr'>ideo</span> <span class='ocrx_word' id='word_1_211' title='bbox 783 1911 911 1948; x_wconf 90' lang='lat' dir='ltr'>anima</span> <span class='ocrx_word' id='word_1_212' title='bbox 932 1911 1081 1957; x_wconf 83' lang='lat' dir='ltr'>Christi,</span> <span class='ocrx_word' id='word_1_213' title='bbox 1097 1923 1196 1959; x_wconf 90' lang='lat' dir='ltr'>quae</span> <span class='ocrx_word' id='word_1_214' title='bbox 1215 1923 1303 1959; x_wconf 90' lang='lat' dir='ltr'>pro-</span> 
     </span>
     <span class='ocr_line' id='line_1_34' title="bbox 247 1964 1304 2013; baseline -0.002 -12"><span class='ocrx_word' id='word_1_215' title='bbox 247 1964 430 2013; x_wconf 89' lang='lat' dir='ltr'>pinquius</span> <span class='ocrx_word' id='word_1_216' title='bbox 458 1964 701 2012; x_wconf 90' lang='lat' dir='ltr'>coniungitur</span> <span class='ocrx_word' id='word_1_217' title='bbox 728 1965 812 2001; x_wconf 94' lang='lat' dir='ltr'>Deo</span> <span class='ocrx_word' id='word_1_218' title='bbox 841 1964 937 2000; x_wconf 92' lang='lat' dir='ltr'>inter</span> <span class='ocrx_word' id='word_1_219' title='bbox 959 1975 1096 2000; x_wconf 90' lang='lat' dir='ltr'>omnes</span> <span class='ocrx_word' id='word_1_220' title='bbox 1114 1970 1304 2000; x_wconf 89' lang='lat' dir='ltr'>creaturas</span> 
     </span>
     <span class='ocr_line' id='line_1_35' title="bbox 248 2015 1303 2066; baseline -0.002 -13"><span class='ocrx_word' id='word_1_221' title='bbox 248 2017 466 2063; x_wconf 86' lang='lat' dir='ltr'>rationales,</span> <span class='ocrx_word' id='word_1_222' title='bbox 503 2017 633 2066; x_wconf 91' lang='lat' dir='ltr'>recipit</span> <span class='ocrx_word' id='word_1_223' title='bbox 660 2016 870 2054; x_wconf 86' lang='lat' dir='ltr'>maximam</span> <span class='ocrx_word' id='word_1_224' title='bbox 898 2016 1138 2052; x_wconf 90' lang='lat' dir='ltr'>influentiam</span> <span class='ocrx_word' id='word_1_225' title='bbox 1165 2015 1303 2062; x_wconf 88' lang='lat' dir='ltr'>gratiae</span> 
     </span>
     <span class='ocr_line' id='line_1_36' title="bbox 248 2068 1303 2118; baseline -0.003 -12"><span class='ocrx_word' id='word_1_226' title='bbox 248 2068 340 2106; x_wconf 89' lang='lat' dir='ltr'>eius.</span> <span class='ocrx_word' id='word_1_227' title='bbox 371 2091 396 2095; x_wconf 97' lang='lat'><strong>—</strong></span> <span class='ocrx_word' id='word_1_228' title='bbox 425 2070 617 2117; x_wconf 91' lang='lat' dir='ltr'>Secundo,</span> <span class='ocrx_word' id='word_1_229' title='bbox 647 2081 693 2105; x_wconf 92' lang='lat' dir='ltr'>ex</span> <span class='ocrx_word' id='word_1_230' title='bbox 721 2068 1008 2118; x_wconf 91' lang='lat' dir='ltr'>comparatione</span> <span class='ocrx_word' id='word_1_231' title='bbox 1027 2068 1109 2104; x_wconf 90' lang='lat' dir='ltr'>eius</span> <span class='ocrx_word' id='word_1_232' title='bbox 1137 2068 1185 2104; x_wconf 92' lang='lat' dir='ltr'>ad</span> <span class='ocrx_word' id='word_1_233' title='bbox 1214 2068 1303 2104; x_wconf 83' lang='lat' dir='ltr'>effe-</span> 
     </span>
     <span class='ocr_line' id='line_1_37' title="bbox 247 2119 1303 2170; baseline -0.003 -12"><span class='ocrx_word' id='word_1_234' title='bbox 247 2129 363 2158; x_wconf 90' lang='lat' dir='ltr'>ctum.</span> <span class='ocrx_word' id='word_1_235' title='bbox 394 2121 456 2159; x_wconf 92' lang='lat' dir='ltr'>Sic</span> <span class='ocrx_word' id='word_1_236' title='bbox 475 2121 578 2158; x_wconf 90' lang='lat' dir='ltr'>enim</span> <span class='ocrx_word' id='word_1_237' title='bbox 606 2121 810 2170; x_wconf 90' lang='lat' dir='ltr'>recipiebat</span> <span class='ocrx_word' id='word_1_238' title='bbox 837 2121 965 2158; x_wconf 90' lang='lat' dir='ltr'>anima</span> <span class='ocrx_word' id='word_1_239' title='bbox 985 2119 1123 2157; x_wconf 86' lang='lat' dir='ltr'>Christi</span> <span class='ocrx_word' id='word_1_240' title='bbox 1145 2120 1303 2167; x_wconf 84' lang='lat' dir='ltr'>gratiam</span> 
     </span>
     <span class='ocr_line' id='line_1_38' title="bbox 247 2172 1301 2223; baseline -0.002 -13"><span class='ocrx_word' id='word_1_241' title='bbox 247 2181 290 2210; x_wconf 92' lang='lat' dir='ltr'>ut</span> <span class='ocrx_word' id='word_1_242' title='bbox 317 2186 363 2210; x_wconf 89' lang='lat' dir='ltr'>ex</span> <span class='ocrx_word' id='word_1_243' title='bbox 391 2186 436 2211; x_wconf 91' lang='lat' dir='ltr'>ea</span> <span class='ocrx_word' id='word_1_244' title='bbox 463 2174 757 2223; x_wconf 90' lang='lat' dir='ltr'>quodammodo</span> <span class='ocrx_word' id='word_1_245' title='bbox 785 2173 1112 2210; x_wconf 88' lang='lat' dir='ltr'>transfunderetur</span> <span class='ocrx_word' id='word_1_246' title='bbox 1138 2172 1178 2209; x_wconf 90' lang='lat' dir='ltr'>in</span> <span class='ocrx_word' id='word_1_247' title='bbox 1197 2172 1301 2208; x_wconf 93' lang='lat' dir='ltr'>alios.</span> 
     </span>
    </p>
   </div>
   <div class='ocr_carea' id='block_1_4' title="bbox 298 2287 1166 2498">
    <p class='ocr_par' dir='ltr' id='par_1_8' title="bbox 299 2287 551 2321">
     <span class='ocr_line' id='line_1_39' title="bbox 299 2287 551 2321; baseline 0 -7"><span class='ocrx_word' id='word_1_248' title='bbox 299 2287 327 2321; x_wconf 84' lang='grc' dir='ltr'>β)</span> <span class='ocrx_word' id='word_1_249' title='bbox 345 2289 400 2320; x_wconf 77' lang='lat' dir='ltr'>qui.</span> <span class='ocrx_word' id='word_1_250' title='bbox 416 2302 436 2307; x_wconf 81' lang='lat'><em>-</em></span> <span class='ocrx_word' id='word_1_251' title='bbox 453 2295 506 2320; x_wconf 86' lang='lat' dir='ltr'>quo</span> <span class='ocrx_word' id='word_1_252' title='bbox 524 2289 551 2314; x_wconf 88' lang='grc' dir='ltr'>Ρ.</span> 
     </span>
    </p>

    <p class='ocr_par' dir='ltr' id='par_1_9' title="bbox 299 2322 929 2365">
     <span class='ocr_line' id='line_1_40' title="bbox 299 2322 929 2365; baseline 0.002 -17"><span class='ocrx_word' id='word_1_253' title='bbox 299 2322 326 2356; x_wconf 89' lang='grc' dir='ltr'>γ)</span> <span class='ocrx_word' id='word_1_254' title='bbox 345 2323 533 2365; x_wconf 54' lang='lat' dir='ltr'>abundantius.</span> <span class='ocrx_word' id='word_1_255' title='bbox 550 2327 663 2364; x_wconf 33' lang='lat' dir='ltr'>-ltanto</span> <span class='ocrx_word' id='word_1_256' title='bbox 681 2323 861 2364; x_wconf 50' lang='lat' dir='ltr'>abundantius</span> <span class='ocrx_word' id='word_1_257' title='bbox 880 2323 929 2349; x_wconf 77' lang='lat' dir='ltr'>PF.</span> 
     </span>
    </p>

    <p class='ocr_par' dir='ltr' id='par_1_10' title="bbox 299 2357 956 2434">
     <span class='ocr_line' id='line_1_41' title="bbox 299 2357 956 2434; baseline 0.002 -16"><span class='ocrx_word' id='word_1_258' title='bbox 299 2357 324 2427; x_wconf 57' lang='grc' dir='ltr'>ἒξ</span> <span class='ocrx_word' id='word_1_259' title='bbox 340 2362 495 2434; x_wconf 49' lang='lat'>§02:¹33</span> <span class='ocrx_word' id='word_1_260' title='bbox 510 2359 910 2434; x_wconf 50' lang='lat'>:5525’3.-‘:;:⁸.2..:;:·.::....</span> <span class='ocrx_word' id='word_1_261' title='bbox 928 2393 956 2419; x_wconf 61' lang='lat' dir='ltr'>p.</span> 
     </span>
    </p>

    <p class='ocr_par' dir='ltr' id='par_1_11' title="bbox 298 2429 1166 2498">
     <span class='ocr_line' id='line_1_42' title="bbox 298 2429 1166 2498; baseline -0.001 -9"><span class='ocrx_word' id='word_1_262' title='bbox 298 2429 326 2498; x_wconf 58' lang='grc' dir='ltr'>ξζ</span> <span class='ocrx_word' id='word_1_263' title='bbox 339 2436 453 2497; x_wconf 44' lang='lat' dir='ltr'>§ggii-int.</span> <span class='ocrx_word' id='word_1_264' title='bbox 466 2436 492 2483; x_wconf 47' lang='lat'>¹3</span> <span class='ocrx_word' id='word_1_265' title='bbox 507 2433 600 2488; x_wconf 46' lang='lat' dir='ltr'>{Eme-t</span> <span class='ocrx_word' id='word_1_266' title='bbox 618 2463 756 2494; x_wconf 84' lang='lat' dir='ltr'>editiones;</span> <span class='ocrx_word' id='word_1_267' title='bbox 768 2462 865 2496; x_wconf 85' lang='lat' dir='ltr'>suerit.</span> <span class='ocrx_word' id='word_1_268' title='bbox 885 2463 936 2487; x_wconf 83' lang='lat' dir='ltr'>Pro</span> <span class='ocrx_word' id='word_1_269' title='bbox 955 2470 1028 2495; x_wconf 81' lang='lat' dir='ltr'>quos,</span> <span class='ocrx_word' id='word_1_270' title='bbox 1048 2462 1120 2494; x_wconf 80' lang='lat' dir='ltr'>quod</span> <span class='ocrx_word' id='word_1_271' title='bbox 1138 2462 1166 2488; x_wconf 78' lang='lat' dir='ltr'>F.</span> 
     </span>
    </p>
   </div>
   <div class='ocr_carea' id='block_1_5' title="bbox 2346 282 2417 318">
    <p class='ocr_par' dir='ltr' id='par_1_12' title="bbox 2346 282 2417 318">
     <span class='ocr_line' id='line_1_43' title="bbox 2346 282 2417 318; baseline 0.014 -12"><span class='ocrx_word' id='word_1_272' title='bbox 2346 282 2417 318; x_wconf 92' lang='lat'>117</span> 
     </span>
    </p>
   </div>
   <div class='ocr_carea' id='block_1_6' title="bbox 1355 344 2416 2220">
    <p class='ocr_par' dir='ltr' id='par_1_13' title="bbox 1361 344 2416 495">
     <span class='ocr_line' id='line_1_44' title="bbox 1362 344 2413 395; baseline 0.004 -14"><span class='ocrx_word' id='word_1_273' title='bbox 1362 345 1409 381; x_wconf 90' lang='lat' dir='ltr'>Et</span> <span class='ocrx_word' id='word_1_274' title='bbox 1428 344 1514 381; x_wconf 91' lang='lat' dir='ltr'>ideo</span> <span class='ocrx_word' id='word_1_275' title='bbox 1530 345 1697 393; x_wconf 88' lang='lat' dir='ltr'>oportuit</span> <span class='ocrx_word' id='word_1_276' title='bbox 1716 346 1822 394; x_wconf 90' lang='lat' dir='ltr'>quod</span> <span class='ocrx_word' id='word_1_277' title='bbox 1842 346 1998 382; x_wconf 91' lang='lat' dir='ltr'>haberet</span> <span class='ocrx_word' id='word_1_278' title='bbox 2017 346 2225 383; x_wconf 89' lang='lat' dir='ltr'>maximam</span> <span class='ocrx_word' id='word_1_279' title='bbox 2239 347 2413 395; x_wconf 84' lang='lat' dir='ltr'>gratiam:</span> 
     </span>
     <span class='ocr_line' id='line_1_45' title="bbox 1361 397 2416 446; baseline 0.004 -13"><span class='ocrx_word' id='word_1_280' title='bbox 1361 397 1456 433; x_wconf 91' lang='lat' dir='ltr'>sicut</span> <span class='ocrx_word' id='word_1_281' title='bbox 1483 397 1588 444; x_wconf 88' lang='lat' dir='ltr'>ignis,</span> <span class='ocrx_word' id='word_1_282' title='bbox 1618 398 1685 446; x_wconf 92' lang='lat' dir='ltr'>qui</span> <span class='ocrx_word' id='word_1_283' title='bbox 1713 405 1768 434; x_wconf 91' lang='lat' dir='ltr'>est</span> <span class='ocrx_word' id='word_1_284' title='bbox 1795 410 1909 434; x_wconf 89' lang='lat' dir='ltr'>causa</span> <span class='ocrx_word' id='word_1_285' title='bbox 1937 398 2069 434; x_wconf 88' lang='lat' dir='ltr'>caloris</span> <span class='ocrx_word' id='word_1_286' title='bbox 2098 398 2136 434; x_wconf 91' lang='lat' dir='ltr'>in</span> <span class='ocrx_word' id='word_1_287' title='bbox 2156 400 2336 437; x_wconf 91' lang='lat' dir='ltr'>omnibus</span> <span class='ocrx_word' id='word_1_288' title='bbox 2355 413 2416 437; x_wconf 91' lang='lat' dir='ltr'>ca-</span> 
     </span>
     <span class='ocr_line' id='line_1_46' title="bbox 1361 448 1917 495; baseline 0.004 -11"><span class='ocrx_word' id='word_1_289' title='bbox 1361 448 1456 495; x_wconf 90' lang='lat' dir='ltr'>lidis,</span> <span class='ocrx_word' id='word_1_290' title='bbox 1486 458 1540 485; x_wconf 91' lang='lat' dir='ltr'>est</span> <span class='ocrx_word' id='word_1_291' title='bbox 1568 450 1734 486; x_wconf 86' lang='lat' dir='ltr'>maxime</span> <span class='ocrx_word' id='word_1_292' title='bbox 1763 450 1917 486; x_wconf 90' lang='lat' dir='ltr'>calidus.</span> 
     </span>
    </p>

    <p class='ocr_par' dir='ltr' id='par_1_14' title="bbox 1357 501 2416 1218">
     <span class='ocr_line' id='line_1_47' title="bbox 1414 501 2414 551; baseline 0.004 -14"><span class='ocrx_word' id='word_1_293' title='bbox 1414 501 1592 538; x_wconf 88' lang='lat' dir='ltr'>Similiter</span> <span class='ocrx_word' id='word_1_294' title='bbox 1618 501 1732 538; x_wconf 89' lang='lat' dir='ltr'>etiam</span> <span class='ocrx_word' id='word_1_295' title='bbox 1765 510 1953 550; x_wconf 90' lang='lat' dir='ltr'>quantum</span> <span class='ocrx_word' id='word_1_296' title='bbox 1981 502 2029 538; x_wconf 90' lang='lat' dir='ltr'>ad</span> <span class='ocrx_word' id='word_1_297' title='bbox 2058 503 2236 540; x_wconf 87' lang='lat' dir='ltr'>virtutem</span> <span class='ocrx_word' id='word_1_298' title='bbox 2263 505 2414 551; x_wconf 89' lang='lat' dir='ltr'>gratiae,</span> 
     </span>
     <span class='ocr_line' id='line_1_48' title="bbox 1360 554 2415 603; baseline 0.005 -14"><span class='ocrx_word' id='word_1_299' title='bbox 1360 554 1470 600; x_wconf 92' lang='lat' dir='ltr'>plene</span> <span class='ocrx_word' id='word_1_300' title='bbox 1491 554 1623 590; x_wconf 88' lang='lat' dir='ltr'>habuit</span> <span class='ocrx_word' id='word_1_301' title='bbox 1641 554 1815 601; x_wconf 84' lang='lat' dir='ltr'>gratiam:</span> <span class='ocrx_word' id='word_1_302' title='bbox 1846 554 1936 603; x_wconf 92' lang='lat' dir='ltr'>quia</span> <span class='ocrx_word' id='word_1_303' title='bbox 1955 555 2087 591; x_wconf 89' lang='lat' dir='ltr'>habuit</span> <span class='ocrx_word' id='word_1_304' title='bbox 2107 567 2192 592; x_wconf 90' lang='lat' dir='ltr'>eam</span> <span class='ocrx_word' id='word_1_305' title='bbox 2212 557 2261 592; x_wconf 90' lang='lat' dir='ltr'>ad</span> <span class='ocrx_word' id='word_1_306' title='bbox 2280 569 2415 594; x_wconf 90' lang='lat' dir='ltr'>omnes</span> 
     </span>
     <span class='ocr_line' id='line_1_49' title="bbox 1360 605 2415 657; baseline 0.004 -16"><span class='ocrx_word' id='word_1_307' title='bbox 1360 605 1600 653; x_wconf 88' lang='lat' dir='ltr'>operationes</span> <span class='ocrx_word' id='word_1_308' title='bbox 1618 608 1679 642; x_wconf 92' lang='lat' dir='ltr'>vel</span> <span class='ocrx_word' id='word_1_309' title='bbox 1699 606 1855 642; x_wconf 83' lang='lat' dir='ltr'>effectus</span> <span class='ocrx_word' id='word_1_310' title='bbox 1873 606 2022 654; x_wconf 90' lang='lat' dir='ltr'>gratiae.</span> <span class='ocrx_word' id='word_1_311' title='bbox 2047 608 2093 643; x_wconf 89' lang='lat' dir='ltr'>Et</span> <span class='ocrx_word' id='word_1_312' title='bbox 2113 608 2187 644; x_wconf 88' lang='lat' dir='ltr'>hoc</span> <span class='ocrx_word' id='word_1_313' title='bbox 2206 607 2304 651; x_wconf 88' lang='lat' dir='ltr'>ideo,</span> <span class='ocrx_word' id='word_1_314' title='bbox 2325 609 2415 657; x_wconf 87' lang='lat' dir='ltr'>quia</span> 
     </span>
     <span class='ocr_line' id='line_1_50' title="bbox 1359 657 2414 707; baseline 0.003 -14"><span class='ocrx_word' id='word_1_315' title='bbox 1359 657 1624 694; x_wconf 89' lang='lat' dir='ltr'>conferebatur</span> <span class='ocrx_word' id='word_1_316' title='bbox 1651 658 1685 694; x_wconf 91' lang='lat' dir='ltr'>ei</span> <span class='ocrx_word' id='word_1_317' title='bbox 1712 658 1828 705; x_wconf 88' lang='lat' dir='ltr'>gratia</span> <span class='ocrx_word' id='word_1_318' title='bbox 1861 666 2045 707; x_wconf 89' lang='lat' dir='ltr'>tanquam</span> <span class='ocrx_word' id='word_1_319' title='bbox 2081 659 2234 696; x_wconf 90' lang='lat' dir='ltr'>cuidam</span> <span class='ocrx_word' id='word_1_320' title='bbox 2263 660 2414 697; x_wconf 88' lang='lat' dir='ltr'>univer-</span> 
     </span>
     <span class='ocr_line' id='line_1_51' title="bbox 1360 709 2415 759; baseline 0.004 -14"><span class='ocrx_word' id='word_1_321' title='bbox 1360 709 1425 745; x_wconf 91' lang='lat' dir='ltr'>sali</span> <span class='ocrx_word' id='word_1_322' title='bbox 1453 709 1639 758; x_wconf 90' lang='lat' dir='ltr'>principio</span> <span class='ocrx_word' id='word_1_323' title='bbox 1659 710 1698 746; x_wconf 93' lang='lat' dir='ltr'>in</span> <span class='ocrx_word' id='word_1_324' title='bbox 1717 722 1853 758; x_wconf 82' lang='lat' dir='ltr'>genere</span> <span class='ocrx_word' id='word_1_325' title='bbox 1882 711 2107 748; x_wconf 90' lang='lat' dir='ltr'>habentium</span> <span class='ocrx_word' id='word_1_326' title='bbox 2132 711 2267 759; x_wconf 85' lang='lat' dir='ltr'>gratias</span> <span class='ocrx_word' id='word_1_327' title='bbox 2281 710 2305 748; x_wconf 68' lang='grc' dir='ltr'>ὃ.</span> <span class='ocrx_word' id='word_1_328' title='bbox 2333 713 2415 749; x_wconf 92' lang='lat' dir='ltr'>Vir-</span> 
     </span>
     <span class='ocr_line' id='line_1_52' title="bbox 1358 762 2415 811; baseline 0.004 -14"><span class='ocrx_word' id='word_1_329' title='bbox 1358 769 1419 798; x_wconf 93' lang='lat' dir='ltr'>tus</span> <span class='ocrx_word' id='word_1_330' title='bbox 1438 769 1567 798; x_wconf 91' lang='lat' dir='ltr'>autem</span> <span class='ocrx_word' id='word_1_331' title='bbox 1594 762 1708 811; x_wconf 90' lang='lat' dir='ltr'>primi</span> <span class='ocrx_word' id='word_1_332' title='bbox 1727 762 1901 811; x_wconf 89' lang='lat' dir='ltr'>principii</span> <span class='ocrx_word' id='word_1_333' title='bbox 1921 763 2078 800; x_wconf 90' lang='lat' dir='ltr'>alicuius</span> <span class='ocrx_word' id='word_1_334' title='bbox 2097 763 2243 811; x_wconf 90' lang='lat' dir='ltr'>generis</span> <span class='ocrx_word' id='word_1_335' title='bbox 2263 764 2415 802; x_wconf 88' lang='lat' dir='ltr'>univer-</span> 
     </span>
     <span class='ocr_line' id='line_1_53' title="bbox 1359 814 2415 864; baseline 0.004 -14"><span class='ocrx_word' id='word_1_336' title='bbox 1359 814 1483 850; x_wconf 89' lang='lat' dir='ltr'>saliter</span> <span class='ocrx_word' id='word_1_337' title='bbox 1510 826 1550 850; x_wconf 92' lang='lat' dir='ltr'>se</span> <span class='ocrx_word' id='word_1_338' title='bbox 1578 815 1744 851; x_wconf 90' lang='lat' dir='ltr'>extendit</span> <span class='ocrx_word' id='word_1_339' title='bbox 1771 816 1820 851; x_wconf 89' lang='lat' dir='ltr'>ad</span> <span class='ocrx_word' id='word_1_340' title='bbox 1848 827 1984 852; x_wconf 89' lang='lat' dir='ltr'>omnes</span> <span class='ocrx_word' id='word_1_341' title='bbox 2011 816 2168 852; x_wconf 89' lang='lat' dir='ltr'>effectus</span> <span class='ocrx_word' id='word_1_342' title='bbox 2188 816 2285 853; x_wconf 87' lang='lat' dir='ltr'>illius</span> <span class='ocrx_word' id='word_1_343' title='bbox 2303 828 2415 864; x_wconf 90' lang='lat' dir='ltr'>gene-</span> 
     </span>
     <span class='ocr_line' id='line_1_54' title="bbox 1359 866 2415 916; baseline 0.003 -14"><span class='ocrx_word' id='word_1_344' title='bbox 1359 866 1426 902; x_wconf 89' lang='lat' dir='ltr'>ris:</span> <span class='ocrx_word' id='word_1_345' title='bbox 1457 866 1552 903; x_wconf 89' lang='lat' dir='ltr'>sicut</span> <span class='ocrx_word' id='word_1_346' title='bbox 1580 869 1648 912; x_wconf 87' lang='lat' dir='ltr'>sol,</span> <span class='ocrx_word' id='word_1_347' title='bbox 1678 867 1745 915; x_wconf 93' lang='lat' dir='ltr'>qui</span> <span class='ocrx_word' id='word_1_348' title='bbox 1764 872 1775 888; x_wconf 79' lang='lat'><strong>⁸</strong></span> <span class='ocrx_word' id='word_1_349' title='bbox 1804 875 1859 903; x_wconf 91' lang='lat' dir='ltr'>est</span> <span class='ocrx_word' id='word_1_350' title='bbox 1886 868 2109 904; x_wconf 87' lang='lat' dir='ltr'>universalis</span> <span class='ocrx_word' id='word_1_351' title='bbox 2128 881 2243 905; x_wconf 89' lang='lat' dir='ltr'>causa</span> <span class='ocrx_word' id='word_1_352' title='bbox 2261 880 2415 916; x_wconf 90' lang='lat' dir='ltr'>genera-</span> 
     </span>
     <span class='ocr_line' id='line_1_55' title="bbox 1358 918 2413 969; baseline 0.004 -15"><span class='ocrx_word' id='word_1_353' title='bbox 1358 918 1482 964; x_wconf 90' lang='lat' dir='ltr'>tionis,</span> <span class='ocrx_word' id='word_1_354' title='bbox 1511 926 1553 955; x_wconf 91' lang='lat' dir='ltr'>ut</span> <span class='ocrx_word' id='word_1_355' title='bbox 1580 919 1668 955; x_wconf 92' lang='lat' dir='ltr'>dicit</span> <span class='ocrx_word' id='word_1_356' title='bbox 1687 919 1908 969; x_wconf 90' lang='lat' dir='ltr'>Dionysius,</span> <span class='ocrx_word' id='word_1_357' title='bbox 1929 932 1963 956; x_wconf 85' lang='grc' dir='ltr'>ιν</span> <span class='ocrx_word' id='word_1_358' title='bbox 1982 932 2063 969; x_wconf 90' lang='lat' dir='ltr'>cap.</span> <span class='ocrx_word' id='word_1_359' title='bbox 2085 921 2130 957; x_wconf 82' lang='lat' dir='ltr'>de</span> <span class='ocrx_word' id='word_1_360' title='bbox 2147 922 2231 958; x_wconf 85' lang='lat' dir='ltr'>Div.</span> <span class='ocrx_word' id='word_1_361' title='bbox 2251 922 2365 958; x_wconf 89' lang='lat' dir='ltr'>Nom.</span> <span class='ocrx_word' id='word_1_362' title='bbox 2382 922 2413 968; x_wconf 66' lang='lat'>²⁸,</span> 
     </span>
     <span class='ocr_line' id='line_1_56' title="bbox 1359 970 2414 1021; baseline 0.004 -15"><span class='ocrx_word' id='word_1_363' title='bbox 1359 970 1440 1007; x_wconf 90' lang='lat' dir='ltr'>eius</span> <span class='ocrx_word' id='word_1_364' title='bbox 1467 971 1586 1008; x_wconf 90' lang='lat' dir='ltr'>virtus</span> <span class='ocrx_word' id='word_1_365' title='bbox 1621 984 1660 1008; x_wconf 90' lang='lat' dir='ltr'>se</span> <span class='ocrx_word' id='word_1_366' title='bbox 1690 972 1855 1008; x_wconf 89' lang='lat' dir='ltr'>extendit</span> <span class='ocrx_word' id='word_1_367' title='bbox 1882 972 1931 1008; x_wconf 90' lang='lat' dir='ltr'>ad</span> <span class='ocrx_word' id='word_1_368' title='bbox 1960 973 2091 1009; x_wconf 89' lang='lat' dir='ltr'>omnia</span> <span class='ocrx_word' id='word_1_369' title='bbox 2125 985 2224 1021; x_wconf 91' lang='lat' dir='ltr'>quae</span> <span class='ocrx_word' id='word_1_370' title='bbox 2253 973 2325 1010; x_wconf 86' lang='lat' dir='ltr'>sub</span> <span class='ocrx_word' id='word_1_371' title='bbox 2352 985 2414 1021; x_wconf 88' lang='lat' dir='ltr'>ge-</span> 
     </span>
     <span class='ocr_line' id='line_1_57' title="bbox 1358 1022 2415 1074; baseline 0.003 -15"><span class='ocrx_word' id='word_1_372' title='bbox 1358 1022 1552 1059; x_wconf 86' lang='lat' dir='ltr'>neratione</span> <span class='ocrx_word' id='word_1_373' title='bbox 1581 1024 1733 1060; x_wconf 90' lang='lat' dir='ltr'>cadunt.</span> <span class='ocrx_word' id='word_1_374' title='bbox 1763 1025 1811 1060; x_wconf 92' lang='lat' dir='ltr'>Et</span> <span class='ocrx_word' id='word_1_375' title='bbox 1839 1024 1892 1060; x_wconf 91' lang='lat' dir='ltr'>sic</span> <span class='ocrx_word' id='word_1_376' title='bbox 1919 1025 2087 1061; x_wconf 90' lang='lat' dir='ltr'>secunda</span> <span class='ocrx_word' id='word_1_377' title='bbox 2109 1025 2305 1074; x_wconf 90' lang='lat' dir='ltr'>plenitudo</span> <span class='ocrx_word' id='word_1_378' title='bbox 2333 1037 2415 1073; x_wconf 89' lang='lat' dir='ltr'>gra-</span> 
     </span>
     <span class='ocr_line' id='line_1_58' title="bbox 1357 1074 2416 1125; baseline 0.003 -14"><span class='ocrx_word' id='word_1_379' title='bbox 1357 1074 1429 1111; x_wconf 91' lang='lat' dir='ltr'>tiae</span> <span class='ocrx_word' id='word_1_380' title='bbox 1458 1076 1661 1112; x_wconf 89' lang='lat' dir='ltr'>attenditur</span> <span class='ocrx_word' id='word_1_381' title='bbox 1681 1076 1721 1112; x_wconf 92' lang='lat' dir='ltr'>in</span> <span class='ocrx_word' id='word_1_382' title='bbox 1741 1076 1904 1122; x_wconf 90' lang='lat' dir='ltr'>Christo,</span> <span class='ocrx_word' id='word_1_383' title='bbox 1925 1077 2155 1125; x_wconf 90' lang='lat' dir='ltr'>inquantum</span> <span class='ocrx_word' id='word_1_384' title='bbox 2184 1090 2223 1114; x_wconf 93' lang='lat' dir='ltr'>se</span> <span class='ocrx_word' id='word_1_385' title='bbox 2249 1078 2416 1114; x_wconf 88' lang='lat' dir='ltr'>extendit</span> 
     </span>
     <span class='ocr_line' id='line_1_59' title="bbox 1358 1127 2416 1178; baseline 0.003 -15"><span class='ocrx_word' id='word_1_386' title='bbox 1358 1127 1439 1164; x_wconf 91' lang='lat' dir='ltr'>eius</span> <span class='ocrx_word' id='word_1_387' title='bbox 1466 1128 1583 1174; x_wconf 90' lang='lat' dir='ltr'>gratia</span> <span class='ocrx_word' id='word_1_388' title='bbox 1614 1129 1662 1164; x_wconf 91' lang='lat' dir='ltr'>ad</span> <span class='ocrx_word' id='word_1_389' title='bbox 1692 1140 1827 1165; x_wconf 91' lang='lat' dir='ltr'>omnes</span> <span class='ocrx_word' id='word_1_390' title='bbox 1854 1129 1992 1176; x_wconf 89' lang='lat' dir='ltr'>gratiae</span> <span class='ocrx_word' id='word_1_391' title='bbox 2021 1130 2196 1177; x_wconf 86' lang='lat' dir='ltr'>effectus,</span> <span class='ocrx_word' id='word_1_392' title='bbox 2233 1130 2300 1178; x_wconf 93' lang='lat' dir='ltr'>qui</span> <span class='ocrx_word' id='word_1_393' title='bbox 2327 1138 2416 1167; x_wconf 92' lang='lat' dir='ltr'>sunt</span> 
     </span>
     <span class='ocr_line' id='line_1_60' title="bbox 1357 1180 2133 1218; baseline 0.003 -2"><span class='ocrx_word' id='word_1_394' title='bbox 1357 1180 1514 1216; x_wconf 91' lang='lat' dir='ltr'>virtutes</span> <span class='ocrx_word' id='word_1_395' title='bbox 1542 1187 1578 1216; x_wconf 93' lang='lat' dir='ltr'>et</span> <span class='ocrx_word' id='word_1_396' title='bbox 1605 1181 1708 1217; x_wconf 91' lang='lat' dir='ltr'>dona</span> <span class='ocrx_word' id='word_1_397' title='bbox 1736 1188 1772 1217; x_wconf 90' lang='lat' dir='ltr'>et</span> <span class='ocrx_word' id='word_1_398' title='bbox 1799 1180 1871 1217; x_wconf 90' lang='lat' dir='ltr'>alia</span> <span class='ocrx_word' id='word_1_399' title='bbox 1899 1181 2133 1218; x_wconf 87' lang='lat' dir='ltr'>huiusmodi.</span> 
     </span>
    </p>

    <p class='ocr_par' dir='ltr' id='par_1_15' title="bbox 1356 1233 2415 1803">
     <span class='ocr_line' id='line_1_61' title="bbox 1410 1233 2415 1283; baseline 0.002 -15"><span class='ocrx_word' id='word_1_400' title='bbox 1410 1233 1468 1268; x_wconf 77' lang='lat' dir='ltr'>An</span> <span class='ocrx_word' id='word_1_401' title='bbox 1496 1244 1630 1269; x_wconf 76' lang='lat' dir='ltr'>PmMUM</span> <span class='ocrx_word' id='word_1_402' title='bbox 1658 1245 1755 1270; x_wconf 84' lang='lat' dir='ltr'>ERGO</span> <span class='ocrx_word' id='word_1_403' title='bbox 1783 1245 1964 1270; x_wconf 80' lang='lat' dir='ltr'>mCENDUM</span> <span class='ocrx_word' id='word_1_404' title='bbox 1998 1233 2105 1282; x_wconf 91' lang='lat' dir='ltr'>quod</span> <span class='ocrx_word' id='word_1_405' title='bbox 2137 1233 2233 1270; x_wconf 91' lang='lat' dir='ltr'>fides</span> <span class='ocrx_word' id='word_1_406' title='bbox 2265 1241 2301 1270; x_wconf 92' lang='lat' dir='ltr'>et</span> <span class='ocrx_word' id='word_1_407' title='bbox 2329 1246 2415 1283; x_wconf 88' lang='lat' dir='ltr'>spes</span> 
     </span>
     <span class='ocr_line' id='line_1_62' title="bbox 1357 1284 2415 1334; baseline 0.002 -13"><span class='ocrx_word' id='word_1_408' title='bbox 1357 1284 1559 1321; x_wconf 89' lang='lat' dir='ltr'>nominant</span> <span class='ocrx_word' id='word_1_409' title='bbox 1586 1285 1742 1322; x_wconf 83' lang='lat' dir='ltr'>effectus</span> <span class='ocrx_word' id='word_1_410' title='bbox 1761 1285 1898 1332; x_wconf 90' lang='lat' dir='ltr'>gratiae</span> <span class='ocrx_word' id='word_1_411' title='bbox 1927 1297 2017 1322; x_wconf 92' lang='lat' dir='ltr'>cum</span> <span class='ocrx_word' id='word_1_412' title='bbox 2037 1285 2049 1310; x_wconf 64' lang='grc' dir='ltr'>ζ</span> <span class='ocrx_word' id='word_1_413' title='bbox 2077 1286 2248 1334; x_wconf 91' lang='lat' dir='ltr'>quodam</span> <span class='ocrx_word' id='word_1_414' title='bbox 2268 1287 2415 1324; x_wconf 90' lang='lat' dir='ltr'>defectu</span> 
     </span>
     <span class='ocr_line' id='line_1_63' title="bbox 1358 1337 2415 1387; baseline 0.003 -14"><span class='ocrx_word' id='word_1_415' title='bbox 1358 1337 1424 1385; x_wconf 90' lang='lat' dir='ltr'>qui</span> <span class='ocrx_word' id='word_1_416' title='bbox 1452 1345 1507 1373; x_wconf 91' lang='lat' dir='ltr'>est</span> <span class='ocrx_word' id='word_1_417' title='bbox 1535 1349 1581 1373; x_wconf 88' lang='lat' dir='ltr'>ex</span> <span class='ocrx_word' id='word_1_418' title='bbox 1608 1346 1713 1386; x_wconf 90' lang='lat' dir='ltr'>parte</span> <span class='ocrx_word' id='word_1_419' title='bbox 1741 1337 1954 1386; x_wconf 88' lang='lat' dir='ltr'>recipientis</span> <span class='ocrx_word' id='word_1_420' title='bbox 1981 1338 2155 1385; x_wconf 85' lang='lat' dir='ltr'>gratiam:</span> <span class='ocrx_word' id='word_1_421' title='bbox 2186 1339 2415 1387; x_wconf 89' lang='lat' dir='ltr'>inquantum</span> 
     </span>
     <span class='ocr_line' id='line_1_64' title="bbox 1358 1389 2415 1439; baseline 0.003 -14"><span class='ocrx_word' id='word_1_422' title='bbox 1358 1389 1495 1425; x_wconf 89' lang='lat' dir='ltr'>scilicet</span> <span class='ocrx_word' id='word_1_423' title='bbox 1529 1389 1625 1426; x_wconf 91' lang='lat' dir='ltr'>fides</span> <span class='ocrx_word' id='word_1_424' title='bbox 1660 1398 1715 1426; x_wconf 90' lang='lat' dir='ltr'>est</span> <span class='ocrx_word' id='word_1_425' title='bbox 1748 1390 1796 1426; x_wconf 89' lang='lat' dir='ltr'>de</span> <span class='ocrx_word' id='word_1_426' title='bbox 1831 1402 1911 1426; x_wconf 90' lang='lat' dir='ltr'>non</span> <span class='ocrx_word' id='word_1_427' title='bbox 1938 1389 2047 1437; x_wconf 89' lang='lat' dir='ltr'>visis,</span> <span class='ocrx_word' id='word_1_428' title='bbox 2082 1398 2118 1426; x_wconf 89' lang='lat' dir='ltr'>et</span> <span class='ocrx_word' id='word_1_429' title='bbox 2146 1402 2232 1439; x_wconf 90' lang='lat' dir='ltr'>spes</span> <span class='ocrx_word' id='word_1_430' title='bbox 2259 1391 2307 1427; x_wconf 93' lang='lat' dir='ltr'>de</span> <span class='ocrx_word' id='word_1_431' title='bbox 2335 1403 2415 1428; x_wconf 90' lang='lat' dir='ltr'>non</span> 
     </span>
     <span class='ocr_line' id='line_1_65' title="bbox 1358 1442 2415 1492; baseline 0.002 -14"><span class='ocrx_word' id='word_1_432' title='bbox 1358 1442 1504 1478; x_wconf 90' lang='lat' dir='ltr'>habitis.</span> <span class='ocrx_word' id='word_1_433' title='bbox 1534 1442 1645 1479; x_wconf 90' lang='lat' dir='ltr'>Unde</span> <span class='ocrx_word' id='word_1_434' title='bbox 1674 1454 1754 1478; x_wconf 91' lang='lat' dir='ltr'>non</span> <span class='ocrx_word' id='word_1_435' title='bbox 1782 1450 1932 1491; x_wconf 88' lang='lat' dir='ltr'>oportet</span> <span class='ocrx_word' id='word_1_436' title='bbox 1959 1443 2066 1491; x_wconf 92' lang='lat' dir='ltr'>quod</span> <span class='ocrx_word' id='word_1_437' title='bbox 2094 1443 2132 1479; x_wconf 90' lang='lat' dir='ltr'>in</span> <span class='ocrx_word' id='word_1_438' title='bbox 2155 1443 2318 1490; x_wconf 89' lang='lat' dir='ltr'>Christo,</span> <span class='ocrx_word' id='word_1_439' title='bbox 2348 1443 2415 1492; x_wconf 92' lang='lat' dir='ltr'>qui</span> 
     </span>
     <span class='ocr_line' id='line_1_66' title="bbox 1358 1494 2414 1544; baseline 0.002 -14"><span class='ocrx_word' id='word_1_440' title='bbox 1358 1502 1413 1530; x_wconf 90' lang='lat' dir='ltr'>est</span> <span class='ocrx_word' id='word_1_441' title='bbox 1441 1501 1574 1530; x_wconf 90' lang='lat' dir='ltr'>auctor</span> <span class='ocrx_word' id='word_1_442' title='bbox 1591 1494 1742 1541; x_wconf 91' lang='lat' dir='ltr'>gratiae,</span> <span class='ocrx_word' id='word_1_443' title='bbox 1763 1494 1901 1531; x_wconf 82' lang='lat' dir='ltr'>fuerint</span> <span class='ocrx_word' id='word_1_444' title='bbox 1919 1501 1938 1522; x_wconf 67' lang='grc' dir='ltr'>η</span> <span class='ocrx_word' id='word_1_445' title='bbox 1967 1495 2133 1532; x_wconf 89' lang='lat' dir='ltr'>defectus</span> <span class='ocrx_word' id='word_1_446' title='bbox 2153 1507 2251 1544; x_wconf 91' lang='lat' dir='ltr'>quos</span> <span class='ocrx_word' id='word_1_447' title='bbox 2271 1495 2414 1544; x_wconf 92' lang='lat' dir='ltr'>impor-</span> 
     </span>
     <span class='ocr_line' id='line_1_67' title="bbox 1357 1546 2414 1596; baseline 0.002 -14"><span class='ocrx_word' id='word_1_448' title='bbox 1357 1553 1436 1582; x_wconf 91' lang='lat' dir='ltr'>tant</span> <span class='ocrx_word' id='word_1_449' title='bbox 1463 1546 1559 1583; x_wconf 92' lang='lat' dir='ltr'>fides</span> <span class='ocrx_word' id='word_1_450' title='bbox 1587 1554 1623 1582; x_wconf 94' lang='lat' dir='ltr'>et</span> <span class='ocrx_word' id='word_1_451' title='bbox 1651 1558 1748 1595; x_wconf 91' lang='lat' dir='ltr'>spes.</span> <span class='ocrx_word' id='word_1_452' title='bbox 1779 1547 1855 1584; x_wconf 90' lang='lat' dir='ltr'>Sed</span> <span class='ocrx_word' id='word_1_453' title='bbox 1883 1547 2071 1595; x_wconf 92' lang='lat' dir='ltr'>quidquid</span> <span class='ocrx_word' id='word_1_454' title='bbox 2094 1555 2149 1584; x_wconf 91' lang='lat' dir='ltr'>est</span> <span class='ocrx_word' id='word_1_455' title='bbox 2175 1547 2414 1596; x_wconf 90' lang='lat' dir='ltr'>perfectionis</span> 
     </span>
     <span class='ocr_line' id='line_1_68' title="bbox 1357 1598 2412 1648; baseline 0.003 -14"><span class='ocrx_word' id='word_1_456' title='bbox 1357 1598 1396 1635; x_wconf 93' lang='lat' dir='ltr'>in</span> <span class='ocrx_word' id='word_1_457' title='bbox 1424 1598 1500 1635; x_wconf 92' lang='lat' dir='ltr'>fide</span> <span class='ocrx_word' id='word_1_458' title='bbox 1529 1606 1565 1635; x_wconf 91' lang='lat' dir='ltr'>et</span> <span class='ocrx_word' id='word_1_459' title='bbox 1593 1610 1678 1647; x_wconf 89' lang='lat' dir='ltr'>spe,</span> <span class='ocrx_word' id='word_1_460' title='bbox 1714 1606 1769 1635; x_wconf 91' lang='lat' dir='ltr'>est</span> <span class='ocrx_word' id='word_1_461' title='bbox 1796 1599 1835 1635; x_wconf 91' lang='lat' dir='ltr'>in</span> <span class='ocrx_word' id='word_1_462' title='bbox 1865 1599 2015 1635; x_wconf 87' lang='lat' dir='ltr'>Christo</span> <span class='ocrx_word' id='word_1_463' title='bbox 2051 1601 2172 1636; x_wconf 90' lang='lat' dir='ltr'>multo</span> <span class='ocrx_word' id='word_1_464' title='bbox 2200 1600 2412 1648; x_wconf 88' lang='lat' dir='ltr'>perfectius.</span> 
     </span>
     <span class='ocr_line' id='line_1_69' title="bbox 1359 1650 2414 1698; baseline 0.003 -12"><span class='ocrx_word' id='word_1_465' title='bbox 1359 1650 1463 1687; x_wconf 87' lang='lat' dir='ltr'>Sicut</span> <span class='ocrx_word' id='word_1_466' title='bbox 1490 1650 1529 1687; x_wconf 90' lang='lat' dir='ltr'>in</span> <span class='ocrx_word' id='word_1_467' title='bbox 1557 1651 1642 1698; x_wconf 89' lang='lat' dir='ltr'>igne</span> <span class='ocrx_word' id='word_1_468' title='bbox 1670 1663 1750 1687; x_wconf 91' lang='lat' dir='ltr'>non</span> <span class='ocrx_word' id='word_1_469' title='bbox 1778 1659 1866 1687; x_wconf 88' lang='lat' dir='ltr'>sunt</span> <span class='ocrx_word' id='word_1_470' title='bbox 1894 1663 2030 1687; x_wconf 90' lang='lat' dir='ltr'>omnes</span> <span class='ocrx_word' id='word_1_471' title='bbox 2057 1652 2164 1688; x_wconf 93' lang='lat' dir='ltr'>modi</span> <span class='ocrx_word' id='word_1_472' title='bbox 2192 1652 2326 1688; x_wconf 91' lang='lat' dir='ltr'>caloris</span> <span class='ocrx_word' id='word_1_473' title='bbox 2349 1653 2414 1689; x_wconf 89' lang='lat' dir='ltr'>de-</span> 
     </span>
     <span class='ocr_line' id='line_1_70' title="bbox 1356 1702 2415 1753; baseline 0.002 -15"><span class='ocrx_word' id='word_1_474' title='bbox 1356 1702 1480 1739; x_wconf 85' lang='lat' dir='ltr'>fectivi</span> <span class='ocrx_word' id='word_1_475' title='bbox 1509 1715 1555 1739; x_wconf 85' lang='lat' dir='ltr'>ex</span> <span class='ocrx_word' id='word_1_476' title='bbox 1582 1703 1730 1739; x_wconf 89' lang='lat' dir='ltr'>defectu</span> <span class='ocrx_word' id='word_1_477' title='bbox 1753 1703 1928 1739; x_wconf 88' lang='lat' dir='ltr'>subiecti:</span> <span class='ocrx_word' id='word_1_478' title='bbox 1959 1704 2025 1739; x_wconf 94' lang='lat' dir='ltr'>sed</span> <span class='ocrx_word' id='word_1_479' title='bbox 2047 1704 2235 1752; x_wconf 92' lang='lat' dir='ltr'>quidquid</span> <span class='ocrx_word' id='word_1_480' title='bbox 2254 1704 2415 1753; x_wconf 88' lang='lat' dir='ltr'>pertinet</span> 
     </span>
     <span class='ocr_line' id='line_1_71' title="bbox 1357 1754 1878 1803; baseline 0 -12"><span class='ocrx_word' id='word_1_481' title='bbox 1357 1755 1405 1791; x_wconf 91' lang='lat' dir='ltr'>ad</span> <span class='ocrx_word' id='word_1_482' title='bbox 1433 1754 1705 1803; x_wconf 86' lang='lat' dir='ltr'>perfectionem</span> <span class='ocrx_word' id='word_1_483' title='bbox 1733 1755 1878 1791; x_wconf 91' lang='lat' dir='ltr'>caloris.</span> 
     </span>
    </p>

    <p class='ocr_par' dir='ltr' id='par_1_16' title="bbox 1355 1807 2415 2220">
     <span class='ocr_line' id='line_1_72' title="bbox 1409 1807 2414 1857; baseline 0.002 -14"><span class='ocrx_word' id='word_1_484' title='bbox 1409 1807 1466 1843; x_wconf 86' lang='lat' dir='ltr'>AD</span> <span class='ocrx_word' id='word_1_485' title='bbox 1494 1818 1681 1843; x_wconf 77' lang='lat' dir='ltr'><strong>SECUNDUM</strong></span> <span class='ocrx_word' id='word_1_486' title='bbox 1709 1819 1890 1843; x_wconf 83' lang='lat' dir='ltr'>DICENDUM</span> <span class='ocrx_word' id='word_1_487' title='bbox 1918 1807 2025 1855; x_wconf 90' lang='lat' dir='ltr'>quod</span> <span class='ocrx_word' id='word_1_488' title='bbox 2060 1808 2108 1843; x_wconf 91' lang='lat' dir='ltr'>ad</span> <span class='ocrx_word' id='word_1_489' title='bbox 2136 1807 2295 1855; x_wconf 86' lang='lat' dir='ltr'>gratiam</span> <span class='ocrx_word' id='word_1_490' title='bbox 2323 1820 2414 1857; x_wconf 91' lang='lat' dir='ltr'>ope-</span> 
     </span>
     <span class='ocr_line' id='line_1_73' title="bbox 1357 1859 2415 1908; baseline 0.003 -14"><span class='ocrx_word' id='word_1_491' title='bbox 1357 1866 1504 1895; x_wconf 92' lang='lat' dir='ltr'>rantem</span> <span class='ocrx_word' id='word_1_492' title='bbox 1532 1871 1601 1907; x_wconf 90' lang='lat' dir='ltr'>per</span> <span class='ocrx_word' id='word_1_493' title='bbox 1626 1871 1665 1894; x_wconf 88' lang='lat' dir='ltr'>se</span> <span class='ocrx_word' id='word_1_494' title='bbox 1693 1859 1854 1907; x_wconf 90' lang='lat' dir='ltr'>pertinet</span> <span class='ocrx_word' id='word_1_495' title='bbox 1874 1859 1995 1895; x_wconf 89' lang='lat' dir='ltr'>facere</span> <span class='ocrx_word' id='word_1_496' title='bbox 2022 1859 2182 1896; x_wconf 90' lang='lat' dir='ltr'>iustum:</span> <span class='ocrx_word' id='word_1_497' title='bbox 2214 1861 2280 1896; x_wconf 92' lang='lat' dir='ltr'>sed</span> <span class='ocrx_word' id='word_1_498' title='bbox 2308 1861 2415 1908; x_wconf 92' lang='lat' dir='ltr'>quod</span> 
     </span>
     <span class='ocr_line' id='line_1_74' title="bbox 1356 1910 2415 1961; baseline 0.002 -14"><span class='ocrx_word' id='word_1_499' title='bbox 1356 1910 1500 1947; x_wconf 91' lang='lat' dir='ltr'>iustum</span> <span class='ocrx_word' id='word_1_500' title='bbox 1527 1910 1635 1947; x_wconf 88' lang='lat' dir='ltr'>faciat</span> <span class='ocrx_word' id='word_1_501' title='bbox 1663 1923 1709 1947; x_wconf 89' lang='lat' dir='ltr'>ex</span> <span class='ocrx_word' id='word_1_502' title='bbox 1737 1911 1875 1959; x_wconf 91' lang='lat' dir='ltr'>impio,</span> <span class='ocrx_word' id='word_1_503' title='bbox 1911 1912 1987 1947; x_wconf 94' lang='lat' dir='ltr'>hoc</span> <span class='ocrx_word' id='word_1_504' title='bbox 2014 1911 2147 1948; x_wconf 88' lang='lat' dir='ltr'>accidit</span> <span class='ocrx_word' id='word_1_505' title='bbox 2175 1912 2209 1948; x_wconf 92' lang='lat' dir='ltr'>ei</span> <span class='ocrx_word' id='word_1_506' title='bbox 2237 1925 2283 1948; x_wconf 89' lang='lat' dir='ltr'>ex</span> <span class='ocrx_word' id='word_1_507' title='bbox 2310 1921 2415 1961; x_wconf 91' lang='lat' dir='ltr'>parte</span> 
     </span>
     <span class='ocr_line' id='line_1_75' title="bbox 1356 1962 2415 2011; baseline 0.002 -12"><span class='ocrx_word' id='word_1_508' title='bbox 1356 1962 1526 2010; x_wconf 90' lang='lat' dir='ltr'>subiecti,</span> <span class='ocrx_word' id='word_1_509' title='bbox 1546 1963 1586 2000; x_wconf 91' lang='lat' dir='ltr'>in</span> <span class='ocrx_word' id='word_1_510' title='bbox 1605 1975 1684 2011; x_wconf 92' lang='lat' dir='ltr'>quo</span> <span class='ocrx_word' id='word_1_511' title='bbox 1703 1971 1904 2011; x_wconf 90' lang='lat' dir='ltr'>peccatum</span> <span class='ocrx_word' id='word_1_512' title='bbox 1923 1963 2125 2000; x_wconf 90' lang='lat' dir='ltr'>invenitur.</span> <span class='ocrx_word' id='word_1_513' title='bbox 2147 1964 2287 2001; x_wconf 90' lang='lat' dir='ltr'>Anima</span> <span class='ocrx_word' id='word_1_514' title='bbox 2307 1965 2415 2001; x_wconf 90' lang='lat' dir='ltr'>Chri-</span> 
     </span>
     <span class='ocr_line' id='line_1_76' title="bbox 1356 2015 2414 2065; baseline 0.002 -14"><span class='ocrx_word' id='word_1_515' title='bbox 1356 2015 1401 2052; x_wconf 91' lang='lat' dir='ltr'>sti</span> <span class='ocrx_word' id='word_1_516' title='bbox 1428 2015 1540 2062; x_wconf 91' lang='lat' dir='ltr'>igitur</span> <span class='ocrx_word' id='word_1_517' title='bbox 1567 2015 1764 2052; x_wconf 85' lang='lat' dir='ltr'>iustificata</span> <span class='ocrx_word' id='word_1_518' title='bbox 1791 2023 1846 2052; x_wconf 90' lang='lat' dir='ltr'>est</span> <span class='ocrx_word' id='word_1_519' title='bbox 1880 2027 1949 2064; x_wconf 90' lang='lat' dir='ltr'>per</span> <span class='ocrx_word' id='word_1_520' title='bbox 1981 2015 2139 2062; x_wconf 87' lang='lat' dir='ltr'>gratiam</span> <span class='ocrx_word' id='word_1_521' title='bbox 2172 2024 2414 2065; x_wconf 82' lang='lat' dir='ltr'>operantem,</span> 
     </span>
     <span class='ocr_line' id='line_1_77' title="bbox 1356 2068 2415 2116; baseline 0.002 -12"><span class='ocrx_word' id='word_1_522' title='bbox 1356 2068 1587 2116; x_wconf 90' lang='lat' dir='ltr'>inquantum</span> <span class='ocrx_word' id='word_1_523' title='bbox 1621 2079 1690 2116; x_wconf 91' lang='lat' dir='ltr'>per</span> <span class='ocrx_word' id='word_1_524' title='bbox 1717 2079 1803 2104; x_wconf 91' lang='lat' dir='ltr'>eam</span> <span class='ocrx_word' id='word_1_525' title='bbox 1839 2068 1935 2104; x_wconf 89' lang='lat' dir='ltr'>facta</span> <span class='ocrx_word' id='word_1_526' title='bbox 1962 2075 2017 2104; x_wconf 89' lang='lat' dir='ltr'>est</span> <span class='ocrx_word' id='word_1_527' title='bbox 2044 2068 2141 2105; x_wconf 89' lang='lat' dir='ltr'>iusta</span> <span class='ocrx_word' id='word_1_528' title='bbox 2174 2076 2210 2105; x_wconf 91' lang='lat' dir='ltr'>et</span> <span class='ocrx_word' id='word_1_529' title='bbox 2238 2077 2365 2106; x_wconf 91' lang='lat' dir='ltr'>sancta</span> <span class='ocrx_word' id='word_1_530' title='bbox 2393 2082 2415 2106; x_wconf 88' lang='lat' dir='ltr'>a</span> 
     </span>
     <span class='ocr_line' id='line_1_78' title="bbox 1355 2119 2415 2169; baseline 0.002 -13"><span class='ocrx_word' id='word_1_531' title='bbox 1355 2119 1543 2168; x_wconf 80' lang='lat' dir='ltr'>prineipio</span> <span class='ocrx_word' id='word_1_532' title='bbox 1563 2132 1654 2156; x_wconf 91' lang='lat' dir='ltr'>suae</span> <span class='ocrx_word' id='word_1_533' title='bbox 1673 2119 1950 2168; x_wconf 89' lang='lat' dir='ltr'>conceptionis:</span> <span class='ocrx_word' id='word_1_534' title='bbox 1980 2132 2059 2157; x_wconf 94' lang='lat' dir='ltr'>non</span> <span class='ocrx_word' id='word_1_535' title='bbox 2074 2121 2181 2169; x_wconf 92' lang='lat' dir='ltr'>quod</span> <span class='ocrx_word' id='word_1_536' title='bbox 2201 2129 2286 2157; x_wconf 90' lang='lat' dir='ltr'>ante</span> <span class='ocrx_word' id='word_1_537' title='bbox 2305 2121 2415 2158; x_wconf 82' lang='lat' dir='ltr'>fuerit</span> 
     </span>
     <span class='ocr_line' id='line_1_79' title="bbox 1355 2171 2068 2220; baseline 0.001 -12"><span class='ocrx_word' id='word_1_538' title='bbox 1355 2171 1555 2220; x_wconf 85' lang='lat' dir='ltr'>peccatrix,</span> <span class='ocrx_word' id='word_1_539' title='bbox 1585 2180 1650 2208; x_wconf 90' lang='lat' dir='ltr'>aut</span> <span class='ocrx_word' id='word_1_540' title='bbox 1678 2171 1791 2208; x_wconf 89' lang='lat' dir='ltr'>etiam</span> <span class='ocrx_word' id='word_1_541' title='bbox 1819 2184 1900 2208; x_wconf 90' lang='lat' dir='ltr'>non</span> <span class='ocrx_word' id='word_1_542' title='bbox 1927 2171 2025 2209; x_wconf 90' lang='lat' dir='ltr'>iusta</span> <span class='ocrx_word' id='word_1_543' title='bbox 2043 2171 2068 2209; x_wconf 79' lang='lat'>⁰.</span> 
     </span>
    </p>
   </div>
   <div class='ocr_carea' id='block_1_7' title="bbox 1354 2285 2416 2494">
    <p class='ocr_par' dir='ltr' id='par_1_17' title="bbox 1354 2285 2416 2494">
     <span class='ocr_line' id='line_1_80' title="bbox 1407 2285 2416 2321; baseline 0.003 -10"><span class='ocrx_word' id='word_1_544' title='bbox 1407 2285 1432 2320; x_wconf 84' lang='grc' dir='ltr'>θ)</span> <span class='ocrx_word' id='word_1_545' title='bbox 1452 2287 1531 2311; x_wconf 79' lang='lat' dir='ltr'>iusta.</span> <span class='ocrx_word' id='word_1_546' title='bbox 1541 2300 1560 2304; x_wconf 88' lang='lat'>—</span> <span class='ocrx_word' id='word_1_547' title='bbox 1570 2286 1614 2310; x_wconf 80' lang='lat' dir='ltr'>Ad</span> <span class='ocrx_word' id='word_1_548' title='bbox 1626 2286 1734 2310; x_wconf 80' lang='lat' dir='ltr'>tertium</span> <span class='ocrx_word' id='word_1_549' title='bbox 1747 2286 1888 2312; x_wconf 79' lang='lat' dir='ltr'>dicendum</span> <span class='ocrx_word' id='word_1_550' title='bbox 1899 2287 1972 2318; x_wconf 85' lang='lat' dir='ltr'>quod</span> <span class='ocrx_word' id='word_1_551' title='bbox 1986 2287 2126 2318; x_wconf 76' lang='lat' dir='ltr'>plenitudo</span> <span class='ocrx_word' id='word_1_552' title='bbox 2137 2289 2245 2321; x_wconf 77' lang='lat' dir='ltr'>gratiae</span> <span class='ocrx_word' id='word_1_553' title='bbox 2256 2289 2416 2314; x_wconf 78' lang='lat' dir='ltr'>attribuitur</span> 
     </span>
     <span class='ocr_line' id='line_1_81' title="bbox 1354 2321 2416 2355; baseline 0.003 -9"><span class='ocrx_word' id='word_1_554' title='bbox 1354 2322 1460 2347; x_wconf 80' lang='lat' dir='ltr'>animae</span> <span class='ocrx_word' id='word_1_555' title='bbox 1490 2321 1590 2346; x_wconf 78' lang='lat' dir='ltr'>Christi</span> <span class='ocrx_word' id='word_1_556' title='bbox 1617 2321 1760 2346; x_wconf 79' lang='lat' dir='ltr'>secundum</span> <span class='ocrx_word' id='word_1_557' title='bbox 1787 2321 1961 2353; x_wconf 78' lang='lat' dir='ltr'>capacitatem</span> <span class='ocrx_word' id='word_1_558' title='bbox 1988 2326 2140 2352; x_wconf 82' lang='lat' dir='ltr'>creaturae,</span> <span class='ocrx_word' id='word_1_559' title='bbox 2170 2331 2221 2348; x_wconf 85' lang='lat' dir='ltr'>non</span> <span class='ocrx_word' id='word_1_560' title='bbox 2252 2327 2339 2349; x_wconf 85' lang='lat' dir='ltr'>autem</span> <span class='ocrx_word' id='word_1_561' title='bbox 2363 2331 2416 2355; x_wconf 84' lang='lat' dir='ltr'>per</span> 
     </span>
     <span class='ocr_line' id='line_1_82' title="bbox 1354 2356 2414 2389; baseline 0.003 -9"><span class='ocrx_word' id='word_1_562' title='bbox 1354 2357 1581 2388; x_wconf 80' lang='lat' dir='ltr'>comparationem</span> <span class='ocrx_word' id='word_1_563' title='bbox 1600 2356 1637 2380; x_wconf 81' lang='lat' dir='ltr'>ad</span> <span class='ocrx_word' id='word_1_564' title='bbox 1655 2356 1848 2388; x_wconf 79' lang='lat' dir='ltr'>plenitudinem</span> <span class='ocrx_word' id='word_1_565' title='bbox 1868 2356 1997 2389; x_wconf 78' lang='lat' dir='ltr'>infinitam</span> <span class='ocrx_word' id='word_1_566' title='bbox 2017 2357 2143 2382; x_wconf 80' lang='lat' dir='ltr'>bonitatis</span> <span class='ocrx_word' id='word_1_567' title='bbox 2162 2358 2268 2383; x_wconf 85' lang='lat' dir='ltr'>divinae</span> <span class='ocrx_word' id='word_1_568' title='bbox 2285 2359 2382 2383; x_wconf 84' lang='lat' dir='ltr'>addunt</span> <span class='ocrx_word' id='word_1_569' title='bbox 2394 2359 2414 2383; x_wconf 85' lang='lat' dir='ltr'>F</span> 
     </span>
     <span class='ocr_line' id='line_1_83' title="bbox 1356 2391 2415 2426; baseline 0.002 -10"><span class='ocrx_word' id='word_1_570' title='bbox 1356 2397 1381 2416; x_wconf 90' lang='lat' dir='ltr'>et</span> <span class='ocrx_word' id='word_1_571' title='bbox 1399 2392 1471 2416; x_wconf 81' lang='lat' dir='ltr'>tertia</span> <span class='ocrx_word' id='word_1_572' title='bbox 1497 2396 1598 2424; x_wconf 78' lang='lat' dir='ltr'>praeter</span> <span class='ocrx_word' id='word_1_573' title='bbox 1617 2391 1672 2423; x_wconf 74' lang='lat' dir='ltr'>pG3</span> <span class='ocrx_word' id='word_1_574' title='bbox 1693 2396 1820 2416; x_wconf 80' lang='lat' dir='ltr'>corrector</span> <span class='ocrx_word' id='word_1_575' title='bbox 1844 2392 1964 2424; x_wconf 83' lang='lat' dir='ltr'>antiquus</span> <span class='ocrx_word' id='word_1_576' title='bbox 1982 2392 2004 2416; x_wconf 87' lang='lat' dir='ltr'>E</span> <span class='ocrx_word' id='word_1_577' title='bbox 2023 2393 2137 2424; x_wconf 84' lang='lat' dir='ltr'>margine</span> <span class='ocrx_word' id='word_1_578' title='bbox 2162 2398 2248 2417; x_wconf 81' lang='lat' dir='ltr'>notat:</span> <span class='ocrx_word' id='word_1_579' title='bbox 2267 2393 2308 2418; x_wconf 86' lang='lat' dir='ltr'>hic</span> <span class='ocrx_word' id='word_1_580' title='bbox 2327 2394 2415 2426; x_wconf 80' lang='lat' dir='ltr'>deficit</span> 
     </span>
     <span class='ocr_line' id='line_1_84' title="bbox 1355 2426 2413 2460; baseline 0.003 -10"><span class='ocrx_word' id='word_1_581' title='bbox 1355 2426 1492 2459; x_wconf 81' lang='lat' dir='ltr'>responsio</span> <span class='ocrx_word' id='word_1_582' title='bbox 1505 2427 1542 2451; x_wconf 86' lang='lat' dir='ltr'>ad</span> <span class='ocrx_word' id='word_1_583' title='bbox 1555 2427 1662 2452; x_wconf 79' lang='lat' dir='ltr'>tertium</span> <span class='ocrx_word' id='word_1_584' title='bbox 1675 2430 1701 2451; x_wconf 90' lang='lat' dir='ltr'>et</span> <span class='ocrx_word' id='word_1_585' title='bbox 1713 2426 1836 2451; x_wconf 81' lang='lat' dir='ltr'>similiter</span> <span class='ocrx_word' id='word_1_586' title='bbox 1849 2426 1874 2451; x_wconf 86' lang='lat' dir='ltr'>in</span> <span class='ocrx_word' id='word_1_587' title='bbox 1889 2427 2039 2458; x_wconf 81' lang='lat' dir='ltr'>exemplari</span> <span class='ocrx_word' id='word_1_588' title='bbox 2043 2435 2052 2457; x_wconf 84' lang='lat'>,·</span> <span class='ocrx_word' id='word_1_589' title='bbox 2071 2433 2129 2460; x_wconf 88' lang='lat' dir='ltr'>post</span> <span class='ocrx_word' id='word_1_590' title='bbox 2146 2427 2226 2452; x_wconf 87' lang='lat' dir='ltr'>verba</span> <span class='ocrx_word' id='word_1_591' title='bbox 2242 2428 2286 2452; x_wconf 81' lang='lat' dir='ltr'>Ad</span> <span class='ocrx_word' id='word_1_592' title='bbox 2304 2428 2413 2453; x_wconf 80' lang='lat' dir='ltr'>tertium</span> 
     </span>
     <span class='ocr_line' id='line_1_85' title="bbox 1356 2461 1866 2494; baseline -0.002 -8"><span class='ocrx_word' id='word_1_593' title='bbox 1356 2461 1399 2494; x_wconf 88' lang='lat' dir='ltr'>pG</span> <span class='ocrx_word' id='word_1_594' title='bbox 1417 2461 1520 2494; x_wconf 88' lang='lat' dir='ltr'>reliquit</span> <span class='ocrx_word' id='word_1_595' title='bbox 1538 2462 1649 2493; x_wconf 85' lang='lat' dir='ltr'>spatium</span> <span class='ocrx_word' id='word_1_596' title='bbox 1669 2469 1714 2486; x_wconf 90' lang='lat' dir='ltr'>sex</span> <span class='ocrx_word' id='word_1_597' title='bbox 1733 2462 1866 2486; x_wconf 88' lang='lat' dir='ltr'>linearum.</span> 
     </span>
    </p>
   </div>
   <div class='ocr_carea' id='block_1_8' title="bbox 917 2538 1745 2572">
    <p class='ocr_par' dir='ltr' id='par_1_18' title="bbox 917 2538 1745 2572">
     <span class='ocr_line' id='line_1_86' title="bbox 917 2538 1745 2572; baseline -0.002 0"><span class='ocrx_word' id='word_1_598' title='bbox 917 2539 1249 2572; x_wconf 52' lang='lat' dir='ltr'>Commentariis</span> <span class='ocrx_word' id='word_1_599' title='bbox 1270 2538 1522 2572; x_wconf 74' lang='lat' dir='ltr'>Cardinalis</span> <span class='ocrx_word' id='word_1_600' title='bbox 1544 2538 1745 2571; x_wconf 72' lang='lat' dir='ltr'>Caietam</span> 
     </span>
    </p>
   </div>
   <div class='ocr_carea' id='block_1_9' title="bbox 238 2619 1303 3096">
    <p class='ocr_par' dir='ltr' id='par_1_19' title="bbox 238 2619 1303 2967">
     <span class='ocr_line' id='line_1_87' title="bbox 306 2619 1302 2659; baseline -0.003 -8"><span class='ocrx_word' id='word_1_601' title='bbox 306 2629 413 2651; x_wconf 66' lang='lat' dir='ltr'>nurus</span> <span class='ocrx_word' id='word_1_602' title='bbox 444 2620 566 2650; x_wconf 87' lang='lat' dir='ltr'>articuli</span> <span class='ocrx_word' id='word_1_603' title='bbox 587 2620 667 2650; x_wconf 86' lang='lat' dir='ltr'>noni</span> <span class='ocrx_word' id='word_1_604' title='bbox 689 2620 728 2649; x_wconf 90' lang='lat' dir='ltr'>ab</span> <span class='ocrx_word' id='word_1_605' title='bbox 755 2620 896 2650; x_wconf 89' lang='lat' dir='ltr'>Auctore</span> <span class='ocrx_word' id='word_1_606' title='bbox 919 2620 952 2649; x_wconf 90' lang='lat' dir='ltr'>in</span> <span class='ocrx_word' id='word_1_607' title='bbox 975 2619 1132 2659; x_wconf 84' lang='lat' dir='ltr'>principio</span> <span class='ocrx_word' id='word_1_608' title='bbox 1159 2619 1302 2659; x_wconf 89' lang='lat' dir='ltr'>corporis</span> 
     </span>
     <span class='ocr_line' id='line_1_88' title="bbox 249 2632 1302 2704; baseline -0.002 -10"><span class='ocrx_word' id='word_1_609' title='bbox 249 2632 495 2694; x_wconf 84' lang='lat' dir='ltr'>Tdeclaratur:</span> <span class='ocrx_word' id='word_1_610' title='bbox 521 2662 610 2704; x_wconf 90' lang='lat' dir='ltr'>quod</span> <span class='ocrx_word' id='word_1_611' title='bbox 630 2663 796 2703; x_wconf 86' lang='lat' dir='ltr'>plenitudo</span> <span class='ocrx_word' id='word_1_612' title='bbox 811 2664 963 2703; x_wconf 87' lang='lat' dir='ltr'>importat</span> <span class='ocrx_word' id='word_1_613' title='bbox 977 2663 1165 2693; x_wconf 90' lang='lat' dir='ltr'>totalitatem</span> <span class='ocrx_word' id='word_1_614' title='bbox 1181 2668 1212 2692; x_wconf 93' lang='lat' dir='ltr'>et</span> <span class='ocrx_word' id='word_1_615' title='bbox 1231 2672 1302 2702; x_wconf 89' lang='lat' dir='ltr'>per—</span> 
     </span>
     <span class='ocr_line' id='line_1_89' title="bbox 248 2706 1302 2747; baseline -0.002 -9"><span class='ocrx_word' id='word_1_616' title='bbox 248 2707 437 2744; x_wconf 83' lang='lat' dir='ltr'>fectionem;</span> <span class='ocrx_word' id='word_1_617' title='bbox 467 2708 511 2737; x_wconf 83' lang='lat' dir='ltr'>ita</span> <span class='ocrx_word' id='word_1_618' title='bbox 533 2706 622 2747; x_wconf 91' lang='lat' dir='ltr'>quod</span> <span class='ocrx_word' id='word_1_619' title='bbox 648 2707 763 2737; x_wconf 88' lang='lat' dir='ltr'>habere</span> <span class='ocrx_word' id='word_1_620' title='bbox 785 2708 902 2746; x_wconf 79' lang='lat' dir='ltr'>gratiae</span> <span class='ocrx_word' id='word_1_621' title='bbox 923 2706 1156 2746; x_wconf 85' lang='lat' dir='ltr'>plenitudinem</span> <span class='ocrx_word' id='word_1_622' title='bbox 1180 2711 1226 2736; x_wconf 88' lang='lat' dir='ltr'>est</span> <span class='ocrx_word' id='word_1_623' title='bbox 1247 2707 1302 2736; x_wconf 89' lang='lat' dir='ltr'>ha·</span> 
     </span>
     <span class='ocr_line' id='line_1_90' title="bbox 247 2750 1303 2791; baseline -0.002 -9"><span class='ocrx_word' id='word_1_624' title='bbox 247 2753 321 2782; x_wconf 90' lang='lat' dir='ltr'>bere</span> <span class='ocrx_word' id='word_1_625' title='bbox 337 2752 468 2791; x_wconf 87' lang='lat' dir='ltr'>gratiam</span> <span class='ocrx_word' id='word_1_626' title='bbox 490 2751 627 2780; x_wconf 89' lang='lat' dir='ltr'>totaliter</span> <span class='ocrx_word' id='word_1_627' title='bbox 647 2756 678 2780; x_wconf 90' lang='lat' dir='ltr'>et</span> <span class='ocrx_word' id='word_1_628' title='bbox 700 2750 848 2790; x_wconf 86' lang='lat' dir='ltr'>perfecte.</span> <span class='ocrx_word' id='word_1_629' title='bbox 872 2751 913 2780; x_wconf 91' lang='lat' dir='ltr'>Et</span> <span class='ocrx_word' id='word_1_630' title='bbox 934 2751 1009 2790; x_wconf 91' lang='lat' dir='ltr'>quia</span> <span class='ocrx_word' id='word_1_631' title='bbox 1027 2750 1170 2780; x_wconf 83' lang='lat' dir='ltr'>totaliter</span> <span class='ocrx_word' id='word_1_632' title='bbox 1184 2755 1215 2780; x_wconf 85' lang='lat' dir='ltr'>et</span> <span class='ocrx_word' id='word_1_633' title='bbox 1226 2760 1303 2790; x_wconf 81' lang='lat' dir='ltr'>per-</span> 
     </span>
     <span class='ocr_line' id='line_1_91' title="bbox 238 2793 1303 2838; baseline -0.003 -12"><span class='ocrx_word' id='word_1_634' title='bbox 238 2798 330 2838; x_wconf 83' lang='lat' dir='ltr'>fecte</span> <span class='ocrx_word' id='word_1_635' title='bbox 352 2795 519 2834; x_wconf 85' lang='lat' dir='ltr'>dupliciter</span> <span class='ocrx_word' id='word_1_636' title='bbox 541 2794 709 2829; x_wconf 89' lang='lat' dir='ltr'>invenitur‚</span> <span class='ocrx_word' id='word_1_637' title='bbox 725 2794 775 2824; x_wconf 88' lang='lat' dir='ltr'>vel</span> <span class='ocrx_word' id='word_1_638' title='bbox 790 2795 823 2824; x_wconf 90' lang='lat' dir='ltr'>in</span> <span class='ocrx_word' id='word_1_639' title='bbox 839 2803 954 2834; x_wconf 88' lang='lat' dir='ltr'>genere</span> <span class='ocrx_word' id='word_1_640' title='bbox 970 2794 1088 2833; x_wconf 89' lang='lat' dir='ltr'>aliquo,</span> <span class='ocrx_word' id='word_1_641' title='bbox 1109 2794 1160 2824; x_wconf 85' lang='lat' dir='ltr'>vel</span> <span class='ocrx_word' id='word_1_642' title='bbox 1183 2793 1303 2833; x_wconf 88' lang='lat' dir='ltr'>simpli-</span> 
     </span>
     <span class='ocr_line' id='line_1_92' title="bbox 248 2836 1302 2878; baseline -0.003 -8"><span class='ocrx_word' id='word_1_643' title='bbox 248 2840 338 2876; x_wconf 90' lang='lat' dir='ltr'>citer;</span> <span class='ocrx_word' id='word_1_644' title='bbox 355 2838 493 2878; x_wconf 85' lang='lat' dir='ltr'>intellige</span> <span class='ocrx_word' id='word_1_645' title='bbox 508 2837 560 2868; x_wconf 88' lang='lat' dir='ltr'>hic</span> <span class='ocrx_word' id='word_1_646' title='bbox 575 2837 664 2877; x_wconf 92' lang='lat' dir='ltr'>quod</span> <span class='ocrx_word' id='word_1_647' title='bbox 675 2843 722 2868; x_wconf 90' lang='lat' dir='ltr'>est</span> <span class='ocrx_word' id='word_1_648' title='bbox 733 2846 837 2867; x_wconf 88' lang='lat' dir='ltr'>sermo</span> <span class='ocrx_word' id='word_1_649' title='bbox 849 2836 889 2867; x_wconf 89' lang='lat' dir='ltr'>de</span> <span class='ocrx_word' id='word_1_650' title='bbox 900 2838 1053 2867; x_wconf 89' lang='lat' dir='ltr'>totalitate</span> <span class='ocrx_word' id='word_1_651' title='bbox 1061 2843 1096 2877; x_wconf 19' lang='lat' dir='ltr'>*et</span> <span class='ocrx_word' id='word_1_652' title='bbox 1106 2837 1302 2877; x_wconf 86' lang='lat' dir='ltr'>perfectione</span> 
     </span>
     <span class='ocr_line' id='line_1_93' title="bbox 248 2880 1303 2923; baseline -0.002 -10"><span class='ocrx_word' id='word_1_653' title='bbox 248 2883 440 2923; x_wconf 87' lang='lat' dir='ltr'>simpliciter.</span> <span class='ocrx_word' id='word_1_654' title='bbox 476 2882 521 2911; x_wconf 92' lang='lat' dir='ltr'>Ita</span> <span class='ocrx_word' id='word_1_655' title='bbox 549 2880 638 2921; x_wconf 91' lang='lat' dir='ltr'>quod</span> <span class='ocrx_word' id='word_1_656' title='bbox 660 2882 804 2920; x_wconf 83' lang='lat' dir='ltr'>quaestio</span> <span class='ocrx_word' id='word_1_657' title='bbox 828 2887 890 2911; x_wconf 88' lang='lat' dir='ltr'>est:</span> <span class='ocrx_word' id='word_1_658' title='bbox 920 2881 973 2911; x_wconf 92' lang='lat' dir='ltr'>An</span> <span class='ocrx_word' id='word_1_659' title='bbox 994 2882 1028 2911; x_wconf 90' lang='lat' dir='ltr'>in</span> <span class='ocrx_word' id='word_1_660' title='bbox 1052 2881 1178 2911; x_wconf 91' lang='lat' dir='ltr'>Christo</span> <span class='ocrx_word' id='word_1_661' title='bbox 1209 2880 1303 2911; x_wconf 86' lang='lat' dir='ltr'>fuerit</span> 
     </span>
     <span class='ocr_line' id='line_1_94' title="bbox 247 2924 768 2967; baseline -0.006 -10"><span class='ocrx_word' id='word_1_662' title='bbox 247 2927 363 2967; x_wconf 86' lang='lat' dir='ltr'>gratiae</span> <span class='ocrx_word' id='word_1_663' title='bbox 386 2924 552 2966; x_wconf 84' lang='lat' dir='ltr'>plenitudo</span> <span class='ocrx_word' id='word_1_664' title='bbox 576 2924 768 2964; x_wconf 88' lang='lat' dir='ltr'>simpliciter.</span> 
     </span>
    </p>

    <p class='ocr_par' dir='ltr' id='par_1_20' title="bbox 247 2967 1303 3096">
     <span class='ocr_line' id='line_1_95' title="bbox 302 2967 1303 3009; baseline -0.002 -9"><span class='ocrx_word' id='word_1_665' title='bbox 302 2970 338 3000; x_wconf 90' lang='lat' dir='ltr'>In</span> <span class='ocrx_word' id='word_1_666' title='bbox 361 2978 496 3009; x_wconf 87' lang='lat' dir='ltr'>corpore</span> <span class='ocrx_word' id='word_1_667' title='bbox 518 2968 640 2998; x_wconf 85' lang='lat' dir='ltr'>articuli</span> <span class='ocrx_word' id='word_1_668' title='bbox 662 2968 720 2998; x_wconf 86' lang='lat' dir='ltr'>tria</span> <span class='ocrx_word' id='word_1_669' title='bbox 742 2967 839 2998; x_wconf 85' lang='lat' dir='ltr'>fiunt:</span> <span class='ocrx_word' id='word_1_670' title='bbox 870 2968 991 3007; x_wconf 86' lang='lat' dir='ltr'>primo,</span> <span class='ocrx_word' id='word_1_671' title='bbox 1020 2967 1217 2998; x_wconf 87' lang='lat' dir='ltr'>declarantur</span> <span class='ocrx_word' id='word_1_672' title='bbox 1242 2973 1303 2998; x_wconf 89' lang='lat' dir='ltr'>ter-</span> 
     </span>
     <span class='ocr_line' id='line_1_96' title="bbox 247 3010 1303 3052; baseline -0.005 -6"><span class='ocrx_word' id='word_1_673' title='bbox 247 3015 336 3050; x_wconf 83' lang='lat' dir='ltr'>mini,</span> <span class='ocrx_word' id='word_1_674' title='bbox 361 3019 392 3044; x_wconf 89' lang='lat' dir='ltr'>et</span> <span class='ocrx_word' id='word_1_675' title='bbox 413 3013 666 3052; x_wconf 84' lang='lat' dir='ltr'>distinguuntur;</span> <span class='ocrx_word' id='word_1_676' title='bbox 696 3010 854 3046; x_wconf 85' lang='lat' dir='ltr'>secundo,</span> <span class='ocrx_word' id='word_1_677' title='bbox 877 3010 1086 3050; x_wconf 88' lang='lat' dir='ltr'>respondetur</span> <span class='ocrx_word' id='word_1_678' title='bbox 1108 3012 1203 3041; x_wconf 87' lang='lat' dir='ltr'>unica</span> <span class='ocrx_word' id='word_1_679' title='bbox 1226 3021 1303 3041; x_wconf 92' lang='lat' dir='ltr'>con-</span> 
     </span>
     <span class='ocr_line' id='line_1_97' title="bbox 249 3054 1303 3096; baseline -0.006 -6"><span class='ocrx_word' id='word_1_680' title='bbox 249 3059 391 3090; x_wconf 71' lang='lat' dir='ltr'>elusione</span> <span class='ocrx_word' id='word_1_681' title='bbox 406 3056 446 3087; x_wconf 87' lang='lat' dir='ltr'>de</span> <span class='ocrx_word' id='word_1_682' title='bbox 461 3054 659 3096; x_wconf 87' lang='lat' dir='ltr'>plenitudine</span> <span class='ocrx_word' id='word_1_683' title='bbox 674 3055 843 3090; x_wconf 84' lang='lat' dir='ltr'>intensiva;</span> <span class='ocrx_word' id='word_1_684' title='bbox 866 3055 970 3090; x_wconf 86' lang='lat' dir='ltr'>tertio,</span> <span class='ocrx_word' id='word_1_685' title='bbox 985 3054 1194 3094; x_wconf 82' lang='lat' dir='ltr'>respondetur</span> <span class='ocrx_word' id='word_1_686' title='bbox 1209 3055 1303 3085; x_wconf 88' lang='lat' dir='ltr'>unica</span> 
     </span>
    </p>
   </div>
   <div class='ocr_carea' id='block_1_10' title="bbox 145 3097 961 3139">
    <p class='ocr_par' dir='ltr' id='par_1_21' title="bbox 145 3097 961 3139">
     <span class='ocr_line' id='line_1_98' title="bbox 145 3097 961 3139; baseline -0.011 -4"><span class='ocrx_word' id='word_1_687' title='bbox 145 3120 152 3127; x_wconf 92' lang='lat'>-</span> <span class='ocrx_word' id='word_1_688' title='bbox 192 3121 197 3127; x_wconf 94' lang='lat'><em>-</em></span> <span class='ocrx_word' id='word_1_689' title='bbox 249 3101 456 3134; x_wconf 86' lang='lat' dir='ltr'>conclusione</span> <span class='ocrx_word' id='word_1_690' title='bbox 480 3099 519 3130; x_wconf 87' lang='lat' dir='ltr'>de</span> <span class='ocrx_word' id='word_1_691' title='bbox 541 3098 738 3139; x_wconf 85' lang='lat' dir='ltr'>plenitudine</span> <span class='ocrx_word' id='word_1_692' title='bbox 762 3097 920 3128; x_wconf 88' lang='lat' dir='ltr'>extensiva</span> <span class='ocrx_word' id='word_1_693' title='bbox 935 3098 961 3127; x_wconf 68' lang='lat'>⁴.</span> 
     </span>
    </p>
   </div>
   <div class='ocr_carea' id='block_1_11' title="bbox 248 3140 1304 3572">
    <p class='ocr_par' dir='ltr' id='par_1_22' title="bbox 250 3140 1303 3224">
     <span class='ocr_line' id='line_1_99' title="bbox 303 3140 1303 3183; baseline -0.004 -8"><span class='ocrx_word' id='word_1_694' title='bbox 303 3145 486 3176; x_wconf 89' lang='lat' dir='ltr'>Declaratur</span> <span class='ocrx_word' id='word_1_695' title='bbox 507 3144 540 3174; x_wconf 92' lang='lat' dir='ltr'>in</span> <span class='ocrx_word' id='word_1_696' title='bbox 563 3143 672 3183; x_wconf 90' lang='lat' dir='ltr'>primis</span> <span class='ocrx_word' id='word_1_697' title='bbox 695 3142 727 3182; x_wconf 96' lang='lat' dir='ltr'>ly</span> <span class='ocrx_word' id='word_1_698' title='bbox 744 3140 923 3183; x_wconf 70' lang='lat' dir='ltr'>plenitudo.</span> <span class='ocrx_word' id='word_1_699' title='bbox 952 3140 993 3170; x_wconf 94' lang='lat' dir='ltr'>Et</span> <span class='ocrx_word' id='word_1_700' title='bbox 1015 3140 1229 3180; x_wconf 76' lang='lat' dir='ltr'>distinguitur:</span> <span class='ocrx_word' id='word_1_701' title='bbox 1253 3141 1303 3172; x_wconf 90' lang='lat' dir='ltr'>vel</span> 
     </span>
     <span class='ocr_line' id='line_1_100' title="bbox 250 3186 700 3224; baseline -0.009 -4"><span class='ocrx_word' id='word_1_702' title='bbox 250 3189 413 3224; x_wconf 77' lang='lat' dir='ltr'>intensive,</span> <span class='ocrx_word' id='word_1_703' title='bbox 435 3187 486 3218; x_wconf 89' lang='lat' dir='ltr'>vel</span> <span class='ocrx_word' id='word_1_704' title='bbox 508 3186 700 3218; x_wconf 79' lang='lat' dir='ltr'>virtualiter.</span> 
     </span>
    </p>

    <p class='ocr_par' dir='ltr' id='par_1_23' title="bbox 248 3227 1304 3572">
     <span class='ocr_line' id='line_1_101' title="bbox 303 3227 1303 3268; baseline -0.005 -6"><span class='ocrx_word' id='word_1_705' title='bbox 303 3233 408 3262; x_wconf 86' lang='lat' dir='ltr'>Prima</span> <span class='ocrx_word' id='word_1_706' title='bbox 429 3236 538 3261; x_wconf 86' lang='lat' dir='ltr'>autem</span> <span class='ocrx_word' id='word_1_707' title='bbox 560 3230 724 3261; x_wconf 86' lang='lat' dir='ltr'>conclusio</span> <span class='ocrx_word' id='word_1_708' title='bbox 748 3234 811 3258; x_wconf 82' lang='lat' dir='ltr'>est:</span> <span class='ocrx_word' id='word_1_709' title='bbox 835 3228 874 3258; x_wconf 91' lang='lat' dir='ltr'>In</span> <span class='ocrx_word' id='word_1_710' title='bbox 900 3227 1027 3257; x_wconf 78' lang='lat' dir='ltr'>Christo</span> <span class='ocrx_word' id='word_1_711' title='bbox 1045 3227 1119 3268; x_wconf 83' lang='lat' dir='ltr'>fuit</span> <span class='ocrx_word' id='word_1_712' title='bbox 1134 3228 1303 3268; x_wconf 77' lang='lat' dir='ltr'>plenitudo</span> 
     </span>
     <span class='ocr_line' id='line_1_102' title="bbox 248 3271 1303 3317; baseline -0.004 -11"><span class='ocrx_word' id='word_1_713' title='bbox 248 3276 378 3317; x_wconf 75' lang='lat' dir='ltr'>gratiae</span> <span class='ocrx_word' id='word_1_714' title='bbox 407 3274 569 3306; x_wconf 75' lang='lat' dir='ltr'>intensive.</span> <span class='ocrx_word' id='word_1_715' title='bbox 599 3274 762 3304; x_wconf 87' lang='lat' dir='ltr'>Probatur.</span> <span class='ocrx_word' id='word_1_716' title='bbox 795 3272 915 3302; x_wconf 87' lang='lat' dir='ltr'>Habuit</span> <span class='ocrx_word' id='word_1_717' title='bbox 943 3271 1074 3310; x_wconf 81' lang='lat' dir='ltr'>gratiam</span> <span class='ocrx_word' id='word_1_718' title='bbox 1102 3271 1136 3302; x_wconf 86' lang='lat' dir='ltr'>in</span> <span class='ocrx_word' id='word_1_719' title='bbox 1164 3281 1303 3302; x_wconf 83' lang='lat' dir='ltr'>summo.</span> 
     </span>
     <span class='ocr_line' id='line_1_103' title="bbox 250 3315 1304 3359; baseline -0.008 -8"><span class='ocrx_word' id='word_1_720' title='bbox 250 3320 345 3359; x_wconf 81' lang='lat' dir='ltr'>Ergo.</span> <span class='ocrx_word' id='word_1_721' title='bbox 368 3337 391 3342; x_wconf 90' lang='lat'><em>-</em></span> <span class='ocrx_word' id='word_1_722' title='bbox 414 3318 652 3358; x_wconf 87' lang='lat' dir='ltr'>Consequentia</span> <span class='ocrx_word' id='word_1_723' title='bbox 674 3316 861 3356; x_wconf 86' lang='lat' dir='ltr'>relinquitur</span> <span class='ocrx_word' id='word_1_724' title='bbox 883 3324 940 3355; x_wconf 91' lang='lat' dir='ltr'>per</span> <span class='ocrx_word' id='word_1_725' title='bbox 958 3323 991 3344; x_wconf 87' lang='lat' dir='ltr'>se</span> <span class='ocrx_word' id='word_1_726' title='bbox 1014 3319 1100 3344; x_wconf 91' lang='lat' dir='ltr'>nota.</span> <span class='ocrx_word' id='word_1_727' title='bbox 1123 3332 1146 3336; x_wconf 95' lang='lat'>-</span> <span class='ocrx_word' id='word_1_728' title='bbox 1167 3315 1304 3344; x_wconf 88' lang='lat' dir='ltr'>Antece-</span> 
     </span>
     <span class='ocr_line' id='line_1_104' title="bbox 250 3357 1303 3402; baseline -0.007 -9"><span class='ocrx_word' id='word_1_729' title='bbox 250 3363 327 3393; x_wconf 90' lang='lat' dir='ltr'>dens</span> <span class='ocrx_word' id='word_1_730' title='bbox 342 3372 418 3392; x_wconf 88' lang='lat' dir='ltr'>vero</span> <span class='ocrx_word' id='word_1_731' title='bbox 433 3362 584 3402; x_wconf 88' lang='lat' dir='ltr'>probatur</span> <span class='ocrx_word' id='word_1_732' title='bbox 599 3360 775 3400; x_wconf 87' lang='lat' dir='ltr'>dupliciter.</span> <span class='ocrx_word' id='word_1_733' title='bbox 794 3359 913 3394; x_wconf 86' lang='lat' dir='ltr'>Primo,</span> <span class='ocrx_word' id='word_1_734' title='bbox 928 3367 965 3388; x_wconf 87' lang='lat' dir='ltr'>ex</span> <span class='ocrx_word' id='word_1_735' title='bbox 977 3367 1080 3387; x_wconf 92' lang='lat' dir='ltr'>causa.</span> <span class='ocrx_word' id='word_1_736' title='bbox 1100 3357 1184 3395; x_wconf 90' lang='lat' dir='ltr'>Quia</span> <span class='ocrx_word' id='word_1_737' title='bbox 1199 3358 1303 3387; x_wconf 89' lang='lat' dir='ltr'>anima</span> 
     </span>
     <span class='ocr_line' id='line_1_105' title="bbox 251 3401 1304 3445; baseline -0.007 -8"><span class='ocrx_word' id='word_1_738' title='bbox 251 3406 367 3437; x_wconf 84' lang='lat' dir='ltr'>Christi</span> <span class='ocrx_word' id='word_1_739' title='bbox 383 3411 447 3436; x_wconf 91' lang='lat' dir='ltr'>erat</span> <span class='ocrx_word' id='word_1_740' title='bbox 457 3405 726 3445; x_wconf 87' lang='lat' dir='ltr'>propinquissima</span> <span class='ocrx_word' id='word_1_741' title='bbox 742 3412 853 3433; x_wconf 89' lang='lat' dir='ltr'>causae</span> <span class='ocrx_word' id='word_1_742' title='bbox 865 3402 997 3442; x_wconf 81' lang='lat' dir='ltr'>gratiae:</span> <span class='ocrx_word' id='word_1_743' title='bbox 1014 3402 1089 3440; x_wconf 87' lang='lat' dir='ltr'>quia</span> <span class='ocrx_word' id='word_1_744' title='bbox 1099 3401 1304 3440; x_wconf 88' lang='lat' dir='ltr'>personaliter</span> 
     </span>
     <span class='ocr_line' id='line_1_106' title="bbox 251 3445 1303 3487; baseline -0.007 -7"><span class='ocrx_word' id='word_1_745' title='bbox 251 3450 430 3480; x_wconf 86' lang='lat' dir='ltr'>coniuncta.</span> <span class='ocrx_word' id='word_1_746' title='bbox 455 3449 584 3487; x_wconf 89' lang='lat' dir='ltr'>Quanto</span> <span class='ocrx_word' id='word_1_747' title='bbox 601 3454 707 3478; x_wconf 89' lang='lat' dir='ltr'>autem</span> <span class='ocrx_word' id='word_1_748' title='bbox 726 3446 947 3487; x_wconf 90' lang='lat' dir='ltr'>propinquior,</span> <span class='ocrx_word' id='word_1_749' title='bbox 971 3450 1059 3474; x_wconf 90' lang='lat' dir='ltr'>tanto</span> <span class='ocrx_word' id='word_1_750' title='bbox 1075 3445 1174 3484; x_wconf 84' lang='lat' dir='ltr'>magis</span> <span class='ocrx_word' id='word_1_751' title='bbox 1188 3445 1303 3484; x_wconf 87' lang='lat' dir='ltr'>gratiae</span> 
     </span>
     <span class='ocr_line' id='line_1_107' title="bbox 251 3488 1302 3533; baseline -0.005 -11"><span class='ocrx_word' id='word_1_752' title='bbox 251 3493 371 3533; x_wconf 87' lang='lat' dir='ltr'>recipit.</span> <span class='ocrx_word' id='word_1_753' title='bbox 394 3493 479 3532; x_wconf 83' lang='lat' dir='ltr'>Ergo</span> <span class='ocrx_word' id='word_1_754' title='bbox 499 3493 532 3523; x_wconf 90' lang='lat' dir='ltr'>in</span> <span class='ocrx_word' id='word_1_755' title='bbox 555 3501 683 3522; x_wconf 88' lang='lat' dir='ltr'>summo</span> <span class='ocrx_word' id='word_1_756' title='bbox 699 3491 880 3531; x_wconf 87' lang='lat' dir='ltr'>propinqua</span> <span class='ocrx_word' id='word_1_757' title='bbox 896 3494 942 3519; x_wconf 91' lang='lat' dir='ltr'>est</span> <span class='ocrx_word' id='word_1_758' title='bbox 965 3489 999 3519; x_wconf 89' lang='lat' dir='ltr'>in</span> <span class='ocrx_word' id='word_1_759' title='bbox 1024 3498 1151 3518; x_wconf 87' lang='lat' dir='ltr'>summo</span> <span class='ocrx_word' id='word_1_760' title='bbox 1177 3488 1302 3528; x_wconf 85' lang='lat' dir='ltr'>gratiae.</span> 
     </span>
     <span class='ocr_line' id='line_1_108' title="bbox 252 3532 1303 3572; baseline -0.005 -5"><span class='ocrx_word' id='word_1_761' title='bbox 252 3535 407 3572; x_wconf 74' lang='lat' dir='ltr'>Secundo,</span> <span class='ocrx_word' id='word_1_762' title='bbox 430 3545 469 3566; x_wconf 87' lang='lat' dir='ltr'>ex</span> <span class='ocrx_word' id='word_1_763' title='bbox 491 3535 615 3566; x_wconf 84' lang='lat' dir='ltr'>effectu.</span> <span class='ocrx_word' id='word_1_764' title='bbox 638 3535 755 3565; x_wconf 88' lang='lat' dir='ltr'>Anima</span> <span class='ocrx_word' id='word_1_765' title='bbox 778 3533 894 3564; x_wconf 87' lang='lat' dir='ltr'>Christi</span> <span class='ocrx_word' id='word_1_766' title='bbox 917 3533 1038 3572; x_wconf 85' lang='lat' dir='ltr'>accepit</span> <span class='ocrx_word' id='word_1_767' title='bbox 1055 3532 1185 3572; x_wconf 84' lang='lat' dir='ltr'>gratiam</span> <span class='ocrx_word' id='word_1_768' title='bbox 1207 3537 1243 3563; x_wconf 90' lang='lat' dir='ltr'>ut</span> <span class='ocrx_word' id='word_1_769' title='bbox 1266 3542 1303 3562; x_wconf 86' lang='lat' dir='ltr'>ex</span> 
     </span>
    </p>
   </div>
   <div class='ocr_carea' id='block_1_12' title="bbox 1354 2617 2413 3572">
    <p class='ocr_par' dir='ltr' id='par_1_24' title="bbox 1354 2617 2411 2701">
     <span class='ocr_line' id='line_1_109' title="bbox 1356 2617 2411 2658; baseline 0.001 -10"><span class='ocrx_word' id='word_1_770' title='bbox 1356 2627 1393 2648; x_wconf 89' lang='lat' dir='ltr'>ea</span> <span class='ocrx_word' id='word_1_771' title='bbox 1415 2617 1685 2648; x_wconf 86' lang='lat' dir='ltr'>transfunderetur</span> <span class='ocrx_word' id='word_1_772' title='bbox 1699 2618 1734 2647; x_wconf 92' lang='lat' dir='ltr'>in</span> <span class='ocrx_word' id='word_1_773' title='bbox 1749 2618 1837 2648; x_wconf 90' lang='lat' dir='ltr'>alios.</span> <span class='ocrx_word' id='word_1_774' title='bbox 1861 2618 1946 2657; x_wconf 91' lang='lat' dir='ltr'>Ergo</span> <span class='ocrx_word' id='word_1_775' title='bbox 1966 2618 2076 2648; x_wconf 89' lang='lat' dir='ltr'>habuit</span> <span class='ocrx_word' id='word_1_776' title='bbox 2095 2627 2253 2648; x_wconf 91' lang='lat' dir='ltr'>summam</span> <span class='ocrx_word' id='word_1_777' title='bbox 2271 2619 2411 2658; x_wconf 88' lang='lat' dir='ltr'>gratiam.</span> 
     </span>
     <span class='ocr_line' id='line_1_110' title="bbox 1354 2661 2236 2701; baseline 0 -10"><span class='ocrx_word' id='word_1_778' title='bbox 1354 2662 1395 2691; x_wconf 88' lang='lat' dir='ltr'>Et</span> <span class='ocrx_word' id='word_1_779' title='bbox 1418 2667 1504 2701; x_wconf 86' lang='lat' dir='ltr'>patet</span> <span class='ocrx_word' id='word_1_780' title='bbox 1527 2662 1657 2701; x_wconf 88' lang='lat' dir='ltr'>sequela</span> <span class='ocrx_word' id='word_1_781' title='bbox 1678 2662 1712 2692; x_wconf 88' lang='lat' dir='ltr'>in</span> <span class='ocrx_word' id='word_1_782' title='bbox 1735 2661 1883 2701; x_wconf 89' lang='lat' dir='ltr'>exemplo</span> <span class='ocrx_word' id='word_1_783' title='bbox 1907 2661 1946 2691; x_wconf 93' lang='lat' dir='ltr'>de</span> <span class='ocrx_word' id='word_1_784' title='bbox 1969 2661 2074 2691; x_wconf 87' lang='lat' dir='ltr'>calore</span> <span class='ocrx_word' id='word_1_785' title='bbox 2097 2662 2130 2691; x_wconf 91' lang='lat' dir='ltr'>in</span> <span class='ocrx_word' id='word_1_786' title='bbox 2153 2662 2236 2701; x_wconf 87' lang='lat' dir='ltr'>igne.</span> 
     </span>
    </p>

    <p class='ocr_par' dir='ltr' id='par_1_25' title="bbox 1356 2705 2413 3006">
     <span class='ocr_line' id='line_1_111' title="bbox 1411 2705 2412 2745; baseline 0.001 -10"><span class='ocrx_word' id='word_1_787' title='bbox 1411 2705 1447 2735; x_wconf 93' lang='lat'>11.</span> <span class='ocrx_word' id='word_1_788' title='bbox 1471 2705 1556 2735; x_wconf 90' lang='lat' dir='ltr'>Nota</span> <span class='ocrx_word' id='word_1_789' title='bbox 1578 2706 1629 2735; x_wconf 90' lang='lat' dir='ltr'>hic</span> <span class='ocrx_word' id='word_1_790' title='bbox 1652 2706 1767 2744; x_wconf 88' lang='lat' dir='ltr'>primo,</span> <span class='ocrx_word' id='word_1_791' title='bbox 1792 2705 1881 2744; x_wconf 94' lang='lat' dir='ltr'>quod</span> <span class='ocrx_word' id='word_1_792' title='bbox 1905 2714 2049 2745; x_wconf 88' lang='lat' dir='ltr'>expresse</span> <span class='ocrx_word' id='word_1_793' title='bbox 2072 2706 2190 2740; x_wconf 87' lang='lat' dir='ltr'>littera,</span> <span class='ocrx_word' id='word_1_794' title='bbox 2213 2705 2349 2744; x_wconf 89' lang='lat' dir='ltr'>loquens</span> <span class='ocrx_word' id='word_1_795' title='bbox 2373 2705 2412 2736; x_wconf 92' lang='lat' dir='ltr'>de</span> 
     </span>
     <span class='ocr_line' id='line_1_112' title="bbox 1356 2748 2412 2788; baseline 0 -9"><span class='ocrx_word' id='word_1_796' title='bbox 1356 2750 1530 2788; x_wconf 84' lang='lat' dir='ltr'>quantitate</span> <span class='ocrx_word' id='word_1_797' title='bbox 1549 2750 1704 2780; x_wconf 86' lang='lat' dir='ltr'>intensiva</span> <span class='ocrx_word' id='word_1_798' title='bbox 1718 2749 1845 2788; x_wconf 82' lang='lat' dir='ltr'>gratiae,</span> <span class='ocrx_word' id='word_1_799' title='bbox 1862 2748 1936 2779; x_wconf 90' lang='lat' dir='ltr'>dicit</span> <span class='ocrx_word' id='word_1_800' title='bbox 1953 2748 2043 2788; x_wconf 90' lang='lat' dir='ltr'>quod</span> <span class='ocrx_word' id='word_1_801' title='bbox 2059 2748 2201 2778; x_wconf 91' lang='lat' dir='ltr'>Christus</span> <span class='ocrx_word' id='word_1_802' title='bbox 2216 2749 2326 2778; x_wconf 89' lang='lat' dir='ltr'>habuit</span> <span class='ocrx_word' id='word_1_803' title='bbox 2341 2759 2412 2780; x_wconf 88' lang='lat' dir='ltr'>earn</span> 
     </span>
     <span class='ocr_line' id='line_1_113' title="bbox 1356 2792 2412 2832; baseline 0 -9"><span class='ocrx_word' id='word_1_804' title='bbox 1356 2793 1388 2823; x_wconf 88' lang='lat' dir='ltr'>in</span> <span class='ocrx_word' id='word_1_805' title='bbox 1411 2802 1545 2823; x_wconf 85' lang='lat' dir='ltr'>summo.</span> <span class='ocrx_word' id='word_1_806' title='bbox 1569 2793 1610 2823; x_wconf 92' lang='lat' dir='ltr'>Et</span> <span class='ocrx_word' id='word_1_807' title='bbox 1632 2793 1694 2822; x_wconf 92' lang='lat' dir='ltr'>hoc</span> <span class='ocrx_word' id='word_1_808' title='bbox 1718 2792 1953 2832; x_wconf 86' lang='lat' dir='ltr'>diligentissime</span> <span class='ocrx_word' id='word_1_809' title='bbox 1973 2797 2059 2827; x_wconf 89' lang='lat' dir='ltr'>nota,</span> <span class='ocrx_word' id='word_1_810' title='bbox 2084 2797 2194 2822; x_wconf 88' lang='lat' dir='ltr'>contra</span> <span class='ocrx_word' id='word_1_811' title='bbox 2208 2792 2412 2823; x_wconf 82' lang='lat' dir='ltr'>attribuentes</span> 
     </span>
     <span class='ocr_line' id='line_1_114' title="bbox 1356 2835 2412 2876; baseline 0.001 -10"><span class='ocrx_word' id='word_1_812' title='bbox 1356 2836 1489 2866; x_wconf 87' lang='lat' dir='ltr'>Auctori</span> <span class='ocrx_word' id='word_1_813' title='bbox 1505 2836 1594 2876; x_wconf 91' lang='lat' dir='ltr'>quod</span> <span class='ocrx_word' id='word_1_814' title='bbox 1609 2846 1675 2866; x_wconf 92' lang='lat' dir='ltr'>non</span> <span class='ocrx_word' id='word_1_815' title='bbox 1692 2835 1782 2866; x_wconf 89' lang='lat' dir='ltr'>datur</span> <span class='ocrx_word' id='word_1_816' title='bbox 1794 2845 1956 2866; x_wconf 89' lang='lat' dir='ltr'>summum</span> <span class='ocrx_word' id='word_1_817' title='bbox 1971 2835 2121 2875; x_wconf 90' lang='lat' dir='ltr'>possibile</span> <span class='ocrx_word' id='word_1_818' title='bbox 2137 2836 2169 2865; x_wconf 92' lang='lat' dir='ltr'>in</span> <span class='ocrx_word' id='word_1_819' title='bbox 2185 2836 2283 2875; x_wconf 88' lang='lat' dir='ltr'>gratia</span> <span class='ocrx_word' id='word_1_820' title='bbox 2294 2837 2320 2866; x_wconf 57' lang='lat'>⁴².</span> <span class='ocrx_word' id='word_1_821' title='bbox 2337 2836 2412 2867; x_wconf 91' lang='lat' dir='ltr'>Non</span> 
     </span>
     <span class='ocr_line' id='line_1_115' title="bbox 1357 2879 2413 2918; baseline 0 -8"><span class='ocrx_word' id='word_1_822' title='bbox 1357 2880 1443 2910; x_wconf 89' lang='lat' dir='ltr'>enim</span> <span class='ocrx_word' id='word_1_823' title='bbox 1465 2880 1595 2910; x_wconf 89' lang='lat' dir='ltr'>haberet</span> <span class='ocrx_word' id='word_1_824' title='bbox 1617 2879 1761 2909; x_wconf 87' lang='lat' dir='ltr'>Christus</span> <span class='ocrx_word' id='word_1_825' title='bbox 1783 2880 1914 2918; x_wconf 88' lang='lat' dir='ltr'>gratiam</span> <span class='ocrx_word' id='word_1_826' title='bbox 1943 2879 1976 2908; x_wconf 92' lang='lat' dir='ltr'>in</span> <span class='ocrx_word' id='word_1_827' title='bbox 1999 2887 2126 2908; x_wconf 89' lang='lat' dir='ltr'>summo</span> <span class='ocrx_word' id='word_1_828' title='bbox 2149 2879 2320 2914; x_wconf 88' lang='lat' dir='ltr'>intensive,</span> <span class='ocrx_word' id='word_1_829' title='bbox 2352 2880 2413 2910; x_wconf 90' lang='lat' dir='ltr'>nisi</span> 
     </span>
     <span class='ocr_line' id='line_1_116' title="bbox 1356 2922 2413 2962; baseline 0 -9"><span class='ocrx_word' id='word_1_830' title='bbox 1356 2923 1486 2953; x_wconf 89' lang='lat' dir='ltr'>haberet</span> <span class='ocrx_word' id='word_1_831' title='bbox 1507 2932 1670 2953; x_wconf 89' lang='lat' dir='ltr'>summum</span> <span class='ocrx_word' id='word_1_832' title='bbox 1692 2922 1858 2962; x_wconf 89' lang='lat' dir='ltr'>possibile:</span> <span class='ocrx_word' id='word_1_833' title='bbox 1890 2923 1970 2952; x_wconf 89' lang='lat' dir='ltr'>sicut</span> <span class='ocrx_word' id='word_1_834' title='bbox 1998 2931 2065 2951; x_wconf 90' lang='lat' dir='ltr'>non</span> <span class='ocrx_word' id='word_1_835' title='bbox 2089 2922 2221 2952; x_wconf 85' lang='lat' dir='ltr'>habetur</span> <span class='ocrx_word' id='word_1_836' title='bbox 2243 2922 2356 2953; x_wconf 88' lang='lat' dir='ltr'>albedo</span> <span class='ocrx_word' id='word_1_837' title='bbox 2379 2924 2413 2953; x_wconf 92' lang='lat' dir='ltr'>in</span> 
     </span>
     <span class='ocr_line' id='line_1_117' title="bbox 1356 2965 2413 3006; baseline 0.001 -10"><span class='ocrx_word' id='word_1_838' title='bbox 1356 2976 1495 3003; x_wconf 86' lang='lat' dir='ltr'>summo,</span> <span class='ocrx_word' id='word_1_839' title='bbox 1519 2967 1544 2996; x_wconf 87' lang='lat' dir='ltr'>si</span> <span class='ocrx_word' id='word_1_840' title='bbox 1566 2966 1716 3006; x_wconf 89' lang='lat' dir='ltr'>possibile</span> <span class='ocrx_word' id='word_1_841' title='bbox 1740 2971 1820 2995; x_wconf 89' lang='lat' dir='ltr'>esset</span> <span class='ocrx_word' id='word_1_842' title='bbox 1843 2965 1908 2995; x_wconf 89' lang='lat' dir='ltr'>dari</span> <span class='ocrx_word' id='word_1_843' title='bbox 1931 2965 2109 2995; x_wconf 87' lang='lat' dir='ltr'>albedinem</span> <span class='ocrx_word' id='word_1_844' title='bbox 2131 2966 2353 3002; x_wconf 86' lang='lat' dir='ltr'>intensiorem,</span> <span class='ocrx_word' id='word_1_845' title='bbox 2377 2972 2413 2997; x_wconf 92' lang='lat' dir='ltr'>ut</span> 
     </span>
    </p>

    <p class='ocr_par' dir='ltr' id='par_1_26' title="bbox 1380 3016 1452 3040">
     <span class='ocr_line' id='line_1_118' title="bbox 1380 3016 1452 3040; baseline 0.014 -1"><span class='ocrx_word' id='word_1_846' title='bbox 1380 3016 1452 3040; x_wconf 88' lang='lat' dir='ltr'>atet.</span> 
     </span>
    </p>

    <p class='ocr_par' dir='ltr' id='par_1_27' title="bbox 1356 3019 2412 3354">
     <span class='ocr_line' id='line_1_119' title="bbox 1356 3019 2412 3092; baseline 0 -9"><span class='ocrx_word' id='word_1_847' title='bbox 1356 3019 1377 3050; x_wconf 80' lang='lat' dir='ltr'>p</span> <span class='ocrx_word' id='word_1_848' title='bbox 1411 3054 1496 3083; x_wconf 89' lang='lat' dir='ltr'>Nota</span> <span class='ocrx_word' id='word_1_849' title='bbox 1518 3052 1670 3087; x_wconf 88' lang='lat' dir='ltr'>secundo,</span> <span class='ocrx_word' id='word_1_850' title='bbox 1695 3051 1783 3092; x_wconf 89' lang='lat' dir='ltr'>quod</span> <span class='ocrx_word' id='word_1_851' title='bbox 1805 3052 1926 3082; x_wconf 91' lang='lat' dir='ltr'>Auctor</span> <span class='ocrx_word' id='word_1_852' title='bbox 1948 3061 2016 3082; x_wconf 87' lang='lat' dir='ltr'>non</span> <span class='ocrx_word' id='word_1_853' title='bbox 2039 3052 2116 3082; x_wconf 86' lang='lat' dir='ltr'>dixit</span> <span class='ocrx_word' id='word_1_854' title='bbox 2138 3053 2277 3084; x_wconf 86' lang='lat' dir='ltr'>animam</span> <span class='ocrx_word' id='word_1_855' title='bbox 2296 3053 2412 3084; x_wconf 89' lang='lat' dir='ltr'>Christi</span> 
     </span>
     <span class='ocr_line' id='line_1_120' title="bbox 1356 3096 2412 3136; baseline 0 -9"><span class='ocrx_word' id='word_1_856' title='bbox 1356 3097 1496 3136; x_wconf 88' lang='lat' dir='ltr'>recipere</span> <span class='ocrx_word' id='word_1_857' title='bbox 1518 3097 1649 3136; x_wconf 89' lang='lat' dir='ltr'>gratiam</span> <span class='ocrx_word' id='word_1_858' title='bbox 1672 3101 1708 3126; x_wconf 92' lang='lat' dir='ltr'>ut</span> <span class='ocrx_word' id='word_1_859' title='bbox 1730 3101 1810 3125; x_wconf 92' lang='lat' dir='ltr'>esset</span> <span class='ocrx_word' id='word_1_860' title='bbox 1832 3096 1865 3125; x_wconf 88' lang='lat' dir='ltr'>in</span> <span class='ocrx_word' id='word_1_861' title='bbox 1882 3096 1948 3126; x_wconf 90' lang='lat' dir='ltr'>aliis</span> <span class='ocrx_word' id='word_1_862' title='bbox 1971 3096 2087 3135; x_wconf 81' lang='lat' dir='ltr'>gratiae</span> <span class='ocrx_word' id='word_1_863' title='bbox 2104 3106 2197 3126; x_wconf 87' lang='lat' dir='ltr'>causa</span> <span class='ocrx_word' id='word_1_864' title='bbox 2221 3096 2364 3127; x_wconf 90' lang='lat' dir='ltr'>absolute</span> <span class='ocrx_word' id='word_1_865' title='bbox 2381 3103 2412 3127; x_wconf 90' lang='lat' dir='ltr'>et</span> 
     </span>
     <span class='ocr_line' id='line_1_121' title="bbox 1356 3138 2412 3180; baseline 0 -10"><span class='ocrx_word' id='word_1_866' title='bbox 1356 3140 1554 3179; x_wconf 88' lang='lat' dir='ltr'>simpliciter:</span> <span class='ocrx_word' id='word_1_867' title='bbox 1579 3139 1633 3169; x_wconf 88' lang='lat' dir='ltr'>sed</span> <span class='ocrx_word' id='word_1_868' title='bbox 1649 3148 1724 3169; x_wconf 88' lang='lat' dir='ltr'>cum</span> <span class='ocrx_word' id='word_1_869' title='bbox 1740 3138 1910 3169; x_wconf 89' lang='lat' dir='ltr'>additione.</span> <span class='ocrx_word' id='word_1_870' title='bbox 1934 3140 2095 3179; x_wconf 88' lang='lat' dir='ltr'>Apposuit</span> <span class='ocrx_word' id='word_1_871' title='bbox 2111 3141 2196 3170; x_wconf 89' lang='lat' dir='ltr'>enim</span> <span class='ocrx_word' id='word_1_872' title='bbox 2212 3140 2244 3180; x_wconf 94' lang='lat' dir='ltr'>ly</span> <span class='ocrx_word' id='word_1_873' title='bbox 2259 3141 2412 3180; x_wconf 85' lang='lat' dir='ltr'>quodam-</span> 
     </span>
     <span class='ocr_line' id='line_1_122' title="bbox 1356 3182 2410 3225; baseline 0.002 -13"><span class='ocrx_word' id='word_1_874' title='bbox 1356 3183 1461 3218; x_wconf 81' lang='lat' dir='ltr'>modo,</span> <span class='ocrx_word' id='word_1_875' title='bbox 1485 3182 1609 3213; x_wconf 87' lang='lat' dir='ltr'>dicens:</span> <span class='ocrx_word' id='word_1_876' title='bbox 1634 3188 1669 3212; x_wconf 88' lang='lat' dir='ltr'>ut</span> <span class='ocrx_word' id='word_1_877' title='bbox 1691 3192 1732 3213; x_wconf 81' lang='lat' dir='ltr'>ex</span> <span class='ocrx_word' id='word_1_878' title='bbox 1754 3192 1792 3212; x_wconf 91' lang='lat' dir='ltr'>ea</span> <span class='ocrx_word' id='word_1_879' title='bbox 1814 3183 2048 3223; x_wconf 81' lang='lat' dir='ltr'>quodammodo</span> <span class='ocrx_word' id='word_1_880' title='bbox 2073 3183 2356 3225; x_wconf 79' lang='lat' dir='ltr'>transfunderetur</span> <span class='ocrx_word' id='word_1_881' title='bbox 2377 3184 2410 3215; x_wconf 83' lang='lat' dir='ltr'>in</span> 
     </span>
     <span class='ocr_line' id='line_1_123' title="bbox 1357 3226 2411 3267; baseline 0.002 -11"><span class='ocrx_word' id='word_1_882' title='bbox 1357 3227 1449 3256; x_wconf 86' lang='lat' dir='ltr'>alios.</span> <span class='ocrx_word' id='word_1_883' title='bbox 1474 3227 1561 3256; x_wconf 92' lang='lat' dir='ltr'>Deus</span> <span class='ocrx_word' id='word_1_884' title='bbox 1582 3226 1667 3256; x_wconf 88' lang='lat' dir='ltr'>enim</span> <span class='ocrx_word' id='word_1_885' title='bbox 1690 3227 1757 3266; x_wconf 88' lang='lat' dir='ltr'>ipse</span> <span class='ocrx_word' id='word_1_886' title='bbox 1781 3232 1827 3256; x_wconf 89' lang='lat' dir='ltr'>est</span> <span class='ocrx_word' id='word_1_887' title='bbox 1848 3227 1963 3266; x_wconf 86' lang='lat' dir='ltr'>gratiae</span> <span class='ocrx_word' id='word_1_888' title='bbox 1982 3236 2077 3257; x_wconf 88' lang='lat' dir='ltr'>causa</span> <span class='ocrx_word' id='word_1_889' title='bbox 2099 3228 2281 3267; x_wconf 88' lang='lat' dir='ltr'>simpliciter</span> <span class='ocrx_word' id='word_1_890' title='bbox 2304 3233 2335 3258; x_wconf 91' lang='lat' dir='ltr'>et</span> <span class='ocrx_word' id='word_1_891' title='bbox 2357 3228 2411 3258; x_wconf 86' lang='lat' dir='ltr'>ab·</span> 
     </span>
     <span class='ocr_line' id='line_1_124' title="bbox 1357 3269 2410 3311; baseline 0.002 -11"><span class='ocrx_word' id='word_1_892' title='bbox 1357 3270 1476 3300; x_wconf 87' lang='lat' dir='ltr'>solute:</span> <span class='ocrx_word' id='word_1_893' title='bbox 1501 3270 1606 3300; x_wconf 86' lang='lat' dir='ltr'>anima</span> <span class='ocrx_word' id='word_1_894' title='bbox 1626 3275 1732 3300; x_wconf 86' lang='lat' dir='ltr'>autem</span> <span class='ocrx_word' id='word_1_895' title='bbox 1748 3269 1864 3301; x_wconf 86' lang='lat' dir='ltr'>Christi</span> <span class='ocrx_word' id='word_1_896' title='bbox 1887 3270 2140 3310; x_wconf 90' lang='lat' dir='ltr'>quodammodo.</span> <span class='ocrx_word' id='word_1_897' title='bbox 2164 3271 2212 3301; x_wconf 91' lang='lat' dir='ltr'>De</span> <span class='ocrx_word' id='word_1_898' title='bbox 2228 3280 2294 3311; x_wconf 91' lang='lat' dir='ltr'>quo</span> <span class='ocrx_word' id='word_1_899' title='bbox 2309 3271 2410 3303; x_wconf 87' lang='lat' dir='ltr'>modo</span> 
     </span>
     <span class='ocr_line' id='line_1_125' title="bbox 1356 3312 2197 3354; baseline 0.002 -11"><span class='ocrx_word' id='word_1_900' title='bbox 1356 3313 1487 3343; x_wconf 87' lang='lat' dir='ltr'>inferius</span> <span class='ocrx_word' id='word_1_901' title='bbox 1511 3313 1567 3343; x_wconf 89' lang='lat' dir='ltr'>erit</span> <span class='ocrx_word' id='word_1_902' title='bbox 1589 3323 1693 3344; x_wconf 90' lang='lat' dir='ltr'>sermo</span> <span class='ocrx_word' id='word_1_903' title='bbox 1717 3312 1848 3344; x_wconf 82' lang='lat' dir='ltr'>diffusus</span> <span class='ocrx_word' id='word_1_904' title='bbox 1871 3315 1905 3345; x_wconf 89' lang='lat' dir='ltr'>in</span> <span class='ocrx_word' id='word_1_905' title='bbox 1927 3314 2000 3344; x_wconf 93' lang='lat' dir='ltr'>loco</span> <span class='ocrx_word' id='word_1_906' title='bbox 2024 3315 2154 3354; x_wconf 91' lang='lat' dir='ltr'>proprio</span> <span class='ocrx_word' id='word_1_907' title='bbox 2171 3315 2197 3345; x_wconf 47' lang='grc' dir='ltr'><strong>ἦ</strong></span> 
     </span>
    </p>

    <p class='ocr_par' dir='ltr' id='par_1_28' title="bbox 1356 3356 2411 3572">
     <span class='ocr_line' id='line_1_126' title="bbox 1411 3356 2410 3398; baseline 0.002 -12"><span class='ocrx_word' id='word_1_908' title='bbox 1411 3357 1462 3386; x_wconf 91' lang='lat'>111.</span> <span class='ocrx_word' id='word_1_909' title='bbox 1487 3356 1632 3387; x_wconf 90' lang='lat' dir='ltr'>Secunda</span> <span class='ocrx_word' id='word_1_910' title='bbox 1655 3357 1818 3387; x_wconf 89' lang='lat' dir='ltr'>conclusio</span> <span class='ocrx_word' id='word_1_911' title='bbox 1842 3363 1904 3388; x_wconf 88' lang='lat' dir='ltr'>est:</span> <span class='ocrx_word' id='word_1_912' title='bbox 1931 3358 2075 3388; x_wconf 84' lang='lat' dir='ltr'>Christus</span> <span class='ocrx_word' id='word_1_913' title='bbox 2104 3358 2214 3388; x_wconf 86' lang='lat' dir='ltr'>habuit</span> <span class='ocrx_word' id='word_1_914' title='bbox 2235 3358 2410 3398; x_wconf 84' lang='lat' dir='ltr'>plenitudi-</span> 
     </span>
     <span class='ocr_line' id='line_1_127' title="bbox 1357 3401 2411 3442; baseline 0.001 -12"><span class='ocrx_word' id='word_1_915' title='bbox 1357 3410 1427 3431; x_wconf 89' lang='lat' dir='ltr'>nem</span> <span class='ocrx_word' id='word_1_916' title='bbox 1449 3401 1578 3442; x_wconf 82' lang='lat' dir='ltr'>gratiae</span> <span class='ocrx_word' id='word_1_917' title='bbox 1600 3405 1752 3441; x_wconf 85' lang='lat' dir='ltr'>quantum</span> <span class='ocrx_word' id='word_1_918' title='bbox 1768 3401 1811 3431; x_wconf 86' lang='lat' dir='ltr'>ad</span> <span class='ocrx_word' id='word_1_919' title='bbox 1826 3402 1982 3432; x_wconf 86' lang='lat' dir='ltr'>virtutem.</span> <span class='ocrx_word' id='word_1_920' title='bbox 2007 3402 2170 3431; x_wconf 90' lang='lat' dir='ltr'>Probatur.</span> <span class='ocrx_word' id='word_1_921' title='bbox 2195 3401 2279 3439; x_wconf 92' lang='lat' dir='ltr'>Quia</span> <span class='ocrx_word' id='word_1_922' title='bbox 2301 3402 2411 3432; x_wconf 90' lang='lat' dir='ltr'>habuit</span> 
     </span>
     <span class='ocr_line' id='line_1_128' title="bbox 1356 3443 2408 3485; baseline 0.001 -11"><span class='ocrx_word' id='word_1_923' title='bbox 1356 3445 1487 3484; x_wconf 86' lang='lat' dir='ltr'>gratiam</span> <span class='ocrx_word' id='word_1_924' title='bbox 1502 3443 1541 3474; x_wconf 89' lang='lat' dir='ltr'>ad</span> <span class='ocrx_word' id='word_1_925' title='bbox 1553 3453 1665 3474; x_wconf 89' lang='lat' dir='ltr'>omnes</span> <span class='ocrx_word' id='word_1_926' title='bbox 1677 3444 1806 3475; x_wconf 83' lang='lat' dir='ltr'>effectus</span> <span class='ocrx_word' id='word_1_927' title='bbox 1821 3445 1947 3485; x_wconf 85' lang='lat' dir='ltr'>gratiae,</span> <span class='ocrx_word' id='word_1_928' title='bbox 1961 3445 2079 3475; x_wconf 88' lang='lat' dir='ltr'>scilicet</span> <span class='ocrx_word' id='word_1_929' title='bbox 2089 3445 2228 3481; x_wconf 86' lang='lat' dir='ltr'>virtutes,</span> <span class='ocrx_word' id='word_1_930' title='bbox 2242 3444 2336 3480; x_wconf 85' lang='lat' dir='ltr'>dona,</span> <span class='ocrx_word' id='word_1_931' title='bbox 2350 3451 2408 3475; x_wconf 91' lang='lat' dir='ltr'>etc.</span> 
     </span>
     <span class='ocr_line' id='line_1_129' title="bbox 1356 3487 2410 3528; baseline 0.001 -10"><span class='ocrx_word' id='word_1_932' title='bbox 1356 3488 1519 3518; x_wconf 88' lang='lat' dir='ltr'>Probatur.</span> <span class='ocrx_word' id='word_1_933' title='bbox 1544 3487 1686 3518; x_wconf 90' lang='lat' dir='ltr'>Christus</span> <span class='ocrx_word' id='word_1_934' title='bbox 1706 3489 1816 3518; x_wconf 87' lang='lat' dir='ltr'>habuit</span> <span class='ocrx_word' id='word_1_935' title='bbox 1830 3489 1961 3528; x_wconf 88' lang='lat' dir='ltr'>gratiam</span> <span class='ocrx_word' id='word_1_936' title='bbox 1977 3493 2012 3518; x_wconf 90' lang='lat' dir='ltr'>ut</span> <span class='ocrx_word' id='word_1_937' title='bbox 2027 3488 2201 3518; x_wconf 88' lang='lat' dir='ltr'>universale</span> <span class='ocrx_word' id='word_1_938' title='bbox 2217 3489 2410 3528; x_wconf 89' lang='lat' dir='ltr'>principium</span> 
     </span>
     <span class='ocr_line' id='line_1_130' title="bbox 1357 3532 2408 3572; baseline 0 -10"><span class='ocrx_word' id='word_1_939' title='bbox 1357 3533 1389 3562; x_wconf 90' lang='lat' dir='ltr'>in</span> <span class='ocrx_word' id='word_1_940' title='bbox 1412 3541 1527 3571; x_wconf 88' lang='lat' dir='ltr'>genere</span> <span class='ocrx_word' id='word_1_941' title='bbox 1549 3532 1734 3562; x_wconf 87' lang='lat' dir='ltr'>habentium</span> <span class='ocrx_word' id='word_1_942' title='bbox 1757 3533 1903 3572; x_wconf 87' lang='lat' dir='ltr'>gratiam:</span> <span class='ocrx_word' id='word_1_943' title='bbox 1936 3541 2021 3571; x_wconf 87' lang='lat' dir='ltr'>ergo.</span> <span class='ocrx_word' id='word_1_944' title='bbox 2045 3550 2066 3554; x_wconf 97' lang='lat'>—</span> <span class='ocrx_word' id='word_1_945' title='bbox 2090 3532 2243 3562; x_wconf 86' lang='lat' dir='ltr'>Probatur</span> <span class='ocrx_word' id='word_1_946' title='bbox 2270 3532 2408 3572; x_wconf 88' lang='lat' dir='ltr'>sequela.</span> 
     </span>
    </p>
   </div>
   <div class='ocr_carea' id='block_1_13' title="bbox 2441 881 2653 945">
    <p class='ocr_par' dir='ltr' id='par_1_29' title="bbox 2441 881 2653 945">
     <span class='ocr_line' id='line_1_131' title="bbox 2539 881 2549 897; baseline 0 0"><span class='ocrx_word' id='word_1_947' title='bbox 2539 881 2549 897; x_wconf 84' lang='grc' dir='ltr'><em>ε</em></span> 
     </span>
     <span class='ocr_line' id='line_1_132' title="bbox 2441 922 2653 945; baseline 0.005 -1"><span class='ocrx_word' id='word_1_948' title='bbox 2441 923 2451 933; x_wconf 73' lang='grc'><em>“</em></span> <span class='ocrx_word' id='word_1_949' title='bbox 2461 922 2485 944; x_wconf 90' lang='lat' dir='ltr'>S.</span> <span class='ocrx_word' id='word_1_950' title='bbox 2496 922 2540 944; x_wconf 79' lang='lat' dir='ltr'>Th.</span> <span class='ocrx_word' id='word_1_951' title='bbox 2555 924 2607 945; x_wconf 79' lang='lat' dir='ltr'>lect.</span> <span class='ocrx_word' id='word_1_952' title='bbox 2619 930 2653 945; x_wconf 82' lang='grc' dir='ltr'>ιιι.</span> 
     </span>
    </p>
   </div>
   <div class='ocr_carea' id='block_1_14' title="bbox 2438 2836 2651 2885">
    <p class='ocr_par' dir='ltr' id='par_1_30' title="bbox 2438 2836 2651 2885">
     <span class='ocr_line' id='line_1_133' title="bbox 2438 2836 2651 2863; baseline 0.009 -6"><span class='ocrx_word' id='word_1_953' title='bbox 2438 2836 2489 2858; x_wconf 61' lang='grc' dir='ltr'>Ὀἱ</span> <span class='ocrx_word' id='word_1_954' title='bbox 2496 2837 2651 2863; x_wconf 75' lang='lat' dir='ltr'>art.12‚c0m-</span> 
     </span>
     <span class='ocr_line' id='line_1_134' title="bbox 2439 2867 2629 2885; baseline 0.005 -1"><span class='ocrx_word' id='word_1_955' title='bbox 2439 2867 2511 2885; x_wconf 84' lang='lat' dir='ltr'>ment.</span> <span class='ocrx_word' id='word_1_956' title='bbox 2526 2869 2589 2885; x_wconf 84' lang='lat' dir='ltr'>num.</span> <span class='ocrx_word' id='word_1_957' title='bbox 2604 2870 2629 2885; x_wconf 93' lang='grc' dir='ltr'>ιι.</span> 
     </span>
    </p>
   </div>
   <div class='ocr_carea' id='block_1_15' title="bbox 2437 3315 2648 3390">
    <p class='ocr_par' dir='ltr' id='par_1_31' title="bbox 2437 3315 2648 3390">
     <span class='ocr_line' id='line_1_135' title="bbox 2438 3315 2646 3343; baseline 0.01 -7"><span class='ocrx_word' id='word_1_958' title='bbox 2438 3316 2446 3324; x_wconf 86' lang='grc'><em>·</em></span> <span class='ocrx_word' id='word_1_959' title='bbox 2458 3315 2505 3342; x_wconf 84' lang='lat' dir='ltr'>Qu.</span> <span class='ocrx_word' id='word_1_960' title='bbox 2515 3321 2564 3341; x_wconf 76' lang='lat' dir='ltr'>vni,</span> <span class='ocrx_word' id='word_1_961' title='bbox 2573 3320 2615 3337; x_wconf 77' lang='grc' dir='ltr'>ιη.</span> <span class='ocrx_word' id='word_1_962' title='bbox 2627 3323 2646 3343; x_wconf 79' lang='lat'>¹,</span> 
     </span>
     <span class='ocr_line' id='line_1_136' title="bbox 2437 3342 2648 3364; baseline 0.005 -2"><span class='ocrx_word' id='word_1_963' title='bbox 2437 3342 2466 3362; x_wconf 78' lang='lat' dir='ltr'>ad</span> <span class='ocrx_word' id='word_1_964' title='bbox 2479 3349 2496 3363; x_wconf 70' lang='grc' dir='ltr'>ιε</span> <span class='ocrx_word' id='word_1_965' title='bbox 2507 3342 2563 3363; x_wconf 86' lang='lat' dir='ltr'>ibid.</span> <span class='ocrx_word' id='word_1_966' title='bbox 2576 3342 2648 3364; x_wconf 88' lang='lat' dir='ltr'>Com-</span> 
     </span>
     <span class='ocr_line' id='line_1_137' title="bbox 2438 3372 2632 3390; baseline 0 -2"><span class='ocrx_word' id='word_1_967' title='bbox 2438 3372 2507 3389; x_wconf 84' lang='lat' dir='ltr'>mcnt.</span> <span class='ocrx_word' id='word_1_968' title='bbox 2523 3374 2586 3390; x_wconf 88' lang='lat' dir='ltr'>num.</span> <span class='ocrx_word' id='word_1_969' title='bbox 2601 3374 2632 3389; x_wconf 85' lang='grc' dir='ltr'>ιιι.</span> 
     </span>
    </p>
   </div>
  </div>
 </body>
</html>
