2872 3970
189 2718 199 2728 ¹·
214 2717 279 2739 Vera.
297 2718 318 2739 6.

196 3193 205 3202 ⁸
222 3192 258 3213 Ad
279 3192 299 3213 Ε
314 3193 390 3217 ictet.,

196 3221 255 3239 cont.
279 3218 290 3239 1
303 3221 373 3240 aeret.
385 3236 389 3243 ,

196 3251 258 3265 num.
274 3246 293 3265 Η.

406 265 481 301 206

1108 259 1372 308 QUAESTIO
1401 259 1505 304 XVI,
1535 257 1828 295 ARTICULUS
1855 257 1905 294 VI

1080 389 1415 423 Commentario.
1437 387 1689 420 Cardinalis
1711 372 1913 421 Caietani

441 493 460 513 N
484 483 595 518 titulo,
623 482 696 513 vide
727 482 938 512 diversitatem
968 479 1062 510 huius
1093 488 1111 508 a
1138 476 1340 518 praecedenti
1366 475 1470 506 titulo.

412 495 524 558 INam
547 527 599 557 hic
623 527 768 566 quaestio
790 525 923 556 refertur
941 523 981 554 ad
997 523 1136 553 divinam
1151 527 1311 552 naturam:
1335 520 1380 550 ibi
1395 528 1471 549 vero

410 571 449 602 ad
472 572 588 602 Deum.
612 571 695 600 Nam
718 571 770 600 hic
793 569 954 609 quaeritur
976 577 1016 597 an
1035 568 1175 597 humana
1190 564 1412 605 praedicentur
1434 562 1474 593 de

410 619 530 646 natura
546 615 676 645 divina:
691 614 744 650 ibi,
761 623 802 644 an
817 613 957 643 humana
972 610 1193 651 praedicentur
1208 609 1248 640 de
1262 609 1343 638 Deo.
1369 606 1472 642 Unde,

411 667 487 690 cum
510 660 591 689 inter
614 659 720 688 Deum
745 663 776 688 et
799 657 938 687 divinam
967 660 1112 685 naturam
1142 653 1211 684 sola
1233 653 1272 683 sit
1299 651 1474 682 differentia

411 702 589 733 secundum
611 702 748 732 modum
763 699 971 741 significandi,
996 699 1101 729 omnis
1116 698 1174 728 ista
1190 697 1334 737 quaestio
1350 694 1390 725 ad
1405 703 1473 725 rem

411 747 551 777 divinam
575 751 695 786 spectat
724 755 791 776 non
814 750 850 775 ut
873 753 922 774 res
945 748 991 773 est
1014 742 1176 777 absolute,
1208 740 1263 771 sed
1293 746 1329 770 ut
1351 749 1401 770 res
1428 743 1475 768 est

411 790 586 831 significata
608 790 740 820 nomine
764 790 930 823 abstracte,
954 792 1032 827 puta
1054 785 1156 816 deitas
1172 790 1227 815 aut
1241 784 1403 819 divinitas,
1423 782 1474 812 vel

411 834 640 874 aequivalente,
665 839 742 873 puta
765 837 884 863 natura
908 831 1027 865 divina,
1052 829 1188 860 essentia
1211 829 1335 864 divina,
1361 832 1391 858 et
1414 827 1474 856 hu-

411 878 561 909 iusmodi.

467 922 503 952 11.
529 921 564 951 In
592 930 726 960 corpore
752 919 875 950 articuli
908 919 989 949 duae
1020 923 1094 948 sunt
1125 917 1350 947 conclusiones
1380 915 1475 946 simul

411 967 572 1006 probatae.
597 965 703 995 Altera
728 970 791 994 est:
816 964 854 994 In
882 963 1009 993 Christo
1034 971 1072 992 ea
1095 971 1177 1002 quae
1199 966 1275 991 sunt
1298 960 1395 991 unius
1417 969 1475 990 na-

412 1015 514 1044 turae,
540 1019 604 1039 non
623 1013 762 1049 possunt
778 1007 968 1048 praedicari
990 1006 1029 1036 de
1049 1006 1116 1036 alia
1140 1006 1172 1035 in
1189 1005 1350 1036 abstracto
1373 1004 1476 1046 signi-

400 1054 517 1095 ficata.
541 1071 563 1075 —
586 1053 693 1083 Altera
717 1058 779 1082 est:
811 1052 850 1082 In
878 1051 1005 1081 Christo
1037 1059 1076 1080 ea
1106 1058 1189 1091 quae
1211 1053 1287 1079 sunt
1310 1049 1477 1089 utriusque

411 1103 557 1133 naturae,
564 1102 703 1137 possunt
714 1096 935 1137 indifferenter
946 1095 985 1125 de
997 1094 1178 1125 nominibus
1187 1094 1345 1124 concretis
1357 1093 1477 1123 utrius-

411 1151 472 1183 que
496 1146 634 1172 naturae
650 1140 850 1182 praedicari.

466 1186 645 1216 Probantur
668 1185 773 1215 simul.
798 1185 845 1215 Ea
864 1193 947 1224 quae
962 1188 1036 1214 sunt
1054 1183 1184 1223 propria
1200 1182 1295 1212 unius
1318 1191 1385 1212 non
1402 1191 1476 1222 pos-

412 1236 487 1261 sunt
509 1239 582 1260 vere
605 1229 778 1270 praedicari
802 1228 840 1259 de
865 1228 946 1264 alio,
975 1228 1036 1258 nisi
1062 1226 1102 1258 de
1126 1236 1165 1257 eo
1197 1226 1287 1267 quod
1315 1231 1362 1256 est
1390 1225 1477 1256 idem

411 1275 467 1305 illi.
497 1274 582 1314 Ergo
606 1283 643 1304 ea
667 1283 749 1314 quae
772 1278 846 1303 sunt
868 1273 965 1303 unius
987 1277 1128 1307 naturae,
1145 1276 1205 1301 etc.
1229 1289 1252 1293 -
1274 1269 1477 1300 Antecedens

412 1318 640 1349 manifestatur.
665 1318 750 1356 Quia
774 1317 894 1348 risibile
916 1325 983 1346 non
1007 1315 1158 1346 convenit
1181 1315 1242 1345 nisi
1266 1315 1294 1345 ei
1318 1313 1408 1354 quod
1431 1319 1478 1344 est

413 1363 523 1393 homo.
544 1380 562 1385 —
580 1362 820 1402 Consequentia
835 1370 910 1391 vero
927 1360 1088 1401 probatur,
1105 1360 1228 1399 primo:
1254 1359 1330 1399 quia
1345 1359 1477 1389 nomina

415 1412 563 1437 concreta
582 1412 770 1446 supponunt
786 1405 983 1447 hypostasim
998 1410 1139 1434 naturae.
1163 1421 1183 1426 —
1207 1403 1248 1433 Et
1271 1402 1479 1433 confirmatur

414 1450 529 1481 deinde
552 1449 692 1481 secunda
715 1450 880 1480 conclusio
904 1449 1090 1479 auctoritate
1114 1447 1243 1478 Leonis.

470 1495 520 1524 111.
545 1494 683 1525 Adverte
712 1495 763 1525 hic
794 1493 883 1534 quod
913 1494 1066 1523 abstracta
1097 1497 1127 1522 et
1152 1497 1300 1522 concreta
1328 1491 1478 1527 nomina,

415 1539 559 1579 quamvis
589 1539 781 1569 conveniant
811 1539 844 1568 in
868 1536 1044 1578 significato
1069 1536 1210 1572 formali,
1235 1536 1390 1576 quoniam
1414 1541 1479 1566 tam

414 1583 516 1614 deitas
539 1592 636 1623 quarn
651 1583 741 1614 Deus
764 1582 913 1613 deitatem
929 1580 1095 1622 significat,
1120 1586 1151 1610 et
1174 1580 1317 1610 similiter
1339 1585 1405 1610 tam
1420 1580 1479 1610 hu-

414 1628 554 1658 manitas
578 1637 674 1667 quam
698 1627 793 1657 homo
817 1627 991 1660 humanam
1007 1624 1163 1666 significat
1177 1630 1340 1660 naturam;
1365 1633 1403 1654 ex
1420 1623 1479 1654 dif-

415 1671 528 1702 ferenti
551 1677 658 1702 tamen
674 1670 872 1712 significandi
887 1669 987 1701 modo
1002 1670 1135 1700 invento
1151 1669 1185 1699 in
1200 1669 1271 1705 illis,
1296 1669 1355 1699 alia
1380 1669 1480 1699 oritur

417 1715 591 1746 differentia
616 1715 724 1756 quoad
747 1715 912 1755 supposita
935 1723 992 1754 per
1013 1714 1077 1744 illa.
1100 1713 1183 1743 Nam
1207 1713 1399 1743 abstractum
1420 1722 1480 1742 no-

416 1769 491 1790 men
516 1765 546 1790 et
569 1759 725 1799 significat
753 1765 916 1794 naturam,
941 1763 972 1788 et
995 1758 1149 1797 supponit
1171 1766 1230 1796 pro
1258 1762 1383 1787 natura:
1414 1756 1479 1787 dei-

418 1809 466 1834 tas
490 1805 576 1834 enirn
600 1813 659 1844 pro
688 1803 804 1834 deitate
827 1803 990 1842 supponit.
1023 1801 1221 1832 Concretum
1251 1810 1328 1831 vero
1360 1800 1479 1840 signifi-

419 1854 468 1878 cat
493 1847 624 1888 quidem
647 1853 803 1882 naturam,
825 1846 879 1877 sed
903 1846 1057 1886 supponit
1080 1854 1139 1885 pro
1164 1845 1300 1875 habente
1323 1850 1480 1880 naturam,

1524 485 1560 506 ac
1587 485 1645 516 per
1671 476 1735 506 hoc
1761 485 1821 516 pro
1847 477 2011 517 hypostasi
2037 482 2186 514 naturae,
2217 477 2396 518 hypostasis
2425 478 2511 509 enim
2541 484 2587 509 est

1523 520 1644 550 habens
1665 525 1827 550 naturam:
1850 520 1940 551 Deus
1962 521 2048 551 enim
2071 521 2227 561 supponit
2248 530 2308 561 pro
2330 521 2468 552 habente
2490 521 2587 553 deita-

1523 569 1600 600 tem,
1617 573 1677 604 pro
1700 564 1864 605 hypostasi
1879 563 2005 595 divinae
2023 570 2173 601 naturae3
2199 570 2230 595 et
2251 565 2395 596 similiter
2409 566 2505 596 homo
2528 574 2588 607 pro

1524 608 1661 638 habente
1685 608 1859 639 humanam
1881 613 2044 646 naturam,
2068 617 2127 649 pro
2157 610 2321 650 hypostasi
2348 608 2589 641 humanae1lna-

1525 657 1624 682 turae.
1648 652 1689 682 Et
1704 652 1847 683 similiter
1862 651 2028 684 risibilitas
2043 658 2076 684 et
2097 652 2254 693 significat
2269 659 2300 684 et
2317 654 2473 694 supponit
2486 653 2589 694 ipsam

1526 696 1749 727 risibilitatem:
1767 695 1823 727 sed
1839 696 1960 727 risibile
1973 697 2128 737 supponit
2139 706 2198 738 pro
2217 697 2354 728 habente
2369 697 2588 729 risibilitatem.

1526 740 1567 770 Et
1589 739 1664 770 ideo
1687 740 1853 771 risibilitas
1874 749 1942 771 non
1957 740 2156 781 praedicatur
2179 740 2219 772 de
2233 741 2452 773 humanitate:
2473 741 2590 773 sedri-

1525 784 1616 815 sibile
1637 793 1712 815 vere
1735 783 1934 824 praedicatur
1956 784 1996 815 de
2018 785 2156 822 homine,
2180 785 2334 826 quoniam
2356 785 2443 817 idem
2465 791 2514 817 est
2535 786 2590 817 ha-

1527 829 1606 859 bens
1628 829 1859 859 humanitatem
1883 834 1915 859 et
1936 829 2154 860 risibilitatem.

1582 872 1630 902 Ex
1653 872 1701 903 his
1723 873 1819 912 igitur
1841 878 1927 913 patet
1949 873 1983 903 in
2005 873 2115 913 primis
2133 879 2333 914 assumptum
2355 875 2390 905 in
2410 875 2512 906 littera
2535 884 2590 905 an-

1527 915 1692 953 tecedens,
1728 926 1804 947 cum
1831 926 1888 947 sua
1918 916 2173 948 manifestatione
2201 918 2373 958 exemplari
2403 918 2442 949 de
2466 918 2590 950 risibili.

1527 960 1699 991 Verissime
1723 959 1881 1001 siquidem
1905 960 2020 991 dicitur
2042 961 2171 1001 propria
2188 962 2284 992 unius
2299 971 2366 992 non
2382 962 2536 994 verificari
2551 962 2591 994 de

1529 1004 1602 1041 alio,
1626 1005 1686 1035 nisi
1704 1004 1784 1035 illud
1799 1004 1886 1035 aliud
1901 1005 1941 1035 sit
1956 1004 2042 1035 idem
2057 1005 2133 1036 huic
2149 1005 2201 1036 cui
2216 1011 2291 1036 sunt
2305 1006 2443 1046 propria.
2468 1006 2591 1044 Quem-

1529 1048 1705 1079 admodum
1728 1049 1857 1089 propria
1873 1049 2064 1080 risibilitatis
2084 1058 2152 1080 non
2167 1048 2369 1080 verificantur
2384 1050 2424 1081 de
2446 1050 2593 1081 humani-

1530 1097 1603 1128 tate,
1629 1094 1704 1133 quia
1727 1093 1806 1123 nihil
1829 1098 1876 1124 est
1898 1092 1984 1124 idem
2007 1094 2154 1134 utrique:
2178 1092 2234 1124 sed
2256 1093 2459 1125 verificantur
2481 1093 2521 1124 de
2535 1094 2593 1125 ho-

1529 1137 1624 1173 mine,
1649 1138 1724 1177 quia
1747 1138 1847 1168 homo
1872 1143 1919 1168 est
1940 1137 1974 1168 id
1996 1137 2155 1168 humanae
2170 1143 2302 1168 naturae
2325 1137 2415 1178 quod
2438 1143 2485 1169 est
2506 1137 2594 1169 idem

1529 1181 1658 1212 habenti
1682 1181 1906 1218 risibilitatem;
1938 1181 2024 1212 idem
2052 1182 2138 1212 enim
2164 1182 2308 1212 subiecto
2340 1187 2386 1212 est
2415 1182 2594 1223 hypostasis

1529 1226 1671 1256 humana
1694 1231 1726 1256 et
1748 1226 1930 1256 subiectum
1951 1225 2144 1256 risibilitatis.

1586 1270 1675 1300 Patet
1698 1269 1814 1301 deinde
1836 1271 1883 1300 vis
1907 1271 2166 1310 consequentiae.
2194 1269 2370 1308 Quoniam,
2393 1266 2478 1302 dum'
2495 1268 2595 1312 expli-

1531 1319 1620 1345 catur
1649 1314 1683 1344 in
1712 1314 1815 1345 littera
1843 1314 2020 1355 proprietas
2050 1319 2275 1345 concretorum
2304 1315 2338 1346 in
2361 1313 2594 1355 supponendo,

1530 1359 1708 1390 insinuatur
1732 1358 1907 1390 differentia
1929 1367 2027 1399 quam
2051 1359 2277 1399 explicavimus
2299 1359 2381 1390 inter
2400 1357 2595 1400 suppositio-

1530 1412 1607 1433 nem
1630 1408 1856 1434 concretorum
1880 1408 1912 1433 et
1934 1403 2180 1434 abstractorum:
2213 1412 2251 1433 ex
2274 1412 2338 1444 qua
2361 1401 2397 1433 fit
2418 1408 2455 1434 ut
2476 1403 2595 1434 abstra-

1532 1452 1619 1477 ctum
1642 1456 1765 1478 nomen
1783 1447 1879 1478 unius
1894 1452 2025 1478 naturae
2048 1453 2155 1487 pateat
2170 1447 2342 1487 importare
2358 1447 2493 1478 omnino
2509 1446 2596 1479 aliud

1531 1492 1570 1521 ab
1593 1491 1642 1522 his
1666 1500 1749 1532 quae
1772 1497 1846 1522 sunt
1869 1491 1996 1522 alterius
2011 1496 2152 1527 naturae,
2169 1491 2288 1522 scilicet
2302 1492 2406 1532 ipsam
2421 1491 2524 1522 solam
2539 1500 2596 1522 na·-

1531 1540 1636 1566 turam
1659 1534 1838 1566 secundum
1861 1545 1911 1572 se;
1936 1545 1973 1566 ac
1989 1544 2046 1575 per
2061 1535 2133 1570 hoc,
2151 1535 2272 1576 optime
2291 1534 2400 1566 inferri
2423 1534 2513 1575 quod
2528 1544 2596 1567 non

1531 1579 1754 1620 praedicantur
1776 1578 1816 1610 de
1839 1580 1996 1610 abstracto
2021 1589 2059 1610 ea
2077 1589 2160 1620 quae
2175 1585 2250 1610 sunt
2265 1579 2393 1610 alterius
2406 1584 2552 1616 naturae;
2574 1597 2598 1602 —

1533 1629 1564 1654 et
1586 1623 1730 1654 similiter
1752 1629 1858 1664 pateat
1881 1629 2069 1654 concretum
2092 1624 2250 1664 cuiusque
2265 1624 2298 1654 in
2315 1623 2444 1654 Christo
2466 1628 2598 1655 naturae

1532 1669 1705 1708 importare
1728 1667 1761 1698 id
1784 1667 1874 1708 quod
1897 1667 1983 1698 idem
1999 1673 2056 1703 est,
2073 1667 2163 1708 quod
2182 1677 2356 1698 commune
2371 1673 2429 1704 est,
2445 1667 2597 1699 omnibus

1533 1712 1572 1743 ad
1595 1721 1837 1752 quamcumque
1859 1718 2005 1742 naturam
2027 1712 2254 1752 spectantibus,
2275 1711 2395 1743 scilicet
2409 1721 2508 1742 unam
2524 1718 2599 1743 ean-

1534 1756 1673 1797 demque
1696 1756 1912 1797 hypostasim;
1937 1762 1968 1786 et
1989 1755 2064 1787 ideo
2088 1756 2210 1797 optime
2232 1755 2340 1787 inferri
2364 1755 2453 1796 quod
2475 1753 2600 1787 indiffe-

1534 1805 1639 1831 renter
1662 1810 1698 1830 ea
1719 1809 1802 1840 quae
1822 1805 1897 1831 sunt
1912 1801 2079 1841 utriusque
2094 1806 2226 1831 naturae
2249 1799 2288 1831 de
2312 1800 2468 1831 concretis
2482 1798 2599 1831 utrius-

1534 1853 1598 1884 que
1621 1850 1752 1875 naturae
1775 1843 2007 1884 praedicantur.

1182 1994 1184 1996 ’
1232 2007 1550 2051 ARTICULUS
1580 2007 1788 2050 SEXTUS

935 2112 1091 2143 UTRUM
1115 2111 1236 2142 HAEC
1260 2111 1326 2143 SIT
1349 2111 1482 2142 VERA:
1507 2111 1628 2141 DEUS
1647 2110 1823 2141 FACTUS
1842 2110 1931 2140 EST
1949 2109 2089 2141 HOMO

625 2198 699 2229 Infra,
719 2206 761 2231 qu.
781 2205 865 2227 xxxin,
885 2204 931 2223 art.
952 2197 981 2229 3;
1001 2198 1031 2222 111
1052 2197 1134 2227 Sent„
1155 2198 1212 2224 dist.
1232 2205 1275 2229 vn,
1295 2205 1339 2230 qu.
1359 2205 1385 2228 n,
1405 2202 1452 2223 art.
1475 2203 1502 2228 1;

1525 2197 1600 2223 Cont.
1622 2197 1718 2222 Error.
1741 2197 1846 2227 Graec„
1867 2204 1922 2230 cap.
1941 2203 1995 2227 xx1;
2013 2196 2057 2221 Ad
2075 2196 2163 2227 Rom„
2183 2204 2237 2229 cap.
2256 2204 2273 2227 ι,
2293 2197 2350 2223 lect.
2369 2204 2397 2223 11.

547 2306 597 2334 aa·
633 2301 656 2325 D
685 2300 825 2325 SEXTUM
854 2299 904 2324 sm
934 2299 1168 2325 PROCEDITUR.
1197 2287 1358 2324 Videtur
1377 2287 1484 2336 quod
1539 2286 1686 2324 dicatur
1722 2286 1770 2323 de
1798 2287 1903 2334 Deo,
1933 2286 2029 2324 sicut
2066 2286 2211 2324 dictum
2248 2294 2304 2323 est
2321 2286 2358 2323 *ε
2388 2286 2439 2324 ita
2472 2294 2603 2325 tamen
2629 2293 2639 2304 ⁸

552 2342 730 2405 §haec
767 2341 812 2377 sit
843 2341 952 2377 falsa:
992 2342 1093 2377 Deus
1109 2341 1238 2389 factus
1275 2346 1326 2377 est
1361 2341 1483 2377 homo.

584 2396 606 2434 (ι
636 2395 737 2431 Cum
757 2393 861 2430 enirn
880 2395 991 2430 homo
1011 2393 1195 2442 significet
1221 2393 1484 2439 substantiam,

594 2435 625 2479 xx
634 2447 718 2483 fieri
746 2446 947 2483 hominem
967 2454 1022 2483 est
1045 2446 1128 2484 fieri
1147 2446 1377 2496 simpliciter.
1409 2446 1484 2483 Sed

423 2501 519 2536 haec
547 2507 602 2536 est
628 2500 739 2537 falsa:
773 2501 875 2536 Deus
891 2500 1020 2548 factus
1048 2505 1099 2536 est
1124 2500 1346 2549 simpliciter.
1383 2500 1485 2547 Ergo

424 2553 519 2590 haec
547 2561 601 2589 est
628 2554 736 2590 falsa:
766 2554 868 2589 Deus
883 2553 1012 2600 factus
1040 2559 1090 2589 est
1117 2554 1239 2590 homo.

480 2618 512 2643 2.
543 2607 774 2652 Pium-eam,
803 2605 887 2642 fieri
915 2605 1117 2642 hominem
1146 2613 1200 2642 est
1227 2605 1379 2642 mutari.
1410 2605 1486 2643 Sed

424 2660 531 2696 Deus
559 2671 637 2696 non
657 2666 781 2708 potest
809 2670 890 2695 esse
919 2658 1135 2696 subiectum
1161 2658 1410 2695 mutationisz-
1430 2670 1486 2695 se-

425 2712 598 2749 cundum
622 2711 715 2749 illud
734 2712 899 2748 Malach.
920 2723 952 2748 111
971 2711 1008 2748 *ε
1037 2713 1123 2762 Ego
1146 2712 1339 2758 Dominus,
1359 2717 1392 2748 et
1411 2724 1485 2748 non

425 2771 557 2802 mutor.
595 2765 696 2813 Ergo
724 2764 876 2801 videtur
903 2765 1009 2813 quod
1045 2765 1140 2802 haec
1168 2764 1213 2801 sit
1240 2764 1350 2801 falsa:
1386 2766 1488 2801 Deus

415 2819 543 2866 factus
571 2823 621 2854 est
648 2819 771 2855 homo.

482 2871 514 2907 3.
546 2871 776 2917 Phameam,
797 2872 920 2917 homo,
941 2871 1157 2908 secundum
1184 2870 1291 2919 quod
1310 2870 1358 2907 de
1379 2870 1487 2907 Chri-

427 2931 484 2960 sto
499 2922 646 2971 dicitur,
663 2923 845 2974 supponit
863 2936 1070 2973 personam
1090 2923 1173 2961 Filii
1192 2923 1275 2961 Dei.
1298 2923 1373 2961 Sed
1394 2924 1488 2960 haec

428 2984 482 3012 est
509 2976 618 3013 falsa:
648 2978 749 3014 Deus
756 2978 885 3025 factus
913 2983 963 3014 est
985 2989 1149 3027 persona
1168 2977 1256 3014 Filii
1274 2977 1356 3014 Dei.
1386 2977 1487 3025 Ergo

428 3029 522 3066 haec
551 3037 605 3065 est
632 3029 741 3066 falsa:
771 3031 873 3067 Deus
889 3031 1019 3079 sactus
1046 3036 1096 3067 est
1122 3031 1245 3067 homo.

483 3082 555 3118 SED
575 3094 717 3119 CONTRA
737 3094 802 3119 1-:sT
821 3083 927 3131 quod
947 3082 1083 3120 dicitur
1104 3084 1207 3120 Ioan.
1229 3095 1238 3120 1
1257 3082 1293 3119 *z
1328 3083 1487 3120 Verbum

430 3147 518 3171 caro
527 3134 675 3181 sactum
696 3140 755 3171 est.
785 3135 833 3171 Et
852 3135 947 3172 sicut
965 3135 1196 3173 Athanasius
1218 3135 1318 3182 dicit,
1339 3135 1378 3173 in
1398 3135 1487 3185 Epi-

431 3188 524 3223 stola
552 3187 602 3223 ad
627 3189 830 3236 Epictetum
849 3187 880 3233 ²³⁸,
910 3189 1008 3237 quod
1033 3189 1136 3235 dixit,
1170 3204 1187 3222 «
1209 3190 1370 3226 Verbum
1398 3201 1487 3226 caro

420 3240 568 3286 sactum
589 3245 638 3275 est
660 3255 693 3285 »,
718 3240 835 3276 simile
854 3246 903 3276 est
922 3253 967 3277 ac
986 3243 1019 3277 si
1035 3242 1227 3288 diceretur,
1260 3257 1278 3275 «
1301 3243 1412 3279 homo
1421 3242 1488 3290 sa-

432 3298 508 3328 ctus
535 3297 584 3328 est
606 3307 639 3327 ».

486 3345 709 3380 Respomo
738 3356 917 3382 mei-:NDUM
953 3346 1057 3393 quod
1090 3348 1400 3397 unumquodque
1434 3347 1489 3385 di-

434 3395 529 3432 citur
548 3408 628 3432 esse
648 3396 788 3433 factum
809 3395 899 3433 illud
921 3397 1026 3445 quod
1047 3398 1092 3434 de
1113 3410 1216 3435 novo
1237 3400 1366 3449 incipit
1381 3413 1488 3450 prae-

434 3447 549 3484 dicari
579 3449 625 3484 de
654 3448 748 3497 ipso.
780 3449 871 3485 Esse
892 3457 1018 3486 autem
1050 3450 1247 3489 hominem
1268 3465 1357 3489 vere
1382 3465 1488 3502 prae-

489 3583 516 3611 α)
535 3580 663 3604 omnibus.
676 3594 694 3598 -
708 3581 733 3604 in
747 3580 866 3605 omnibus
886 3580 957 3604 tertia
977 3585 1076 3611 praeter
1090 3581 1122 3606 Η,
1142 3581 1191 3605 Pro
1204 3588 1278 3613 quae,
1293 3583 1338 3614 qui
1356 3584 1491 3617 BCDEpF.

1539 2340 1647 2388 quod
1675 2351 1755 2376 non
1783 2339 1963 2376 convenit
1996 2339 2082 2377 Deo
2110 2351 2192 2377 esse
2227 2339 2428 2377 hominem
2463 2339 2512 2376 ab
2540 2351 2601 2378 ae-

1539 2401 1669 2440 terno,
1699 2393 1767 2429 sed
1804 2405 1849 2429 ex
1878 2400 2051 2442 tempore
2087 2404 2158 2442 per
2188 2391 2493 2442 assumptionem
2530 2393 2602 2430 hu-

1540 2458 1678 2483 manae
1706 2453 1875 2482 naturae.
1906 2446 1953 2482 Et
1971 2445 2059 2482 ideo
2087 2446 2182 2482 haec
2211 2451 2265 2482 est
2287 2456 2396 2482 vera:
2425 2446 2527 2482 Deus
2534 2445 2601 2494 fa-

1540 2505 1617 2535 ctus
1645 2505 1694 2536 est
1722 2500 1843 2536 homo.
1883 2497 2152 2535 Diversimode
2180 2505 2310 2535 tamen
2338 2497 2554 2548 intelligitur
2580 2511 2604 2536 a

1540 2551 1718 2589 diversis:
1749 2551 1845 2588 sicut
1864 2558 1900 2587 et
1918 2551 2025 2598 haec,
2045 2552 2147 2588 Deus
2175 2557 2225 2588 est
2243 2552 2367 2598 homo,
2387 2559 2430 2588 ut
2449 2562 2566 2601 supra
2583 2551 2604 2574 ¹⁸⁸

1541 2604 1684 2642 dictum
1715 2612 1781 2641 est.
2149 2605 2153 2609 ’
2544 2652 2547 2655 Δ

1594 2659 1651 2694 AD
1680 2670 1814 2695 PmMUM
1843 2669 1940 2695 ERGO
1960 2669 2141 2695 DICENDUM
2161 2658 2268 2706 quod
2291 2657 2374 2694 fieri
2403 2657 2603 2696 hominem

1541 2718 1596 2747 est
1623 2710 1706 2747 fieri
1727 2709 1946 2759 simpliciter
1965 2710 2003 2747 in
2023 2709 2205 2747 omnibus
2234 2709 2293 2747 his
2312 2710 2351 2747 in
2371 2709 2513 2760 qnibus
2531 2711 2603 2748 hu-

1542 2775 1657 2800 mana
1685 2771 1820 2800 natura
1849 2762 1979 2812 incipit
2006 2775 2088 2800 esse
2117 2763 2156 2799 in
2185 2762 2384 2813 supposito
2421 2763 2470 2801 de
2498 2775 2603 2802 novo

1541 2824 1679 2854 creato.
1710 2817 1816 2853 Deus
1844 2824 1973 2854 autem
2008 2816 2145 2853 dicitur
2171 2816 2290 2854 factus
2325 2817 2446 2854 homo
2482 2828 2529 2854 ex
2556 2827 2604 2854 eo

1542 2870 1648 2919 quod
1677 2870 1849 2906 humana
1875 2877 2011 2906 natura
2038 2869 2204 2919 incoepit
2227 2882 2309 2907 esse
2336 2869 2376 2907 in
2404 2868 2603 2920 supposito

1542 2922 1694 2960 divinae
1719 2930 1875 2959 naturae
1898 2923 1946 2960 ab
1966 2929 2121 2960 aeterno
2141 2922 2426 2972 praeexistente.
2448 2922 2497 2960 Et
2514 2921 2603 2960 ideo

1542 2977 1671 3013 Deum
1699 2975 1782 3012 fieri
1815 2975 2016 3013 hominem
2051 2987 2131 3013 non
2160 2983 2215 3013 est
2242 2976 2372 3014 Deum
2398 2973 2482 3013 fieri
2514 2974 2603 3013 sim-

1542 3029 1696 3079 pliciter.

1595 3083 1652 3119 Αι)
1672 3094 1860 3120 SECUNDUM
1879 3094 2060 3120 DICENDUM
2079 3081 2198 3131 quod,
2219 3081 2315 3119 sicut
2333 3080 2478 3119 dictum
2497 3088 2553 3118 est
2570 3080 2603 3129 ³⁸,

1531 3137 1626 3184 fieri
1651 3134 1830 3184 importat
1857 3135 1965 3185 quod
1993 3134 2136 3184 aliquid
2163 3133 2404 3184 praedicetur
2425 3133 2473 3171 de
2497 3145 2602 3171 novo

1542 3188 1590 3225 de
1614 3189 1743 3225 altero.
1773 3188 1885 3226 Unde
1905 3189 2234 3238 quandocumque
2262 3185 2405 3237 aliquid
2429 3186 2478 3224 de
2497 3198 2602 3224 novo

1542 3241 1782 3291 praedicatur
1801 3242 1848 3278 de
1868 3243 1985 3279 altero
2005 3253 2096 3279 curn
2115 3240 2326 3278 mutatione
2354 3238 2436 3277 eius
2454 3240 2503 3277 de
2522 3252 2602 3289 quo

1543 3294 1699 3343 dicitur,
1729 3303 1820 3331 tunc
1857 3294 1937 3332 fieri
1967 3302 2022 3331 est
2049 3293 2199 3331 mutari.
2242 3293 2290 3331 Et
2321 3293 2397 3330 hoc
2423 3293 2604 3330 convenit

1544 3347 1725 3385 omnibus
1750 3353 1767 3369 α
1799 3359 1899 3397 quae
1936 3347 2108 3385 absolute
2145 3346 2342 3384 dicuntur:
2382 3357 2461 3383 non
2498 3345 2603 3384 enirn

1544 3408 1666 3450 potest
1694 3401 1832 3438 albedo
1861 3408 1925 3438 aut
1953 3399 2177 3449 magnitudo
2205 3399 2252 3436 de
2281 3410 2385 3436 novo
2422 3398 2603 3436 advenire

1545 3453 1656 3491 alicui
1685 3453 1755 3490 nisi
1792 3466 1861 3503 per
1889 3454 1964 3491 hoc
1992 3452 2098 3503 quod
2135 3452 2183 3489 de
2211 3463 2316 3490 novo
2353 3459 2523 3489 mutatur
2554 3452 2603 3489 ad

2630 2552 2641 2564 ⁹
2653 2551 2713 2574 lbid.

2633 3084 2642 3095 ι
2655 3082 2681 3104 1¹¹
2696 3087 2805 3111 eom
2826 3071 2835 3099 '4
