2872 3970
0 1164 6 1179 -
0 1039 11 1159 —f-vx-›r-v
0 991 9 1033 ,-:÷
0 972 4 985 -=
0 952 3 961 ἡ

64 1867 78 1879 ⁴
84 1867 121 1889 De
129 1865 203 1888 Duab.
213 1865 276 1892 Nat„

63 1899 118 1921 αρ.
132 1898 169 1920 ιιι,
184 1898 215 1914 iv.

67 2560 82 2571 ⁴
104 2559 161 2587 Cap.
184 2564 254 2586 xxxv,

67 2591 168 2608 xxxviii.

167 2622 184 2638 α

72 2772 84 2784 ’
91 2771 164 2820 Εἰὶχεῑ.
176 2771 282 2797 xxvln,

68 2798 101 2821 nl.
150 2798 190 2825 IV,
197 2804 247 2827 cap.
254 2804 282 2819 iv.

171 2829 186 2863 β

73 3083 87 3094 ·
101 3082 158 3111 Cap.
172 3089 206 3105 ιιι.

1029 245 1292 292 QUAESTIO
1321 245 1369 287 ΙΙ,
1404 244 1694 283 ARTICULUS
1723 247 1768 282 III

2436 258 2485 294 29

308 325 391 361 ficat,
417 334 484 355 esse
507 325 710 359 incarnatam,
729 332 795 353 esse
811 323 934 353 unitam
951 324 1051 353 carni:
1077 329 1108 353 et
1124 324 1284 363 quaeritur
1298 332 1370 353 mo-
1395 322 1398 360 Ῑ
1423 323 1508 353 niam
1525 324 1703 363 aequivalet
1726 323 1765 354 ad
1788 324 1820 364 ly
1843 324 2020 354 substantia
2038 326 2157 364 prima,
2175 335 2256 365 quae
2274 325 2335 356 alio
2351 326 2485 356 nomine

308 369 368 400 dus
392 379 458 409 quo
483 374 529 398 est
553 367 634 398 facta
656 368 735 397 haec
758 368 847 402 unio,
872 376 912 396 an
935 367 1054 397 scilicet
1077 367 1109 396 in
1133 376 1278 407 persona.
1307 367 1370 397 Ubi

308 419 416 444 autem
438 413 490 443 hic
513 413 600 442 Deus
623 412 802 442 incarnatus
826 416 920 446 esset,
945 420 1012 440 non
1035 416 1269 450 supponeretur
1292 412 1369 441 Ver-

306 457 387 487 bum
398 458 607 491 incarnatum,
621 454 676 485 sed
690 460 924 495 supponeretur
939 455 1025 485 hunc
1038 455 1144 484 Deum
1156 455 1369 485 incarnatum:

309 507 340 531 et
355 506 559 540 quaereretur
573 498 689 529 modus
705 499 844 533 unionis,
869 508 909 528 an
925 498 958 527 in
973 504 1094 534 natura,
1118 508 1158 528 an
1173 500 1206 528 in
1223 508 1368 538 persona,

306 555 348 575 an
368 545 402 575 in
418 545 488 574 solo
504 542 670 574 individuo
686 548 826 572 naturae.
850 542 939 572 Patet
955 548 1062 572 autem
1078 543 1214 573 uniones
1230 543 1285 572 has
1302 552 1369 573 esse

307 588 502 619 diversarum
524 587 694 622 rationum,
720 596 757 617 ex
775 595 813 616 eo
838 586 927 625 quod
946 586 1024 616 unio
1041 587 1137 616 Verbi
1152 587 1305 617 incarnati
1325 592 1370 617 est

307 632 348 663 ad
362 630 700 662 incommunicabilem
722 631 905 665 terminum,
921 630 1064 660 Verbum
1087 631 1172 660 enim
1188 631 1370 661 incommu-

307 676 442 707 nicabile
466 681 512 706 est
535 675 653 714 cuique
676 675 862 714 supposito:
886 674 965 703 unio
990 680 1097 704 autem
1120 675 1215 704 huius
1239 675 1299 705 Dei
1322 676 1369 704 in-

305 720 434 756 carnati,
459 720 484 749 si
509 724 599 754 esset,
625 717 663 748 ad
680 718 981 748 communicabilem
1006 723 1087 748 esset
1109 719 1299 754 terminum,
1325 725 1370 748 est

307 764 394 794 enim
416 763 468 793 hic
492 763 579 793 Deus
603 762 784 792 communis
809 762 959 791 omnibus
981 762 1125 802 personis
1149 762 1271 792 divinis.

362 807 425 838 Sed
443 807 522 837 haec
537 807 714 846 responsio,
734 806 808 835 licet
822 806 986 836 veritatem
1003 806 1086 836 dicat
1109 805 1217 846 quoad
1231 806 1264 835 id
1281 806 1369 845 quod

305 851 347 883 de
369 851 454 882 facto
478 851 638 882 invenitur
659 850 694 880 in
715 850 837 880 unione
859 850 956 879 Verbi
971 850 1134 886 incarnati,
1158 850 1233 889 quia
1256 859 1368 880 secun-

307 895 385 926 dum
407 895 572 925 veritatem
594 894 673 924 unio
697 894 884 924 terminatur
902 893 940 923 ad
956 894 1292 924 incommunicabilem
1308 899 1369 924 ter-

305 940 432 970 minum
455 944 491 969 ut
514 939 575 968 sic:
599 947 667 968 non
691 937 839 968 satisfacit
861 943 967 968 tamen
992 937 1167 968 difficultati
1182 943 1289 968 motae
1305 937 1369 968 for-

306 983 439 1014 maliter.
464 982 628 1021 Quoniam
650 982 684 1012 in
707 982 770 1012 hoc
786 981 929 1017 articulo,
947 982 1004 1012 etsi
1020 982 1211 1022 supponitur
1226 982 1368 1011 Verbum

304 1028 515 1063 incarnatum,
540 1035 607 1056 non
631 1031 738 1056 tamen
761 1026 954 1066 supponitur
975 1026 1131 1056 unionem
1154 1026 1236 1055 hanc
1253 1034 1321 1055 esse
1336 1026 1370 1055 in

305 1081 460 1112 persona:
495 1080 531 1101 ac
554 1080 611 1110 per
634 1070 713 1105 hoc,
742 1079 809 1099 non
836 1070 1028 1109 supponitur
1055 1069 1210 1099 unionem
1239 1078 1306 1099 esse
1330 1068 1370 1100 ad

305 1115 479 1146 terminum
501 1114 850 1145 incommunicabilem.
874 1114 988 1149 Immo,
1013 1123 1088 1143 cum
1111 1113 1254 1143 Verbum
1269 1114 1370 1143 incar-

305 1165 418 1190 natum
442 1159 481 1189 sit
504 1157 682 1189 secundum
705 1167 738 1188 se
763 1163 794 1188 et
815 1163 946 1188 naturae
970 1157 1111 1193 divinae,
1143 1162 1174 1187 et
1197 1157 1369 1187 subsistens

306 1205 340 1234 in
363 1208 474 1234 natura
495 1201 610 1237 divina,
636 1207 666 1232 et
688 1211 826 1241 persona
849 1201 910 1240 (est
926 1202 1011 1231 enim
1026 1202 1094 1240 ipsa
1110 1200 1208 1231 deitas
1225 1206 1255 1231 et
1270 1201 1368 1237 Deus,

306 1253 339 1278 et
362 1252 409 1277 est
431 1246 483 1276 hic
507 1246 604 1281 Deus,
630 1250 661 1275 et
685 1250 731 1274 est
753 1244 927 1284 Verbum),
951 1245 1033 1274 sicut
1055 1245 1089 1274 in
1112 1245 1217 1284 primo
1237 1245 1369 1275 articulo

306 1291 488 1331 quaesitum
512 1294 558 1319 est
581 1299 621 1318 an
645 1289 724 1319 unio
747 1289 845 1318 Verbi
867 1289 1021 1318 incarnati
1044 1288 1083 1318 sit
1103 1288 1184 1318 facta
1199 1288 1232 1318 in
1248 1294 1369 1325 natura,

305 1335 349 1365 ita
371 1333 487 1364 deinde
511 1333 645 1363 debebat
667 1332 786 1372 inquiri
809 1342 849 1362 an
873 1333 912 1362 sit
935 1331 1017 1362 facta
1038 1333 1072 1362 in
1094 1331 1261 1362 individuo
1277 1338 1369 1362 natu-

305 1388 368 1414 rae,
392 1384 423 1408 et
442 1377 573 1408 demum
593 1377 702 1417 quaeri
720 1386 761 1406 an
776 1377 815 1406 sit
830 1375 912 1407 facta
927 1376 961 1406 in
976 1385 1122 1416 persona,
1139 1381 1175 1406 ut
1190 1376 1234 1406 sic
1251 1375 1370 1407 discus-

305 1432 359 1454 sus
383 1427 464 1452 esset
487 1422 592 1451 omnis
615 1420 732 1451 modus
755 1421 884 1450 unionis
916 1429 983 1460 quo
1006 1420 1149 1450 Verbum
1171 1421 1369 1450 incarnatum

305 1467 433 1498 unitum
455 1465 589 1505 intelligi
611 1470 718 1505 potest
741 1465 836 1494 carni.
861 1464 989 1495 Etenim
1013 1464 1104 1500 sicut,
1121 1464 1147 1494 si
1162 1464 1305 1494 Verbum
1320 1465 1368 1494 in-

306 1515 470 1541 carnatum
492 1509 620 1539 unitum
644 1514 725 1539 esset
749 1509 834 1538 carni
856 1509 890 1538 in
913 1513 1038 1544 natura,
1062 1508 1190 1538 unitum
1214 1507 1370 1538 diceretur

304 1555 412 1595 ipsum
435 1553 578 1584 Verbum
602 1553 701 1589 carni;
725 1553 781 1588 ita,
806 1553 832 1582 si
854 1552 997 1582 Verbum
1020 1553 1219 1582 incarnatum
1242 1553 1368 1582 unitum

306 1603 388 1629 esset
403 1598 490 1628 carni
513 1602 670 1637 quatenus
694 1602 741 1626 est
762 1595 964 1626 individuum
987 1601 1128 1632 naturae,
1145 1602 1303 1635 quatenus
1324 1602 1370 1626 est

305 1643 358 1674 hic
380 1642 479 1677 Deus,
503 1640 660 1672 diceretur
682 1640 826 1671 Verbum
847 1640 1047 1670 incarnatum
1070 1641 1197 1670 unitum
1221 1641 1316 1670 carni.

360 1686 430 1716 XV.
453 1683 547 1716 Unde
564 1689 678 1724 quarto
694 1683 905 1723 respondetur
920 1683 1144 1723 distinguendo
1168 1684 1201 1724 ly
1213 1693 1367 1724 persona,

307 1729 396 1770 quod
419 1738 557 1769 persona
580 1729 716 1758 sumitur
738 1727 916 1768 dupliciter.
941 1728 1059 1763 Primo,
1084 1727 1262 1758 secundum
1281 1737 1369 1757 com-

305 1773 425 1814 pletam
448 1773 605 1803 rationem
627 1781 782 1812 personae
806 1781 863 1801 seu
886 1772 1074 1811 hypostasis.
1099 1771 1140 1800 Et
1155 1771 1199 1801 sic
1216 1770 1371 1811 significat

305 1817 462 1857 singulare
485 1817 604 1846 habens
627 1821 772 1845 naturam
796 1815 1033 1845 substantialem
1059 1815 1370 1844 incommunicabili-

304 1866 361 1892 ter.
386 1861 431 1891 lta
454 1859 544 1900 quod
558 1859 961 1890 'incommunicabilitatem
985 1858 1183 1888 denotaverit
1197 1859 1330 1888 Boetius
1343 1859 1368 1894 ’ᾗ

303 1906 337 1935 in
360 1904 546 1936 definitione
569 1913 734 1944 personae,
758 1912 816 1943 per
835 1903 867 1943 ly
888 1902 1053 1933 individua
1068 1902 1266 1933 substantia:
1289 1911 1371 1942 quo-

1423 367 1536 397 dicitur
1559 368 1746 408 hypostasis.
1770 386 1790 390 -
1814 368 1888 398 Alio
1912 368 2012 398 modo
2036 370 2170 399 sumitur
2193 369 2371 400 secundum
2390 370 2485 400 ratio-

1422 421 1497 441 nem
1521 411 1652 451 quidem
1679 421 1844 452 personae,
1869 412 1924 442 sed
1947 412 2175 452 imperfectam.
2200 414 2241 444 Et
2263 414 2307 444 sic
2331 412 2485 453 significat

1423 455 1580 494 singulare
1603 456 1722 485 habens
1746 456 1983 486 substantialem
2007 462 2153 486 naturam
2176 458 2218 486 ita
2242 457 2330 497 quod
2353 457 2420 487 sola
2435 458 2484 487 in-

1423 500 1730 529 communicabilitas
1745 500 1790 529 illi
1807 499 1894 530 deest
1910 499 1948 529 ad
1960 499 2133 539 perfectam
2149 501 2305 530 rationem
2318 510 2482 540 personae.

1477 543 1517 573 Et
1540 544 1599 573 hac
1623 543 1825 574 distinctione
1847 549 1958 579 stante,
1983 543 2097 574 dicitur
2120 544 2209 584 quod
2232 554 2352 574 nornen
2375 554 2484 585 perso-

1422 596 1491 622 nae,
1518 597 1574 618 seu
1598 588 1787 627 hypostasis,
1811 593 1866 617 aut
1889 588 2057 627 suppositi,
2081 594 2187 627 potest
2207 589 2290 619 sumi
2307 589 2482 628 dupliciter.

1422 631 1540 667 Primo,
1564 631 1758 671 simpliciter.
1782 632 1823 662 Et
1846 632 1890 663 sic
1914 632 2128 672 appellatione
2143 642 2299 672 personae
2321 633 2355 662 in
2371 632 2484 663 divinis

1422 684 1489 704 non
1512 676 1599 705 venit
1621 676 1673 705 hic
1697 675 1794 711 Deus,
1819 677 1895 715 quia
1917 685 1984 706 non
2000 676 2095 706 habet
2116 677 2309 715 completam
2328 677 2484 707 rationem

1422 727 1591 758 personae:
1609 718 1664 749 sed
1680 719 1786 749 solum
1802 719 1893 749 Pater
1909 725 1963 749 aut
1978 720 2076 750 Filius
2092 720 2142 750 vel
2159 720 2292 760 Spiritus
2309 719 2484 751 Sanctus.-

1422 763 1496 792 Alio
1519 762 1636 799 modo,
1668 769 1703 793 ut
1726 773 1862 802 persona
1886 763 2090 803 distinguitur
2116 770 2227 794 contra
2249 769 2410 799 naturam,
2442 764 2485 793 ita

1423 806 1512 845 quod
1536 817 1573 837 ex
1597 817 1664 837 uno
1689 813 1830 837 extremo
1861 813 1999 847 ponatur
2021 813 2132 838 natura
2155 814 2191 838 ut
2213 808 2275 843 sic,
2306 813 2337 837 et
2360 817 2398 837 ex
2421 808 2483 837 alio

1423 856 1564 881 extremo
1589 857 1728 890 ponatur
1750 861 1903 891 persona:
1935 852 2018 882 sicut
2048 862 2122 882 cum
2146 852 2369 891 distinguimus
2392 857 2485 883 natu-

1422 904 1488 924 ram
1518 900 1629 924 contra
1651 896 1821 925 habentem
1844 901 1999 925 naturam.
2035 896 2076 926 Et
2099 897 2143 926 sic
2173 896 2387 936 appellatione
2413 905 2484 935 per-

1422 948 1519 968 sonae
1541 939 1627 968 venit
1642 949 1709 968 non
1725 939 1831 969 solum
1854 949 1989 979 persona
2013 940 2182 980 complete,
2200 939 2255 970 sed
2278 949 2415 979 persona
2436 940 2485 970 in-

1423 983 1597 1021 completa:
1622 983 1709 1012 venit
1732 993 1800 1013 non
1824 984 1929 1013 solum
1952 984 2043 1014 Pater
2075 989 2129 1013 aut
2151 984 2250 1013 Filius
2273 989 2328 1013 aut
2350 983 2484 1023 Spiritus

1423 1025 1565 1061 Sanctus,
1583 1026 1638 1056 sed
1655 1027 1750 1056 etiarn
1773 1027 1824 1057 hic
1841 1027 1938 1057 Deus.

1478 1069 1518 1099 Et
1542 1071 1617 1109 quia
1639 1071 1672 1099 in
1696 1071 1759 1100 hoc
1783 1071 1915 1101 articulo
1946 1081 2050 1101 sermo
2075 1077 2121 1101 est
2144 1071 2182 1101 de
2206 1081 2342 1112 persona
2364 1076 2400 1101 ut
2423 1070 2485 1101 dis-

1422 1114 1576 1152 tinguitur
1599 1120 1709 1144 contra
1732 1120 1877 1145 naturam
1900 1120 1936 1144 ut
1959 1116 2013 1150 sic,
2038 1121 2074 1145 ut
2096 1121 2182 1155 patet
2205 1117 2238 1146 in
2261 1125 2414 1155 processu
2437 1125 2484 1146 ar-

1422 1157 1511 1187 ticuli
1542 1167 1579 1187 ex
1609 1158 1835 1189 communibus
1862 1159 1933 1189 Deo
1964 1164 1994 1188 et
2023 1159 2152 1198 reliquis
2181 1159 2378 1194 substantiis;
2410 1158 2483 1189 ideo

1422 1210 1559 1240 persona
1581 1201 1633 1230 hic
1657 1202 1792 1231 sumitur
1815 1207 1850 1232 ut
1874 1202 2117 1242 comprehendit
2141 1203 2235 1232 etiam
2258 1203 2344 1233 hunc
2367 1203 2483 1233 Deum.

1422 1245 1463 1275 Et
1485 1250 1654 1284 propterea
1678 1246 1799 1284 optime
1823 1245 1944 1275 dictum
1969 1251 2015 1275 est
2038 1245 2136 1285 quod,
2162 1246 2187 1275 si
2210 1256 2278 1276 non
2294 1246 2436 1275 uniretur
2451 1247 2485 1276 in

1422 1298 1568 1328 persona,
1591 1289 1681 1319 nullo
1698 1289 1798 1319 modo
1814 1290 1976 1319 uniretur:
2002 1295 2032 1319 et
2048 1290 2170 1329 reliqua
2186 1289 2268 1319 dicta
2284 1289 2385 1319 solida
2400 1295 2483 1319 sunt.

1476 1333 1566 1363 Patet
1581 1338 1689 1363 autem
1705 1333 1787 1363 hanc
1804 1342 1871 1363 esse
1887 1333 2099 1363 intentionem
2115 1334 2274 1369 Auctoris,
2289 1343 2326 1363 ex
2339 1343 2378 1363 eo
2396 1333 2485 1372 quod

1421 1377 1455 1406 in
1478 1377 1589 1412 littera,
1613 1377 1647 1407 in
1671 1386 1806 1416 corpore
1830 1377 1970 1413 articuli,
1994 1387 2053 1417 pro
2078 1377 2193 1407 eodem
2216 1378 2349 1407 habetur
2372 1377 2485 1408 indivi-

1421 1420 1520 1451 duum
1543 1421 1715 1451 subsistens
1738 1421 1770 1450 in
1795 1426 1924 1456 natura,
1942 1427 1973 1451 et
1990 1422 2208 1462 suppositum:
2231 1426 2355 1451 constat
2377 1426 2484 1451 autem

1422 1465 1508 1494 hunc
1530 1465 1638 1495 Deum
1661 1474 1729 1495 esse
1752 1464 1954 1495 individuum
1976 1466 2147 1496 subsistens
2170 1466 2203 1495 in
2226 1470 2338 1495 natura
2361 1464 2484 1501 divina,

1423 1514 1453 1538 et
1475 1518 1543 1538 non
1564 1509 1679 1538 habere
1701 1509 1895 1548 completam
1911 1509 2067 1539 rationem
2086 1509 2253 1548 suppositi.
2278 1526 2298 1531 —-
2322 1509 2363 1538 Et
2377 1518 2484 1539 rursus

1422 1552 1536 1582 dicitur
1558 1553 1591 1582 in
1615 1561 1750 1592 corpore
1773 1553 1905 1588 articuli,
1925 1552 2089 1592 loquendo
2107 1552 2146 1583 de
2162 1553 2243 1587 Deo,
2260 1551 2349 1592 quod
2365 1558 2484 1583 natura

1421 1596 1531 1626 divina
1561 1596 1679 1626 dicitur
1700 1597 1897 1636 suppositum
1920 1597 2094 1627 secundum
2117 1597 2203 1637 quod
2232 1602 2279 1627 est
2303 1597 2483 1627 subsistens.

1423 1640 1511 1678 Quid
1534 1640 1667 1670 clarius?
1691 1640 1826 1670 Constat
1849 1641 1935 1670 enim
1958 1641 2045 1670 hunc
2068 1641 2175 1671 Deum
2194 1640 2370 1680 significare
2392 1646 2484 1671 natu-

1422 1693 1489 1714 ram
1513 1683 1653 1714 divinam
1676 1683 1854 1714 secundum
1878 1684 1968 1723 quod
1986 1689 2033 1714 est
2056 1685 2244 1714 subsistens:
2270 1689 2315 1714 est
2331 1684 2417 1714 enim
2432 1684 2484 1715 hic

1423 1727 1510 1757 Deus
1533 1728 1706 1757 subsistens
1728 1728 1762 1757 in
1784 1733 1897 1757 natura
1920 1727 2034 1763 divina,
2060 1733 2096 1758 ut
2118 1733 2204 1767 patet
2220 1737 2258 1758 ex
2273 1727 2372 1757 modo
2390 1728 2484 1767 signi-

1422 1770 1548 1800 ficandi.
1584 1770 1810 1800 Communiter
1832 1771 1927 1810 igitur
1949 1772 2107 1811 suppositi
2136 1781 2193 1801 seu
2220 1781 2375 1810 personae
2405 1772 2484 1801 ratio

1422 1815 1474 1844 hic
1498 1815 1643 1850 sumitur,
1666 1820 1703 1844 ut
1726 1814 1846 1844 scilicet
1869 1814 2025 1854 significat
2047 1816 2110 1844 hoc
2126 1815 2298 1845 subsistens
2314 1816 2347 1844 in
2363 1820 2483 1845 natura.

1478 1858 1519 1888 Et
1541 1857 1615 1888 ideo
1639 1859 1717 1888 haec
1742 1864 1852 1897 quarta
1867 1859 2033 1898 responsio
2050 1859 2270 1898 amplectenda
2286 1864 2348 1889 est:
2372 1864 2485 1899 utpote

1424 1902 1543 1932 litterae
1568 1911 1720 1938 consona,
1746 1908 1777 1932 et
1800 1912 1932 1933 omnem
1955 1903 2194 1942 ambiguitatem
2216 1903 2341 1934 tollens.

1107 2051 1424 2093 ARTICULUS
1452 2051 1682 2093 TERTIUS

526 2154 684 2186 UTRUM
706 2153 813 2184 UNIO
837 2153 966 2184 VERBI
989 2152 1228 2184 INCARNATI
1251 2152 1317 2183 SIT
1341 2151 1488 2182 FACTA
1512 2151 1555 2182 IN
1579 2151 1824 2189 SUPPOSITO‚
1842 2152 1935 2183 swn
1959 2153 2002 2183 IN
2025 2152 2264 2184 HYPOSTASI

411 2243 442 2268 111
463 2243 544 2271 Sent„
564 2242 624 2266 dist.
642 2248 677 2272 vr,
697 2249 741 2273 qu.
760 2248 779 2271 1,
798 2245 844 2265 art.
865 2247 888 2271 ι,
908 2240 958 2273 qu*
979 2247 1002 2270 ι,
1023 2247 1054 2270 2;
1074 2239 1132 2265 dist.
1150 2247 1195 2269 vn,
1215 2247 1259 2272 qu.
1278 2246 1295 2269 ι,
1316 2243 1362 2264 art.
1383 2245 1413 2268 1;
1432 2238 1467 2263 IV
1488 2239 1564 2263 Cont.
1587 2240 1672 2267 Gent„
1693 2246 1747 2272 cap.
1767 2247 1868 2269 xxan,
1887 2247 1974 2271 xxx1x3
1994 2240 2036 2264 De
2058 2240 2151 2266 Union.
2178 2241 2264 2270 Verbi,
2284 2245 2328 2267 art.
2351 2248 2379 2271 2:

626 2277 701 2302 Cont.
721 2277 816 2302 Error.
837 2277 941 2305 Graec„
960 2283 1015 2308 cap.
1034 2282 1079 2305 ¹¹3
1102 2276 1178 2301 Cont.
1199 2276 1295 2300 Graec.
1312 2275 1502 2304 Armen.,etc.,
1522 2282 1576 2306 cap.
1595 2281 1636 2303 vu
1657 2275 1801 2306 Compend.
1817 2274 1921 2304 Theoi..
1941 2283 1996 2308 cap.
2015 2282 2073 2307 ccx,
2092 2283 2165 2307 ccx1;

1005 2311 1101 2341 Quodl.
1121 2310 1163 2341 lx,
1183 2318 1228 2343 qu.
1245 2318 1273 2341 11,
1293 2314 1338 2335 art.
1359 2316 1387 2341 1;
1405 2309 1433 2333 In
1455 2309 1537 2339 Ioan„
1558 2317 1612 2341 cap.
1631 2317 1650 2340 1,
1669 2310 1726 2335 lect.
1746 2317 1789 2336 vn.

348 2424 357 2433 s
395 2410 401 2422 ι
427 2414 496 2453 aff<
517 2403 714 2429 DTERTIUM
742 2403 794 2428 src
822 2402 1057 2427 Paocnnirua.
1082 2388 1242 2426 Videtur
1263 2388 1370 2438 quod

359 2441 384 2463 ·”
439 2433 490 2490 ’ἓῆ
518 2444 613 2482 unio
641 2443 758 2481 Verbi
795 2442 978 2480 incarnati
1012 2454 1092 2479 non
1126 2442 1172 2478 sit
1207 2442 1303 2479 facta
1330 2441 1370 2478 in

388 2481 489 2543 *⁷¹²3
503 2496 508 2499 ’
521 2497 732 2546 supposito,
754 2496 833 2533 sive
852 2496 891 2532 in
913 2494 1119 2545 hypostasi.
1149 2495 1248 2532 Dicit
1267 2494 1371 2532 enim

330 2541 341 2552 ”
367 2524 462 2583 ζῖῗῦ
478 2542 769 2598 KAugustinu&
790 2549 829 2585 in
857 2548 1047 2586 Enchirid.
1068 2547 1102 2584 *ε
1130 2549 1270 2586 Divina
1290 2549 1370 2584 sub-

309 2604 442 2640 stantia
461 2608 494 2639 et
512 2604 677 2639 humana
705 2608 900 2652 utrumque
919 2607 936 2622 ⁴²
964 2607 1015 2638 est
1034 2613 1128 2637 unus
1145 2602 1219 2637 Dei
1235 2601 1373 2638 lez‘us:

309 2655 374 2693 sed
399 2655 502 2693 aliud
521 2661 676 2706 propter
701 2656 873 2701 Verbum,
894 2660 927 2691 et
953 2654 1057 2691 aliud
1075 2660 1231 2704 propter
1257 2655 1371 2690 homi-

311 2721 407 2745 nem.
435 2709 518 2744 Leo
539 2709 644 2757 Papa
663 2707 777 2744 etiam
795 2707 894 2754 dicit,
911 2707 950 2744 in
969 2706 1140 2756 Epistola
1158 2707 1210 2744 ad
1225 2707 1371 2744 Flavia-

311 2773 401 2798 num
419 2760 458 2797 *z
494 2762 616 2798 Unum
635 2761 769 2796 horum
795 2765 964 2797 coruscat
990 2759 1191 2805 miraculis,
1212 2765 1244 2796 et
1271 2759 1374 2796 aliud

309 2815 512 2851 succumbit
536 2814 689 2850 iniuriis.
719 2812 796 2849 Sed
818 2824 935 2849 omne
963 2812 1070 2862 quod
1098 2819 1154 2849 est
1171 2811 1187 2842 β
1214 2811 1318 2848 aliud
1337 2819 1373 2848 et

311 2867 426 2913 aliud,
442 2866 568 2904 differt
587 2864 797 2915 supposito.
819 2865 920 2914 Ergo
942 2864 1035 2902 unio
1055 2864 1171 2902 Verbi
1190 2864 1372 2902 incarnati

311 2932 392 2957 non
420 2926 475 2955 est
502 2919 597 2955 facta
624 2917 664 2954 in
692 2917 901 2968 supposito.

366 2983 400 3009 2.
431 2973 663 3017 PRAETEREA,
684 2970 898 3020 hypostasis
917 2969 1011 3007 nihil
1038 2977 1094 3008 est
1121 2970 1224 3008 aliud
1252 2982 1372 3020 quam

310 3026 509 3062 substantia
537 3023 793 3073 particularis:
819 3030 861 3059 ut
892 3022 1047 3060 Boetius
1075 3022 1180 3070 dicit,
1207 3023 1246 3059 in
1275 3022 1371 3060 libro

312 3078 357 3115 de
370 3079 526 3115 Duabus
544 3077 701 3114 Naturis
718 3075 749 3112 ³⁸.
778 3074 1024 3112 Manifestum
1044 3083 1098 3112 est
1116 3083 1246 3112 autem
1265 3076 1372 3124 quod

312 3130 352 3168 in
381 3129 532 3168 Christo
561 3136 616 3166 est
649 3128 842 3178 quaedam
869 3127 942 3164 alia
969 3127 1177 3165 substantia
1211 3128 1372 3177 particu-

312 3182 398 3220 laris
425 3189 574 3232 praeter
601 3180 838 3231 hypostasim
865 3180 992 3228 Verbi,
1012 3179 1151 3217 scilicet
1178 3192 1318 3229 corpus
1337 3188 1373 3218 et

313 3235 443 3273 anima
471 3243 507 3272 et
533 3234 795 3284 compositum
831 3245 877 3269 ex
912 3233 976 3269 eis.
1006 3233 1107 3280 Ergo
1145 3233 1184 3269 in
1223 3233 1373 3270 Christo

314 3295 369 3326 est
388 3288 459 3325 alia
486 3287 701 3338 hypostasis
724 3294 872 3336 praeter
900 3284 1136 3335 hypostasim
1154 3285 1270 3322 Verbi
1288 3285 1371 3322 Dei.

370 3341 403 3378 3.
433 3341 664 3388 PRAETEREA,
685 3338 899 3390 hypostasis
917 3337 1033 3375 Verbi
1052 3349 1132 3375 non
1160 3337 1374 3374 continetur

368 3470 396 3542 αξ
415 3475 594 3505 utrumque.-
613 3455 726 3505 utraque
744 3472 823 3497 PGH.

367 3507 384 3540 β
413 3514 490 3533 omne
508 3508 580 3540 quod
598 3511 645 3533 est.
657 3521 676 3526 -
694 3507 754 3533 Om.
774 3507 817 3533 Pe.

1419 2388 1463 2425 ⁴in
1492 2388 1621 2438 aliquo
1649 2401 1796 2436 genere,
1818 2401 1943 2439 neque
1972 2390 2044 2426 sub
2073 2389 2217 2439 specie:
2247 2397 2289 2427 ut
2309 2398 2411 2439 patet
2437 2403 2484 2427 ex

1424 2441 1483 2478 his
1511 2454 1611 2490 quae
1630 2441 1669 2478 in
1697 2441 1826 2479 Prima
1845 2443 1954 2479 Parte
1972 2442 1992 2464 ’³‘
2020 2442 2118 2479 dicta
2144 2450 2241 2479 sunt.
2273 2443 2348 2480 Sed
2378 2443 2484 2480 Chri-

1425 2502 1514 2542 stus,
1536 2494 1751 2531 secundum
1772 2495 1878 2544 quod
1907 2502 1961 2531 est
1978 2495 2096 2532 factus
2116 2496 2248 2542 homo,
2270 2495 2485 2533 continetur

1425 2547 1497 2584 sub
1526 2547 1651 2596 specie
1670 2548 1862 2590 humana:
1892 2547 1980 2585 dicit
1999 2547 2102 2585 enim
2130 2547 2350 2598 Dionysius,
2371 2560 2380 2585 1
2400 2561 2481 2598 cap.

1425 2601 1470 2637 de
1506 2601 1590 2637 Div.
1619 2602 1734 2637 Nom.
1755 2600 1794 2637 *ε
1824 2603 1930 2638 Intra
1967 2607 2131 2638 nostram
2149 2602 2277 2649 sactus
2305 2607 2355 2638 est
2382 2607 2484 2638 natu-

1425 2665 1509 2690 ram
1539 2654 1602 2702 qui
1618 2665 1766 2690 omnem
1795 2653 1961 2690 ordinem
1979 2654 2180 2690 secundum
2207 2666 2353 2691 omnem
2382 2660 2484 2690 natu-

1426 2719 1509 2743 ram
1528 2707 1920 2755 supersubstantialiter
1934 2707 2074 2743 excedit
2088 2711 2114 2742 Υ.
2135 2707 2227 2742 Non
2249 2713 2376 2743 autem
2396 2718 2484 2743 con-

1425 2758 1565 2795 tinetur
1591 2759 1662 2795 sub
1701 2758 1824 2809 specie
1863 2760 2034 2795 humana
2061 2758 2132 2795 nisi
2161 2758 2206 2794 sit
2229 2757 2242 2780 δ
2270 2759 2484 2807 hypostasis

1426 2811 1619 2861 quaedam
1647 2812 1840 2848 humanae
1869 2811 2017 2860 speciei.
2054 2812 2154 2858 Ergo
2183 2811 2222 2847 in
2252 2811 2401 2848 Christo
2431 2819 2485 2849 est

1426 2864 1498 2902 alia
1517 2865 1730 2913 hypostasis
1758 2871 1906 2914 praeter
1925 2863 2161 2913 hypostasim
2180 2863 2296 2901 Verbi
2324 2864 2407 2901 Dei.
2437 2865 2485 2901 Et

1426 2917 1480 2954 sic
1507 2917 1611 2954 idem
1639 2917 1745 2966 quod
1773 2916 1890 2967 prius.

1480 2971 1553 3007 SED
1583 2981 1725 3006 CONTRA
1746 2981 1810 3006 EsT
1838 2969 1944 3019 quod
1970 2969 2234 3006 Damascenus
2262 2969 2360 3016 dicit,
2381 2969 2420 3007 in
2438 2970 2485 3008 III

1425 3022 1520 3059 libro
1539 3022 1574 3059 *z
1604 3024 1650 3058 In
1678 3023 1842 3058 Domino
1862 3027 1984 3058 nostro
2003 3023 2087 3058 Iesu
2111 3023 2253 3058 Christo
2273 3022 2365 3059 duas
2384 3028 2484 3059 natu-

1426 3088 1488 3112 ras
1515 3075 1783 3125 cognoscimus,
1804 3086 1918 3111 unam
1946 3080 2067 3111 autem
2096 3076 2332 3124 hypostasim.

1479 3129 1702 3164 RESPONDEO
1730 3138 1911 3164 mCENDUM
1939 3127 2047 3176 quod
2075 3127 2245 3176 quidam,
2270 3127 2486 3175 ignorantes

1427 3180 1692 3217 habitudinem
1720 3179 1934 3229 hypostasis
1962 3179 2010 3216 ad
2038 3192 2256 3228 personam,
2283 3180 2367 3217 licet
2395 3192 2485 3217 con-

1429 3233 1606 3270 cederent
1633 3232 1672 3269 in
1693 3232 1844 3271 Christo
1872 3244 1990 3269 unam
2021 3234 2142 3269 solam
2170 3245 2387 3282 personam,
2416 3245 2485 3281 po-

1430 3293 1587 3322 suerunt
1622 3293 1752 3322 tamen
1786 3285 1896 3322 aliam
1933 3285 2169 3335 hypostasim
2202 3285 2273 3322 Dei
2306 3293 2341 3322 et
2373 3285 2482 3322 aliam

1429 3338 1614 3375 hominis:
1645 3350 1690 3374 ac
1716 3337 1746 3374 si
1773 3338 1866 3375 unio
1896 3337 1941 3375 sit
1967 3338 2062 3375 facta
2089 3338 2128 3375 in
2151 3349 2326 3389 persona,
2347 3350 2427 3375 non
2446 3338 2486 3375 in

1478 3469 1505 3503 γ)
1526 3470 1630 3495 Intra...
1648 3469 1764 3495 excedit.
1782 3483 1801 3488 -
1820 3469 1897 3493 Intra
1922 3472 2036 3493 naturae
2061 3472 2169 3494 nostrae
2194 3468 2321 3493 terminos
2345 3468 2418 3493 venit
2441 3468 2488 3500 qui

1426 3512 1530 3530 omnem
1549 3505 1631 3531 totius
1650 3509 1764 3530 naturae
1782 3505 1902 3530 ordinem
1921 3504 2147 3536 supereminenter
2166 3504 2273 3530 excedit
2291 3504 2320 3529 P.

1480 3539 1505 3575 δ)
1525 3541 1568 3566 sit.
1582 3555 1602 3559 —
1619 3541 1688 3566 sicut
1706 3540 1781 3566 tertia
1799 3545 1900 3573 praeter
1920 3540 1952 3565 G.

2512 2455 2521 2464 ⁶
2537 2454 2583 2481 Qu.
2599 2459 2633 2480 ιιι,
2645 2457 2686 2475 art.
2697 2460 2718 2481 5:

2511 2486 2622 2535 {ig'gn'
2642 2484 2684 2502 art.
2697 2487 2721 2506 4,

2512 2611 2522 2620 ⁸
2536 2609 2560 2632 S.
2575 2609 2619 2631 Th.
2636 2610 2687 2631 lect.
2699 2615 2722 2630 ιι.

2610 2718 2625 2742 Υ

2610 2765 2624 2789 δ

2514 3029 2523 3038 ·
2534 3028 2569 3049 De
2582 3028 2639 3049 Fide
2655 3028 2723 3049 Orth.

2513 3055 2553 3076 lib.
2568 3054 2611 3081 111,
2627 3061 2676 3082 cap.
2694 3061 2725 3075 iv.
