2872 3970
78 863 91 887 2⁴-
117 867 219 892 ,nn-io.

941 310 1203 357 QUAESTIO
1231 312 1337 358 XIX,
1367 312 1659 351 ARTICULUS
1687 314 1732 350 ΙΙΙ

250 387 379 434 modi,
408 387 542 425 habuit
567 399 638 437 per
673 387 865 425 meritum.
905 389 953 424 Et
979 387 1034 425 sic
1068 396 1169 437 patet
1201 389 1306 438 quod

247 440 299 478 ali
326 440 394 478 uid
422 440 492 477 sibi
519 440 658 477 mereri
683 440 818 490 potuit.

248 500 250 502 '
387 502 522 531 PRIMUM
541 505 639 530 ERGO
675 504 856 531 mcENDUM
893 493 1000 542 quod
1030 493 1156 532 fruitio
1169 523 1177 539 ,
1207 506 1306 543 quae

249 547 306 582 est
331 544 437 582 actus
465 545 646 592 caritatis,
673 544 836 594 pertinet
863 545 912 582 ad
946 546 1105 594 gloriam
1142 546 1305 592 animae,

249 609 369 646 quam
398 597 572 635 Christus
599 610 679 634 non
707 598 857 635 meruit.
887 599 935 634 Et
963 598 1062 645 ideo,
1093 599 1123 636 si
1150 611 1220 648 per
1246 611 1306 635 ca-

249 649 396 687 ritatem
424 650 567 700 aliquid
595 650 746 695 meruit,
767 663 847 687 non
876 650 1048 699 sequitur
1068 652 1175 700 quod
1202 652 1306 688 idem

247 702 294 740 sit
320 702 501 740 meritum
529 710 565 740 et
591 703 820 752 praemium.
850 704 934 740 Nec
961 711 1090 741 tamen
1117 716 1187 753 per
1213 704 1305 741 cari-

246 762 363 792 tatem
390 755 530 792 meruit
548 756 779 804 inquantum
804 763 882 793 erat
901 756 1033 793 caritas
1053 757 1304 806 comprehen—

246 807 353 855 soris,
374 809 441 845 sed
460 808 691 858 inquantum
719 816 798 845 erat
816 809 990 846 viatoris:
1019 821 1112 846 nam
1137 810 1218 858 ipse
1237 809 1306 846 fuit

246 860 361 898 simul
387 860 511 898 viator
537 868 574 898 et
601 862 914 910 comprehensor,
943 869 986 898 ut
1018 874 1133 910 supra
1151 862 1171 884 ’¹‘
1198 862 1304 898 habi-

244 920 329 950 tum
357 921 422 950 est.
452 914 501 950 Et
525 913 625 960 ideo,
646 913 737 963 quia
755 925 860 951 nunc
878 926 959 951 non
986 922 1042 951 est
1068 914 1203 962 viator,
1224 927 1303 951 non

245 973 301 1003 est
327 965 367 1003 in
395 972 493 1003 statu
521 966 694 1004 merendi
713 966 743 1002 ²¹⁸.

297 1019 355 1056 Ao
373 1030 562 1057 SECUNDUM
580 1031 761 1057 mesanum
781 1019 888 1068 quod
908 1019 1072 1066 Christo,
1088 1020 1304 1056 secundum

244 1071 350 1120 quod
369 1079 426 1108 est
442 1071 550 1109 Deus
567 1079 606 1109 et
624 1072 696 1109 Dei
715 1071 833 1109 Filius
851 1084 921 1121 per
938 1079 1128 1118 naturam,
1144 1072 1304 1109 debetur

238 1124 362 1172 gloria
385 1124 519 1162 divina
540 1132 579 1162 et
601 1124 821 1162 dominium
849 1125 1028 1162 omnium
1053 1125 1150 1162 sicut
1175 1125 1302 1174 primo

238 1184 280 1214 et
297 1189 481 1226 supremo
500 1177 683 1215 Domino.
713 1177 975 1214 Nihilominus
994 1185 1124 1214 tamen
1141 1178 1304 1214 debetur

240 1229 278 1266 ei
295 1229 414 1278 gloria
439 1230 537 1268 sicut
555 1229 705 1268 homini
729 1230 859 1267 beato:
890 1242 1009 1279 quarn
1036 1238 1227 1279 quantum
1253 1231 1303 1267 ad

240 1281 387 1332 aliquid
404 1283 537 1325 debuit
559 1283 702 1320 habere
721 1283 802 1320 sine
822 1283 970 1328 merito,
991 1290 1028 1319 et
1045 1290 1236 1332 quantum
1255 1283 1304 1320 ad

242 1334 387 1385 aliquid
415 1347 506 1373 cum
529 1335 678 1383 merito,
698 1343 741 1373 ut
760 1348 806 1373 ex
825 1347 941 1385 supra
954 1335 974 1357 ²¹⁶
1000 1335 1109 1372 dictis
1135 1343 1248 1384 patet.

294 1458 321 1494 β)
341 1459 507 1486 martorum.
524 1473 545 1479 —
561 1459 632 1485 alias
649 1463 758 1485 actum
775 1466 870 1491 margo
889 1460 918 1486 P.

2337 315 2416 364 245

1414 391 1471 427 An
1498 403 1656 428 ’manum
1674 403 1854 429 montinum
1873 393 1980 441 quod
2008 393 2259 432 redundantia
2277 396 2417 444 gloriae

1361 454 1408 479 ex
1435 443 1564 480 anima
1583 444 1631 480 ad
1650 455 1790 493 corpus
1814 451 1869 481 est
1887 456 1934 481 ex
1952 444 2082 482 divina
2103 447 2340 485 ordinatione
2360 461 2417 486 se—

1361 495 1535 532 cundum
1554 496 1842 545 congruentiam
1861 498 2124 535 humanorum
2143 500 2369 538 meritorum
2383 501 2414 539 βπ

1361 555 1403 584 ut
1420 548 1570 594 scilicet,
1591 548 1687 585 sicut
1704 550 1825 586 homo
1845 557 2013 587 meretur
2031 563 2100 599 per
2118 559 2246 589 actum
2265 553 2416 591 animae

1361 612 1479 649 quem
1506 609 1653 638 exercet
1680 601 1719 638 in
1747 613 1919 650 corpore,
1940 602 1990 639 ita
2018 603 2131 640 etiam
2151 614 2418 644 remuneretur

1360 664 1429 701 per
1455 653 1615 701 gloriam
1634 653 1784 690 animae
1814 655 2094 692 redundantem
2120 657 2168 693 ad
2187 670 2337 707 corpus.
2368 660 2416 696 Et

1359 713 1516 754 propter
1542 707 1618 743 hoc
1636 718 1716 743 non
1744 708 1870 743 solum
1889 707 2006 755 gloria
2033 708 2195 755 animae,
2216 711 2282 746 sed
2302 711 2416 750 etiam

1359 757 1476 805 gloria
1495 758 1665 807 corporis
1684 759 1784 795 cadit
1805 759 1876 796 sub
1895 760 2049 797 merito:
2080 763 2295 799 secundum
2323 763 2415 801 illud

1358 812 1468 847 Rom.
1495 811 1607 847 V111*:
1646 813 1848 859 Vivificabit
1881 814 2053 850 mortalia
2081 827 2242 863 corpora
2271 822 2413 863 nostra,

1353 869 1509 912 propter
1544 865 1805 901 inhabitantem
1843 866 2017 914 Spiritum
2045 867 2121 903 eius
2148 869 2185 903 in
2215 870 2328 905 nohis.
2368 870 2416 905 Et

1359 915 1409 952 ita
1435 915 1560 964 potuit
1586 916 1720 953 cadere
1749 917 1821 955 sub
1849 917 1984 955 merito
2015 919 2162 956 Christi.

1412 969 1469 1004 AD
1507 980 1677 1010 QUARTUM
1713 982 1894 1007 n1CENDUM
1932 971 2038 1019 quod
2066 971 2314 1009 manifestatio
2353 986 2415 1010 ex-

1359 1020 1551 1057 cellentiae
1581 1021 1720 1058 Christi
1746 1022 1908 1071 pertinet
1936 1023 1984 1059 ad
2003 1023 2152 1060 bonum
2172 1025 2252 1062 eius
2281 1038 2415 1063 secun-

1356 1073 1455 1109 dum
1483 1085 1564 1109 esse
1582 1074 1691 1122 quod
1718 1075 1832 1111 habet
1859 1075 1899 1112 in
1917 1075 2048 1112 notitia
2066 1076 2249 1114 aliorum:
2279 1090 2415 1127 quam-

1357 1124 1416 1162 vis
1442 1125 1687 1174 principalius
1714 1127 1899 1175 pertineat
1926 1128 1974 1164 ad
2001 1128 2150 1165 bonum
2183 1142 2320 1167 eorum
2347 1131 2415 1180 qui

1358 1190 1451 1214 eum
1476 1186 1714 1226 cognoscunt
1741 1180 1956 1217 secundum
1980 1193 2061 1217 esse
2081 1182 2187 1230 quod
2214 1182 2357 1220 habent
2374 1183 2415 1221 in

1358 1230 1501 1279 seipsis
1541 1231 1618 1267 Sed
1653 1232 1728 1268 hoc
1762 1231 1890 1280 ipsum
1924 1233 2082 1270 refertur
2113 1234 2164 1270 ad
2200 1234 2413 1284 Christum,

1357 1282 1589 1332 inquantum
1617 1291 1706 1320 sunt
1734 1283 1816 1320 eius
1842 1285 2029 1322 membra.

915 1538 1251 1571 Commentario.
1273 1537 1524 1571 Cardinalis
1546 1538 1743 1572 Caietani

240 1628 409 1692 Τ-ιπισε
423 1619 527 1649 clarus
546 1624 601 1649 est.
618 1635 639 1642 ·
658 1618 695 1649 ln
710 1627 846 1659 corpore
867 1618 948 1648 duae
967 1623 1044 1648 sunt
1067 1618 1300 1648 conclusiones.

300 1663 407 1694 Prima
420 1668 484 1694 est:
511 1662 658 1694 Christus
679 1663 792 1693 habuit
811 1672 874 1703 per
894 1662 1043 1692 meritum
1066 1661 1220 1702 quidquid
1243 1662 1302 1692 alii

237 1707 356 1738 habent
377 1717 442 1748 per
463 1707 621 1743 merium,
646 1707 708 1738 nisi
728 1707 771 1738 sit
794 1707 858 1737 tale
878 1706 971 1737 cuius
997 1707 1145 1736 meritum
1167 1706 1303 1747 deroget

239 1751 394 1793 dignitati
407 1751 536 1782 Christi.
547 1769 571 1773 —
582 1750 730 1782 Secunda
745 1756 792 1781 est
807 1750 924 1781 directe
938 1750 1123 1790 responsiva
1138 1750 1299 1790 quaesito:

241 1795 390 1826 Christus
405 1795 516 1836 potuit
538 1795 662 1836 aliquid
683 1795 743 1825 sibi
765 1795 892 1825 mereri.

283 1839 390 1870 Prima
413 1838 579 1870 conclusio
602 1839 697 1869 habet
721 1838 798 1869 duas
821 1844 935 1879 partes.
960 1838 1001 1868 Et
1024 1837 1132 1878 quoad
1154 1837 1300 1877 primam,

238 1884 402 1923 probatur.
425 1883 552 1913 Habere
575 1883 707 1923 aliquod
725 1883 849 1913 bonum
864 1892 922 1922 per
937 1892 971 1912 se
985 1887 1033 1912 est
1047 1881 1187 1912 nobilius
1203 1890 1301 1921 quam

237 1927 356 1959 habere
377 1926 457 1958 illud
472 1936 530 1967 per
545 1927 652 1958 alium.
677 1926 740 1958 Sed
758 1927 874 1957 habere
890 1936 946 1967 per
961 1927 1128 1966 proprium
1150 1925 1301 1955 meritum

238 1972 416 2002 esthabere
438 1971 519 2002 iilud
539 1980 598 2011 per
620 1981 664 2001 se.
687 1971 773 2011 Ergo
796 1971 912 2001 habere
934 1980 992 2011 per
1013 1970 1164 2000 meritum
1180 1974 1226 1999 est
1241 1978 1301 1999 no-

238 2015 334 2046 bilius
350 2025 448 2056 quam
463 2016 531 2046 sine
546 2016 671 2046 merito.
691 2015 777 2055 Ergo
794 2014 939 2045 Christus
954 2015 1065 2044 habuit
1078 2023 1136 2054 per
1150 2012 1301 2043 meritum

238 2059 399 2100 quidquid
417 2059 469 2090 alii
486 2060 604 2090 habent
618 2069 676 2100 per
690 2059 850 2089 meritum.
866 2077 890 2081 —
905 2059 1008 2088 Maior
1029 2058 1191 2099 probatur.
1216 2056 1302 2094 Quia

238 2112 336 2134 causa
364 2112 422 2144 per
444 2113 477 2134 se
499 2103 608 2144 potior
637 2108 684 2134 est
707 2113 744 2134 ea
767 2112 849 2143 quae
877 2108 924 2133 est
945 2112 1003 2142 per
1031 2101 1126 2132 aliud.
1149 2120 1171 2124 —-
1194 2101 1301 2131 Minor

235 2148 409 2188 probatur,
433 2157 509 2178 sane
535 2153 643 2178 tamen
675 2148 835 2187 exposita,
860 2146 949 2187 quod
975 2146 1160 2186 intelligitur
1187 2154 1245 2185 per
1267 2155 1300 2175 se

237 2197 394 2232 tanquam
417 2201 555 2228 causam,
570 2201 640 2222 non
653 2192 797 2232 primam.
814 2191 903 2231 (quia
918 2190 971 2221 illa
988 2196 1033 2221 est
1049 2190 1146 2226 Deus,
1163 2195 1199 2220 ut
1214 2194 1301 2229 patet

236 2245 280 2267 ex
299 2236 486 2276 Apost010)‚
502 2235 559 2266 sed
580 2235 816 2266 secundariam:
838 2236 914 2275 quia
937 2240 983 2265 est
1006 2244 1074 2265 esse
1097 2234 1157 2264 Dei
1180 2243 1300 2274 coope-

238 2285 387 2311 ratorem.
414 2298 438 2303 —-
467 2279 708 2320 Consequentia
739 2285 846 2310 autem
878 2279 990 2310 ultima
1020 2278 1182 2319 probatur.
1216 2277 1301 2315 Quia

238 2324 346 2360 omnis
367 2323 522 2365 perfectio
546 2329 578 2354 et
599 2323 748 2355 nobilitas
772 2329 818 2354 est
836 2323 969 2354 'Christo
993 2321 1200 2353 attribuenda.

295 2367 414 2406 Quoad
437 2367 611 2399 secundam
632 2377 709 2399 vero
732 2373 865 2408 partem,
889 2368 1042 2408 probatur
1065 2366 1230 2397 conclusio
1254 2365 1301 2395 di-

237 2411 432 2452 stinguendo
454 2412 542 2443 bona
563 2413 597 2443 in
621 2412 687 2443 duo
711 2422 841 2452 genera:
867 2411 1024 2452 quaedam
1044 2419 1184 2451 quorum
1200 2419 1301 2450 quan-

237 2455 350 2497 doque
378 2456 521 2487 absentia
549 2457 704 2487 maiorem
734 2456 845 2487 adimit
873 2455 1104 2496 perfectionem
1134 2464 1232 2494 quam
1255 2454 1301 2484 di-

237 2501 343 2540 gnitas
372 2500 516 2532 merendi
545 2506 656 2541 ponat,
679 2506 716 2531 ut
737 2501 838 2541 gloria
867 2501 1001 2536 animae,
1030 2500 1170 2535 scientia,
1193 2498 1300 2539 gratia,

239 2545 321 2575 unio
336 2545 511 2584 personalis
526 2545 637 2582 Verbi;
662 2545 819 2585 quaedam
835 2554 975 2585 quorum
992 2554 1110 2574 coaeva
1125 2543 1302 2583 praesentia

240 2589 356 2620 melior
379 2594 426 2620 est
447 2589 581 2629 dignitas
610 2589 764 2626 merendi,
787 2595 823 2620 ut
845 2589 946 2629 gloria
968 2588 1121 2628 corporiS,
1146 2587 1300 2623 ascensio,

239 2633 413 2664 veneratio.
437 2633 545 2664 Stante
560 2633 719 2673 siquidem
735 2633 948 2669 distinctione,
964 2638 1050 2672 patet
1066 2631 1155 2672 quod
1170 2631 1303 2671 probata

239 2682 336 2708 restat
367 2677 582 2708 conclusionis
614 2677 755 2708 secunda
785 2687 856 2718 pars
887 2687 924 2707 ex
954 2677 1007 2707 illa
1035 2676 1155 2707 radice:
1191 2675 1302 2706 Omnis

233 2721 395 2762 perfectio
419 2726 451 2752 et
472 2722 622 2753 nobilitas
644 2721 848 2752 attribuenda
869 2726 917 2752 est
933 2721 1072 2751 Christo.
1095 2721 1181 2750 Hinc
1204 2720 1302 2759 siqui-

241 2764 316 2796 dem
338 2766 482 2806 sequitur
505 2772 536 2797 et
559 2766 648 2807 quod
671 2766 804 2806 dignitas
826 2766 931 2796 meriti
954 2764 1152 2796 attribuenda
1175 2770 1221 2794 est
1244 2764 1303 2794 sibi

239 2815 388 2850 respectu
417 2810 580 2841 bonoriim
609 2816 687 2841 tunc
713 2811 876 2840 minorum
906 2810 1057 2849 dignitate
1086 2808 1246 2839 merendi:
1272 2813 1303 2838 et

241 2853 342 2894 quod,
358 2860 506 2894 respectu
528 2855 688 2885 maiorum
710 2855 872 2884 bonorum
888 2859 966 2884 tunc
982 2853 1132 2894 dignitate
1148 2852 1301 2888 merendi,

237 2906 311 2930 non
324 2898 471 2930 hahuerit
491 2899 652 2930 meritum.
676 2897 907 2939 Specificantur
928 2903 1036 2928 autem
1051 2898 1085 2928 in
1100 2897 1203 2927 littera
1217 2902 1301 2926 utra-

239 2951 307 2983 que
322 2942 423 2972 bona:
449 2947 480 2973 et
494 2943 647 2983 probatur
663 2942 752 2982 quod
768 2942 925 2982 quaedam
941 2942 1070 2972 Chistus
1085 2942 1211 2977 meruit,
1228 2942 1303 2981 quia

241 2987 368 3019 annor-a
396 2992 471 3017 sunt
499 2996 599 3027 quam
630 2986 763 3026 dignitas
796 2985 954 3022 merendi,
984 2994 1068 3026 quae
1097 2986 1234 3025 pertinet
1264 2985 1303 3015 ad

239 3030 392 3062 virtutem
415 3031 560 3061 caritatis.

297 3074 446 3106 Secunda
468 3080 576 3105 autem
598 3074 776 3110 conclusio,
799 3074 983 3113 responsiva
1006 3073 1124 3103 directe
1147 3074 1302 3113 quaesito,

239 3127 311 3151 non
330 3119 422 3150 aliter
449 3119 619 3158 probatur3
648 3117 705 3148 sed
728 3128 766 3148 ex
788 3118 906 3158 prima,
930 3117 1062 3157 probata
1085 3122 1116 3147 et
1139 3117 1303 3156 explanata

239 3163 278 3195 in
295 3163 488 3203 specialibus
502 3162 598 3193 bonis
620 3167 704 3202 quae
723 3162 869 3193 Christus
891 3161 1018 3197 meruit,
1033 3161 1223 3200 relinquitur
1239 3161 1302 3191 evi-

238 3206 332 3239 dens.

298 3251 336 3283 31.
360 3250 499 3282 Adverte
514 3250 566 3281 hic
579 3249 682 3290 quod,
694 3250 768 3280 licet
782 3249 906 3279 Auctor
920 3248 1076 3288 potuisset
1091 3249 1188 3278 unico
1204 3248 1302 3278 verbo

242 3295 392 3335 expedire
414 3295 497 3325 hanc
521 3295 751 3334 quaestionem,
776 3291 912 3323 dicendo
940 3291 1039 3331 quod,
1062 3293 1226 3331 supposita
1249 3292 1302 3321 ab-

242 3339 343 3369 sentia
367 3338 575 3379 quorundum
593 3339 765 3373 bonorum,
783 3346 865 3376 quae
881 3335 919 3366 de
935 3335 1020 3366 facto
1040 3335 1100 3365 fuit
1114 3336 1147 3365 in
1163 3335 1301 3371 Christo,

243 3387 282 3412 ut
303 3387 399 3422 patet,
423 3382 463 3413 ad
485 3382 671 3422 dignitatem
700 3381 799 3421 ipsius
829 3385 949 3420 spectat
973 3378 1061 3419 quod
1083 3379 1228 3409 habuerit
1249 3379 1302 3408 illa

243 3434 302 3465 per
323 3426 490 3462 meritum,
521 3426 597 3466 quia
626 3425 715 3466 quod
745 3430 792 3454 est
818 3433 874 3464 per
897 3433 948 3459 se,
972 3423 1111 3453 nobilius
1135 3428 1182 3453 est
1205 3432 1301 3462 quam

246 3468 336 3509 quod
363 3479 420 3510 per
448 3469 550 3500 aliud:
575 3469 667 3500 altius
697 3475 804 3499 tamen
834 3468 956 3498 Auctor
987 3476 1093 3502 orsus,
1126 3472 1301 3496 monstrare

243 3512 348 3543 voluit
370 3522 467 3553 quare
490 3513 648 3554 quaedam
670 3513 777 3553 potuit
798 3512 911 3542 mereri
928 3510 1081 3546 Christus,
1099 3515 1130 3540 et
1146 3509 1301 3550 quaedam

244 3564 324 3586 non.
351 3556 392 3587 Et
414 3556 454 3588 ad
475 3558 539 3588 hoc
561 3556 814 3592 monstrandum,
839 3555 960 3595 accepit
989 3555 1063 3585 hinc
1090 3554 1225 3584 modum
1247 3554 1302 3584 ha-

243 3599 352 3636 bendi,
369 3599 488 3631 scilicet
501 3610 559 3641 per
574 3602 723 3632 meritum
739 3601 789 3630 vel
805 3601 872 3630 sine
887 3599 1019 3636 merito3
1045 3604 1075 3628 et
1089 3597 1163 3628 inde
1179 3598 1302 3628 bonum

1354 1617 1445 1658 quod
1467 1618 1575 1648 haberi
1599 1618 1708 1654 debet:
1732 1625 1764 1650 et
1779 1620 1930 1661 appendit
1952 1626 2124 1662 utrumque
2147 1623 2180 1653 in
2203 1628 2315 1654 statera
2337 1633 2413 1655 cum

1355 1663 1507 1702 opposito
1519 1662 1656 1693 alterius.
1669 1663 1780 1694 Posuit
1795 1665 1881 1694 enim
1897 1665 1930 1695 in
1941 1675 2005 1695 una
2020 1672 2109 1705 parte
2123 1667 2259 1697 modum
2274 1667 2413 1698 habendi

1354 1715 1411 1745 per
1433 1707 1592 1742 meritum,
1618 1716 1692 1737 cum
1715 1708 1856 1738 absentia
1879 1709 2074 1750 quandoque
2097 1711 2190 1741 boni:
2216 1716 2247 1741 et
2268 1712 2302 1741 in
2317 1712 2413 1742 altera

1354 1754 1453 1789 parte,
1478 1759 1630 1780 coaevam
1658 1752 1868 1791 praesentiam
1895 1753 1989 1789 boni,
2015 1763 2089 1784 cum
2118 1754 2325 1785 non-merito.
2354 1754 2411 1792 Et,

1354 1793 1498 1823 librando
1523 1800 1647 1836 cuncta,
1665 1796 1740 1834 quia
1754 1795 1874 1826 invenit
1889 1796 2024 1826 modum
2040 1798 2176 1828 habendi
2191 1793 2248 1838 pe'r
2263 1800 2413 1830 meritum

1355 1846 1431 1867 cum
1453 1837 1593 1867 absentia
1621 1839 1813 1869 exteriorum
1840 1840 2011 1876 bonorum,
2035 1841 2201 1871 meliorem
2225 1851 2292 1872 esse
2316 1852 2413 1882 quam

1354 1881 1564 1920 praesentiam
1594 1882 1771 1912 eorundem
1800 1883 1868 1913 sine
1897 1885 2022 1920 merito,
2046 1885 2202 1915 conclusit
2227 1887 2262 1916 in
2285 1886 2412 1917 Christo

1355 1924 1451 1954 fuisse
1481 1926 1631 1956 meritum
1661 1932 1807 1966 respectu
1840 1929 2031 1958 exteriorum
2061 1929 2231 1960 bonorum.
2267 1931 2308 1960 Et
2329 1930 2414 1970 *quia

1354 1969 1476 1998 invenit
1497 1970 1709 2009 praesentiam
1731 1971 1918 2001 interiorum
1941 1972 2103 2003 bonorum
2126 1983 2200 2003 cum
2216 1976 2412 2005 non-merito

1355 2022 1486 2048 eorum,
1510 2012 1677 2044 meliorem
1706 2013 1775 2045 fore
1805 2024 1902 2055 quam
1931 2017 2080 2047 meritum
2110 2017 2300 2054 eorundem,
2325 2018 2414 2058 quod

1355 2056 1532 2086 eorundem
1555 2063 1683 2097 oportet
1705 2059 1820 2089 habere
1843 2060 2027 2097 absentiam,
2048 2062 2206 2092 conclusit
2227 2063 2261 2092 in
2285 2062 2412 2093 Christo

1354 2101 1503 2130 interiora
1518 2101 1604 2131 bona
1619 2100 1716 2132 fuisse
1728 2103 1798 2133 sine
1812 2104 1938 2134 merito.
1958 2104 2020 2134 Hic
2035 2114 2203 2145 processus
2220 2111 2266 2136 est
2281 2107 2412 2143 litterae,

1354 2150 1391 2174 ut
1413 2149 1509 2184 patet.

1410 2188 1461 2218 111.
1486 2187 1549 2219 Sed
1571 2194 1713 2220 remanet
1735 2190 1788 2220 hic
1810 2190 1944 2222 dubium
1968 2193 2050 2222 circa
2075 2194 2232 2224 rationem
2255 2195 2289 2224 in
2311 2195 2413 2225 littera

1354 2232 1508 2263 redditam
1525 2242 1621 2272 quare
1634 2233 1777 2264 Christus
1792 2236 1908 2265 meruit
1923 2237 2077 2267 exteriora
2092 2238 2189 2268 bona:
2204 2239 2279 2278 quia
2293 2239 2413 2269 scilicet

1355 2276 1488 2316 dignitas
1511 2277 1655 2308 merendi
1677 2283 1797 2317 spectat
1818 2278 1858 2308 ad
1873 2279 2044 2316 caritatem,
2061 2291 2098 2311 ac
2112 2291 2170 2322 per
2191 2283 2254 2312 hoc
2277 2288 2413 2322 praestat

1356 2320 1548 2351 exteriorum
1570 2321 1731 2352 bonorum
1753 2324 1947 2362 praesentiae
1966 2333 2111 2355 coaevae.
2135 2325 2218 2355 Nam
2234 2326 2412 2357 secundum

1354 2366 1437 2395 hanc
1468 2365 1640 2402 rationem,
1672 2365 1815 2397 Christus
1848 2368 1942 2397 etiam
1972 2369 2090 2398 meruit
2120 2370 2302 2400 scientiam:
2335 2371 2412 2410 quia

1355 2408 1486 2440 scientia
1517 2408 1648 2440 inferior
1678 2415 1726 2440 est
1756 2412 1898 2447 caritate,
1929 2411 1968 2442 ad
1998 2421 2094 2452 quarn
2126 2418 2246 2453 spectat
2277 2413 2410 2453 dignitas

1354 2455 1468 2489 men‘ti.
1500 2458 1535 2488 In
1558 2457 1658 2487 littera
1693 2461 1801 2486 autem
1829 2461 2034 2495 computatur
2063 2457 2193 2487 scientia
2213 2458 2296 2487 inter
2325 2458 2411 2487 bona

1355 2509 1422 2529 non
1450 2503 1508 2533 sub
1538 2501 1652 2532 merito
1681 2500 1807 2536 Christi,
1832 2500 1907 2539 quia
1936 2499 2099 2540 derogaret
2129 2500 2270 2540 dignitati
2294 2500 2411 2532 Christi

1355 2543 1428 2583 plus
1450 2546 1623 2577 nescientia
1651 2543 1846 2584 quandoque
1869 2553 1966 2583 quam
1995 2545 2226 2575 non-meritum
2250 2545 2408 2575 scientiae.

1411 2590 1462 2621 Ad
1484 2591 1547 2621 hoc
1571 2589 1684 2619 dicitur
1707 2587 1796 2628 quod
1819 2588 1958 2624 seientia,
1974 2593 2039 2618 tam
2061 2588 2152 2618 beata
2175 2598 2271 2628 quam
2294 2587 2408 2624 infusa,

1357 2641 1438 2671 quae
1462 2635 1495 2664 in
1519 2634 1645 2665 Christo
1676 2632 1851 2662 excluditur
1874 2642 1892 2662 a
1913 2633 2038 2668 merito,
2063 2631 2217 2662 clauditur
2239 2631 2319 2662 infra
2341 2633 2410 2662 lati-

1355 2678 1500 2709 tudinem
1523 2678 1648 2718 gratiae.
1672 2677 1713 2706 Et
1736 2676 1775 2707 de
1794 2677 1884 2706 beata
1905 2682 2001 2716 patet.
2025 2676 2073 2706 De
2091 2675 2195 2706 infusa
2217 2681 2323 2706 autem
2338 2686 2409 2716 per-

1356 2722 1520 2758 suadetur,
1546 2732 1583 2752 ex
1606 2731 1645 2752 eo
1669 2720 1758 2760 quod
1788 2719 2028 2760 comprehendit
2051 2721 2083 2750 in
2106 2730 2139 2750 se
2162 2719 2247 2750 dona
2276 2720 2409 2759 Spiritus

1356 2766 1478 2803 Sancti,
1502 2767 1715 2801 intellectum,
1739 2765 1939 2804 sapientiam,
1963 2764 2140 2800 scientiam,
2165 2769 2195 2793 et
2223 2764 2408 2801 consimilia,

1355 2815 1392 2840 ut
1413 2816 1499 2850 patet
1522 2820 1560 2840 ex
1583 2810 1737 2849 superiori
1760 2813 1892 2838 tractatu
1915 2807 1954 2838 de
1977 2808 2106 2837 scientia
2127 2806 2230 2837 infusa
2254 2807 2370 2838 Christi
2381 2809 2407 2838 ³.

1357 2854 1482 2885 Gratiae
1498 2859 1605 2884 autem
1620 2852 1824 2893 plenitudinis
1840 2851 1981 2882 defectus
1996 2852 2028 2881 in
2041 2851 2167 2881 Christo
2183 2851 2337 2881 maiorem
2348 2852 2409 2882 tol-

1355 2899 1433 2929 leret
1447 2909 1466 2928 a
1482 2898 1609 2929 Christo
1628 2896 1857 2937 perfectionem
1881 2904 1978 2934 quam
1993 2900 2127 2934 poneret
2141 2894 2257 2925 modus
2272 2895 2410 2926 habendi

1357 2952 1394 2972 ex
1416 2943 1541 2972 merito.
1566 2942 1606 2971 Et
1628 2945 1795 2980 propterea
1816 2939 1896 2968 ratio
1918 2938 2037 2968 litterae
2060 2943 2119 2968 stat
2140 2938 2241 2968 solida
2261 2945 2409 2979 respectu

1356 2987 1548 3016 exteriorum
1570 2986 1741 3019 bonorum,
1760 2992 1821 3013 nec
1843 2983 1938 3012 habet
1959 2982 2069 3012 locum
2090 2987 2237 3022 respectu
2257 2983 2408 3014 scientiae

1355 3029 1524 3104 qussreln
1541 3072 1748 3112 responsione
1765 3070 1804 3100 ad
1819 3070 1947 3100 tertium
1969 3069 2112 3099 eiusdem
2135 3070 2266 3106 articuli,
2282 3069 2409 3101 adverte

1356 3118 1598 3157 responsionem
1618 3115 1792 3146 consistere
1809 3115 1844 3144 in
1859 3113 2059 3143 distinctione
2082 3113 2210 3143 maioris
2233 3115 2409 3154 argumenti

1356 3161 1518 3200 assumpti,
1535 3159 1663 3194 scilicet,
1682 3158 1804 3188 Habito
1822 3157 2008 3197 principali,
2025 3158 2237 3188 accessorium
2253 3167 2317 3188 non
2328 3168 2409 3198 pro-

1350 3205 1424 3245 prie
1447 3203 1533 3234 cadit
1553 3203 1611 3233 sub
1633 3202 1757 3232 merito.
1781 3201 1992 3241 Distinguitur
2014 3201 2100 3231 enim
2122 3202 2334 3232 accessorium
2348 3201 2408 3232 du-

1356 3249 1494 3288 pliciter:
1518 3247 1569 3277 vel
1583 3246 1744 3282 absolute3
1768 3245 1818 3276 vel
1833 3244 2011 3276 secundum
2034 3245 2274 3285 congruentiam
2296 3246 2408 3276 huma-

2442 821 2454 833 ·
2469 822 2533 844 Vera.
2550 830 2584 846 ιι.

2436 2808 2447 2819 ’
2461 2807 2509 2835 Qu·
2522 2810 2555 2834 xl,
2569 2812 2610 2831 ιη.
2627 2816 2649 2832 ¹.

1355 3301 1472 3322 norum
1504 3291 1700 3320 meritorum.
1735 3290 1784 3320 De
1816 3290 1937 3330 primo,
1968 3295 2103 3319 transeat
2133 3290 2252 3319 maior:
2285 3289 2340 3320 sed
2368 3289 2409 3320 de
2457 3325 2459 3327 ι

1356 3334 1507 3370 secundo,
1531 3339 1673 3374 negatur.
1706 3333 1815 3364 Gloria
1844 3339 1950 3363 autem
1981 3333 2122 3373 corporis
2146 3338 2192 3363 est
2214 3332 2253 3363 ad
2275 3333 2409 3372 gloriam

1356 3380 1478 3409 animae
1511 3378 1683 3408 accessoria
1715 3377 1891 3407 secundum
1923 3377 2162 3416 congruentiam
2194 3377 2409 3407 humanorum

1355 3423 1552 3458 meritorum,
1566 3431 1603 3452 ex
1615 3421 1720 3452 divina
1736 3421 1944 3451 ordinatione.
1957 3421 1997 3451 Et
2009 3420 2081 3451 ideo
2097 3421 2155 3450 sub
2168 3421 2281 3450 merito
2298 3420 2409 3451 cadere

1354 3471 1470 3507 potest.

1409 3511 1448 3540 V.
1472 3510 1508 3540 In
1523 3509 1731 3550 responsione
1748 3509 1787 3539 ad
1803 3514 1960 3549 quartum,
1978 3508 2090 3547 collige
2106 3507 2248 3538 debitum
2263 3513 2409 3538 nostrum

1357 3564 1429 3594 erga
1445 3553 1616 3584 Christum.
1640 3553 1722 3584 Nam
1738 3554 1764 3583 si
1778 3554 1960 3593 parentibus
1984 3558 2015 3582 et
2037 3551 2290 3582 benefactoribus
2314 3551 2408 3582 debe-

1356 3608 1438 3635 mus,
1459 3597 1636 3628 secundum
1660 3607 1726 3628 esse
1749 3596 1838 3637 quod
1861 3597 1977 3627 habent
1999 3596 2032 3626 in
2055 3596 2157 3632 nobis,
2175 3601 2206 3626 et
2221 3596 2408 3635 opinionem
