2872 3970
947 272 1209 319 QUAESTIO
1238 277 1375 326 XXVI,
1411 280 1700 320 ARTICULUS
1729 284 1743 320 1

2351 287 2426 324 285

770 516 1178 591 QUAESTIO
1216 519 1903 585 VIGESIMASEXTA

340 630 424 672 DE
456 631 582 672 Hoc
617 631 789 684 QUOD
824 634 1123 678 CHRISTUS
1157 639 1404 682 DICITUR
1437 643 1758 685 MEDIATOR
1791 647 1893 687 DE1
1927 648 2004 688 ET
2038 650 2327 693 HOMINUM

1069 751 1105 776 IN
1131 752 1224 777 DUOS
1252 753 1451 780 ARTICULOS
1478 757 1590 782 DIVISA

327 862 432 889 EINDE
457 850 782 889 considerandum
808 861 863 890 est
891 854 938 891 de
964 856 1040 892 hoc
1067 857 1173 905 quod
1200 856 1307 895 Chri-

326 937 404 967 stus
432 930 569 968 dicitur
595 931 783 968 madiator
810 932 882 969 Dei
910 941 946 970 et
972 934 1178 972 hominum
1196 936 1227 973 ³¹⁵.

243 1007 292 1044 Et
317 1007 417 1044 circa
444 1008 520 1044 hoc
547 1017 786 1057 quaeruntur
812 1010 904 1047 duo.

1414 858 1565 896 Primo:
1597 868 1727 898 utrum
1755 874 1835 899 esse
1864 863 2114 902 mediatorem
2142 866 2213 903 Dei
2232 875 2268 904 et
2290 868 2416 906 homi·

1466 923 1563 948 num
1592 912 1637 949 sit
1663 914 1865 963 proprium
1894 916 2055 953 Christo.

1414 963 1613 1001 Secundo:
1648 973 1778 1003 utrum
1806 968 1881 1004 hoc
1908 969 2111 1006 conveniat
2138 971 2172 1007 ei
2200 974 2413 1011 secundum

1465 1017 1679 1058 humanam
1707 1027 1893 1056 naturam.

1050 1136 1367 1178 ARTICULUS
1399 1138 1602 1181 PRIMUS

548 1232 705 1263 UTRUM
728 1233 830 1264 ESSE
854 1234 1147 1266 MEDlAToREM
1171 1236 1243 1266 DE1
1267 1237 1324 1267 ET
1348 1238 1558 1270 HOMINUM
1583 1240 1648 1270 SIT
1672 1241 1891 1273 PROPRIUM
1915 1243 2102 1275 cnmsro

432 1320 464 1345 111
483 1320 566 1348 Sent„
585 1320 646 1345 dist.
663 1328 712 1351 xxx,
732 1325 779 1346 art.
800 1320 822 1350 5,
842 1321 890 1354 qu⁸
911 1321 940 1352 3;
959 1322 1018 1348 dist.
1036 1330 1122 1363 ¹¹⁶¹s¹¹¹¹
1143 1331 1187 1356 qu.
1205 1332 1222 1353 ι,
1241 1329 1288 1349 art.
1309 1332 1338 1355 2;
1357 1325 1402 1350 Aa
1422 1327 1520 1356 Galat„
1541 1335 1595 1359 cap.
1613 1335 1651 1357 m,
1671 1328 1728 1353 lect.
1747 1336 1796 1359 v11;
1817 1329 1825 1353 1
1844 1330 1880 1354 ad
1902 1330 1982 1360 Tim„
2003 1339 2058 1364 cap.
2077 1339 2103 1362 11,
2123 1334 2180 1359 lect.
2198 1341 2217 1359 1.

273 1424 279 1442 ,l
290 1439 296 1444 .
307 1436 313 1439 e
327 1440 329 1442 ,

239 1456 241 1459 ’
270 1443 427 1519 *²250
449 1472 530 1497 esse
557 1460 810 1498 mediatorem
829 1462 900 1498 Dei
929 1470 965 1499 et
990 1463 1197 1501 hominum
1216 1477 1296 1501 non

256 1512 372 1563 ,Ῑῖρνς
391 1506 415 1552 ’ὃ
430 1510 434 1514 “
447 1513 494 1550 sit
528 1513 731 1562 proprium
769 1514 932 1552 Christo.
972 1516 1159 1553 Sacerdos
1192 1517 1296 1554 enim

245 1550 388 1599 14ίὲῥῖ
404 1558 434 1599 K
448 1573 484 1602 et
501 1567 690 1615 propheta
710 1571 726 1587 ‘²
754 1566 906 1604 videtur
933 1580 1014 1604 esse
1034 1569 1222 1606 mediator
1239 1570 1295 1607 in-

235 1624 293 1654 ter
310 1617 440 1654 Deum
459 1625 495 1655 et
513 1618 708 1655 homines:
739 1620 955 1657 secundum
974 1620 1068 1658 illud
1086 1623 1194 1658 Deut.
1214 1635 1238 1659 v
1257 1623 1293 1659 *ε

235 1671 320 1720 Ego
339 1670 402 1707 illo
427 1677 592 1721 tempore
610 1678 793 1721 sequester
810 1679 844 1709 et
862 1674 1003 1710 medius
1017 1675 1085 1721 fui
1110 1676 1205 1711 inter
1230 1688 1296 1712 uos

235 1727 269 1759 et
285 1723 419 1759 Deum.
449 1724 525 1761 Sed
544 1736 626 1761 esse
653 1725 884 1773 prophetam
904 1733 940 1762 et
958 1727 1195 1764 sacerdotem
1214 1740 1295 1764 non

235 1782 291 1812 est
316 1775 519 1825 proprium
549 1777 712 1814 Christo.
743 1778 844 1826 Ergo
873 1790 945 1816 nec
964 1778 1078 1816 etiam
1107 1791 1188 1816 esse
1216 1792 1294 1817 me-

234 1827 432 1866 diatorem.

288 1891 323 1917 2.
353 1881 583 1929 PRAETEREA‚
604 1882 698 1920 illud
726 1883 832 1932 quod
859 1883 1038 1920 convenit
1065 1885 1206 1933 angelis
1225 1885 1292 1922 bo—

233 1932 292 1970 nis
311 1940 347 1970 et
365 1933 486 1981 malis,
507 1947 588 1972 non
606 1943 731 1985 potest
757 1936 832 1973 dici
851 1949 932 1973 esse
961 1937 1163 1986 proprium
1184 1938 1292 1975 Chri-

233 1993 302 2023 sto.
333 1986 410 2025 Sed
438 1999 520 2024 esse
555 1988 730 2025 medium
758 1988 855 2026 inter
889 1990 1015 2027 Deum
1047 1997 1083 2026 et
1114 1990 1292 2027 homines

231 2035 412 2076 convenit
430 2040 571 2088 angelis
590 2041 720 2079 bonis:
747 2049 790 2078 ut
808 2041 897 2078 dicit
913 2042 1133 2092 Dionysius,
1154 2055 1188 2080 1v
1207 2055 1289 2092 cap.

38 2081 49 2132 .³
99 2099 207 2136 Ἥ
229 2091 387 2129 δεΒίν.
415 2093 530 2130 Nom.
557 2093 579 2116 ’Β
614 2094 806 2131 Convenit
839 2094 953 2131 etiam
989 2095 1130 2143 angelis
1162 2096 1289 2141 malis,

231 2144 327 2183 idest
354 2144 626 2183 daemonibus:
656 2147 799 2183 habent
826 2146 929 2183 enim
965 2148 1157 2196 quaedam
1185 2160 1290 2185 com-

192 2237 194 2240 ,
230 2196 365 2238 munia
392 2209 483 2236 cum
511 2199 613 2246 Deo,
643 2199 782 2237 scilicet
816 2201 1146 2244 immortalitatem‚·
1173 2213 1289 2250 quae-

89 2266 94 2273 *
119 2249 127 2269 ““
145 2242 174 2257 ”
230 2250 321 2288 dam
339 2257 470 2288 autem
498 2252 641 2289 habent
660 2251 884 2289 communia
903 2251 918 2282 β
944 2265 1035 2290 cum
1054 2252 1288 2301 hominibus,

230 2302 368 2342 scilicet
402 2304 509 2354 quod
538 2312 626 2342 sunt
659 2307 787 2342 animo
808 2306 967 2354 passivi,
997 2313 1033 2342 et
1059 2317 1129 2354 per
1156 2318 1288 2343 conse-

229 2367 352 2407 quens
371 2358 499 2395 miseri
502 2370 516 2402 ;
539 2365 583 2394 ut
600 2365 703 2407 patet
721 2369 791 2406 per
809 2358 1079 2406 Augusfinum,
1095 2358 1135 2395 in
1154 2358 1216 2395 lib.
1237 2360 1289 2396 IX

138 2428 148 2442 ι
196 2430 201 2436 ·
228 2408 274 2446 de
303 2410 381 2448 Civ.
401 2411 475 2447 Dei
490 2409 521 2446 ²¹².
551 2410 653 2458 Ergo
682 2422 764 2447 esse
784 2410 1036 2447 mediatorem
1064 2410 1135 2447 Dei
1156 2418 1191 2447 et
1218 2412 1287 2448 ho-

226 2461 380 2500 minum
407 2474 488 2500 non
517 2470 572 2500 est
598 2462 801 2512 proprium
831 2462 993 2500 Christo.

283 2514 317 2551 3.
346 2516 576 2563 PRAETEREA,
603 2516 652 2552 ad
681 2515 853 2552 officium
880 2515 1100 2553 mediatoris
1127 2517 1288 2565 pertinet

227 2565 462 2617 interpellare
491 2568 539 2605 ad
564 2580 690 2606 unum
719 2580 855 2605 eorum
883 2568 980 2606 inter
998 2581 1096 2618 quos
1125 2577 1180 2606 est
1206 2581 1287 2606 me-

226 2618 360 2668 diator,
379 2632 451 2671 pro
479 2622 607 2658 altero.
639 2621 715 2658 Sed
743 2623 897 2671 Spiritus
922 2623 1087 2668 Sanctus,
1108 2621 1204 2658 sicut
1231 2622 1286 2659 di-

227 2671 322 2710 citur
347 2674 458 2711 Rom.
478 2685 536 2711 vm
558 2673 592 2721 ⁵¹²,
621 2674 826 2723 interpellat
853 2687 928 2723 pro
957 2676 1060 2712 nobis
1088 2675 1139 2711 ad
1163 2676 1285 2712 Deum

225 2727 419 2775 gemitibus
445 2727 765 2764 inenarrabilibus.
799 2727 900 2775 Ergo
931 2726 1091 2776 Spiritus
1125 2727 1286 2764 Sanctus

227 2785 282 2814 est
307 2779 495 2816 mediator
521 2778 618 2816 inter
645 2779 774 2816 Deum
793 2786 830 2816 et
856 2779 1045 2816 homines
1075 2780 1176 2828 Ergo
1205 2792 1285 2817 non

226 2837 282 2868 est
307 2831 509 2881 proprium
539 2831 700 2868 Christo.

279 2883 352 2921 SED
381 2896 525 2921 CONTRA
543 2896 608 2921 EST
636 2884 743 2933 quod
762 2883 899 2920 dicitur
925 2885 940 2920 I
963 2886 1056 2921 Tim.
1079 2897 1100 2921 11
1119 2885 1152 2921 *:
1183 2887 1285 2922 Unus

225 2941 276 2974 est
293 2936 474 2974 mediator
491 2937 565 2973 Dei
581 2942 615 2973 et
632 2938 836 2982 hominum,
851 2937 963 2973 homo
986 2938 1150 2975 Christus
1167 2939 1281 2975 Iesus.

277 2989 501 3026 Respommo
529 3000 710 3026 DICENDUM
729 2989 836 3037 quod
864 2988 1083 3026 mediatoris
1111 2989 1283 3027 officium

222 3041 378 3091 proprie
406 3048 462 3079 est
488 3041 719 3089 coniungere
738 3046 753 3069 Υ
782 3053 848 3078 eos
876 3041 972 3078 inter
997 3054 1095 3091 quos
1124 3050 1178 3078 est
1206 3055 1282 3079 me-

225 3092 365 3141 diator:
395 3106 485 3130 nam
516 3101 684 3131 extrema
711 3092 897 3131 uniuntur
923 3093 963 3130 in
990 3093 1130 3131 medio.
1165 3095 1282 3131 Unire

218 3147 354 3184 *autem
381 3145 559 3183 homines
587 3146 671 3182 Deo
695 3145 896 3195 perfective
915 3143 928 3167 δ
956 3146 1115 3195 quidem
1142 3159 1281 3184 conve-

203 3197 278 3243 ‚nit
306 3197 478 3246 Christo,
505 3210 574 3248 per
602 3210 720 3247 quem
755 3197 933 3235 homines
961 3198 1251 3236 reconciliantur
1269 3204 1281 3221 ⁸

224 3249 328 3288 Deo:
358 3251 574 3289 secundum
609 3250 702 3287 illud
729 3251 759 3286 Π
782 3251 868 3287 Cor.
888 3263 912 3286 v
937 3250 976 3286 *τ
1007 3251 1109 3287 Deus
1135 3257 1215 3288 erat
1242 3253 1279 3288 in

274 3378 302 3415 ι)
321 3379 452 3407 Sacerdos
471 3380 549 3406 onim.
566 3394 586 3399 —
603 3380 680 3406 Sicut
703 3379 827 3406 sacerdos
844 3380 914 3405 enim
932 3378 1013 3412 (enim
1031 3380 1156 3406 sacerdos
1174 3379 1220 3414 Pe)
1241 3380 1278 3405 ita

222 3413 408 3489 edi-tgnzitem
427 3450 524 3476 habent
541 3451 700 3476 communia.
717 3463 738 3470 -ο
754 3450 815 3475 Om.
834 3450 916 3476 tertia.
934 3463 954 3468 -
971 3450 1043 3482 quod
1061 3450 1133 3475 tertia
1151 3449 1226 3483 (quot
1244 3450 1277 3483 1);

221 3490 300 3553 φηῆν.)
319 3519 498 3546 mediatoris...
516 3521 684 3554 coniungere.
697 3535 716 3539 -
728 3520 765 3545 ad
783 3520 938 3545 mediatoris
957 3520 1071 3554 officium
1086 3520 1199 3553 proprie
1213 3527 1277 3552 per-

222 3552 287 3578 tinet
305 3554 465 3588 com'ungere
482 3559 509 3580 et
527 3556 603 3580 unire
621 3557 701 3581 tertia.

325 1426 329 1435 ι
352 1426 423 1450 „A
447 1420 470 1445 D
496 1420 632 1445 Panium
657 1420 710 1445 stc
738 1420 974 1447 PROCEDHUR.
1001 1410 1162 1448 Videtur
1190 1411 1296 1461 quod
1355 1414 1498 1451 Christo
1526 1416 1706 1452 mundum
1735 1418 1977 1455 reconcilians
2003 1421 2080 1456 sibi.
2115 1421 2164 1457 Et
2189 1420 2276 1459 ideo
2305 1424 2408 1461 solus

1352 1466 1524 1503 Christus
1552 1476 1607 1504 est
1640 1469 1826 1517 perfectus
1858 1470 1929 1507 Dei
1957 1479 1993 1507 et
2024 1472 2230 1510 hominum
2264 1475 2406 1513 media-

1349 1526 1410 1555 tor
1427 1519 1463 1566 *,
1491 1519 1721 1568 inquantum
1748 1534 1818 1570 per
1844 1534 1955 1560 suam
1989 1532 2154 1562 mortem
2188 1527 2406 1566 humanum

1348 1582 1469 1619 genus
1497 1573 1582 1609 Deo
1617 1574 1882 1611 reconciliavit.
1926 1576 2053 1623 Unde,
2081 1589 2171 1614 cum
2199 1580 2405 1628 Apostolus

1348 1623 1511 1669 dixisset,
1530 1626 1721 1663 Mediator
1738 1628 1811 1663 Dei
1836 1633 1869 1663 et
1891 1629 2082 1666 hominum
2109 1631 2220 1668 homo
2243 1634 2406 1670 Christus

1347 1678 1462 1723 Iesus,
1490 1677 1684 1714 subiunxit
1702 1678 1738 1715 *2
1779 1681 1853 1722 Qui
1878 1680 1973 1717 dedit
2005 1684 2235 1732 semetipsum
2263 1686 2404 1722 redem-

1341 1731 1508 1778 ptionem
1531 1743 1606 1779 pro
1634 1733 1813 1768 omnibus.

1401 1781 1506 1818 Nihil
1533 1786 1662 1819 tamen
1689 1783 1866 1831 prohibet
1894 1785 2041 1833 aliquos
2070 1786 2162 1823 alios
2190 1790 2403 1826 secundum

1348 1834 1440 1882 quid
1469 1834 1543 1871 dici
1571 1835 1799 1872 mediatores
1836 1836 1932 1874 inter
1959 1838 2087 1874 Deum
2115 1847 2151 1875 et
2184 1841 2401 1879 hominem:

1347 1893 1462 1934 prout
1481 1886 1618 1924 scilicet
1646 1896 1901 1936 cooperantur
1919 1890 1968 1926 ad
1994 1890 2179 1928 unionem
2198 1893 2403 1931 hominum

1347 1951 1438 1975 cum
1466 1940 1550 1976 Deo
1579 1940 1799 1988 dispositive
1818 1943 1879 1978 vel
1907 1942 2205 1980 ministerialiter.

1399 1993 1456 2028 AD
1485 2004 1619 2029 PmMUM
1656 2005 1753 2030 ERGO
1782 2006 1961 2031 DICENDUM
1996 1996 2102 2044 quod
2130 1998 2339 2046 prophetae
2367 2007 2403 2036 et

1347 2045 1560 2081 sacerdotes
1585 2045 1722 2081 veteris
1750 2045 1839 2094 legis
1865 2047 1954 2083 dicti
1980 2055 2067 2084 sunt
2094 2049 2322 2087 mediatores
2349 2049 2402 2088 in-

1345 2103 1401 2133 ter
1434 2097 1564 2133 Deum
1592 2105 1628 2133 et
1655 2097 1832 2134 homines
1870 2099 2089 2148 dispositive
2118 2109 2153 2137 et
2180 2102 2400 2141 ministeria-

1344 2149 1443 2185 liter:
1472 2149 1703 2198 inquantum
1731 2150 1869 2187 scilicet
1886 2153 2204 2200 praenuntiabant
2231 2162 2267 2191 et
2292 2167 2400 2204 prae-

1343 2200 1559 2249 figurabant
1576 2214 1714 2238 verum
1742 2210 1778 2239 et
1802 2203 2012 2251 perfectum
2040 2204 2112 2241 Dei
2131 2213 2167 2242 et
2194 2207 2399 2246 hominum

1343 2254 1605 2291 mediatorem.
1626 2277 1651 2281 —
1681 2255 1903 2292 Sacerdotes
1928 2268 2021 2293 vero
2047 2269 2172 2294 novae
2195 2259 2285 2307 legis
2310 2272 2398 2309 pos—

1344 2315 1432 2343 sunt
1455 2306 1528 2343 dici
1547 2306 1776 2344 mediatores
1795 2307 1866 2344 Dei
1886 2316 1923 2344 et
1941 2308 2147 2346 hominum
2168 2310 2395 2360 inquantum

1343 2367 1432 2396 sunt
1450 2358 1611 2396 ministri
1629 2359 1709 2396 veri
1732 2359 1960 2407 mediatoris,
1980 2361 2063 2398 vice
2083 2361 2201 2411 ipsius
2221 2364 2395 2403 salutaria

1343 2420 1579 2450 sacramenta
1606 2412 1828 2449 hominibus
1856 2413 2086 2450 exhibentes

1395 2466 1452 2501 AD
1489 2477 1676 2502 SECUNDUM
1712 2477 1892 2502 DICENDUM
1928 2466 2034 2515 quod
2062 2466 2183 2514 angeli
2215 2467 2324 2515 boni,
2353 2476 2395 2506 ut

1341 2517 1576 2565 Augustinus
1604 2517 1701 2564 dicit,
1729 2517 1767 2553 in
1795 2518 1845 2554 IX
1873 2518 1918 2554 de
1948 2519 2024 2556 Civ.
2044 2519 2117 2555 Dei
2132 2518 2162 2566 *,
2187 2531 2266 2556 non
2294 2529 2393 2558 recte

1341 2577 1503 2618 possunt
1530 2569 1603 2606 dici
1622 2569 1849 2607 mediatores
1877 2569 1973 2607 inter
1990 2571 2118 2607 Deum
2146 2579 2181 2608 et
2203 2572 2390 2610 homines.

1345 2624 1439 2659 Cum
1467 2624 1565 2659 enim
1594 2628 1786 2672 utrumque
1813 2624 1969 2660 habeant
1988 2622 2009 2648 ζ·
2025 2635 2110 2659 cum
2138 2625 2229 2670 Deo,
2250 2631 2283 2661 et
2308 2627 2391 2663 bea-

1339 2675 1527 2712 titudinem
1561 2681 1594 2711 et
1621 2675 1947 2721 immortalitatem,
1980 2676 2070 2712 nihil
2102 2682 2221 2712 autem
2257 2678 2390 2721 horum

1339 2740 1424 2764 cum
1443 2729 1650 2765 hominibus
1664 2729 1804 2764 miseris
1823 2733 1856 2764 et
1876 2728 2098 2774 mortalibus,
2115 2729 2295 2777 quomodo
2315 2741 2389 2767 non

1333 2782 1457 2829 potius
1475 2781 1608 2817 remoti
1622 2786 1705 2816 sunt
1723 2781 1770 2816 ab
1789 2781 2005 2826 hominibus,
2025 2781 2178 2829 Deoque
2195 2783 2388 2831 coniuncti,

1339 2845 1451 2882 quam
1479 2835 1573 2869 inter
1600 2838 1769 2882 utrosque
1800 2833 1911 2868 medii
1942 2832 2150 2868 constituti?
2182 2833 2389 2883 Dionysius

1337 2893 1467 2922 tamen
1504 2884 1593 2921 dicit
1630 2896 1695 2920 eos
1724 2895 1804 2920 esse
1841 2883 2007 2930 medios,
2037 2883 2146 2933 quia,
2175 2886 2388 2924 secundum

1337 2938 1499 2986 gradum
1528 2944 1694 2983 naturae,
1716 2943 1803 2972 sunt
1837 2936 1931 2972 infra
1958 2936 2085 2972 Deum
2113 2944 2149 2973 et
2176 2949 2291 2986 supra
2318 2939 2387 2976 ho—

1337 2990 1459 3026 mines
1478 2987 1678 3026 constituti.
1709 2989 1756 3024 Et
1774 2987 1991 3027 mediatoris
2010 2988 2181 3025 officium
2200 2998 2385 3037 exercent,

1337 3054 1416 3078 non
1444 3041 1602 3090 quidem
1620 3039 1874 3089 principaliter
1899 3048 1935 3076 et
1961 3040 2161 3089 perfective
2181 3047 2210 3088 ἢ,
2231 3042 2297 3079 sed
2315 3043 2386 3080 mi-

1336 3093 1570 3130 nisterialiter
1587 3100 1623 3130 et
1650 3092 1887 3141 dispositive:
1917 3093 2020 3129 unde
2043 3093 2176 3129 Matth.
2198 3105 2233 3130 1v
2249 3094 2276 3132 *.
2296 3094 2385 3132 dici-

1335 3154 1397 3183 tur
1428 3145 1535 3194 quod
1569 3150 1797 3181 accesserunt
1822 3145 1950 3195 angeli
1981 3151 2015 3181 et
2051 3147 2306 3183 ministrabant
2332 3149 2383 3195 ei,

1335 3198 1472 3235 scilicet
1500 3197 1661 3234 Christo.

1386 3251 1605 3287 Daemones
1632 3256 1761 3286 autem
1789 3249 1930 3286 habent
1963 3248 2121 3299 quidem
2140 3248 2153 3271 ⁰
2181 3262 2271 3288 cum
2298 3251 2382 3289 Deo

1382 3378 1408 3412 δ)
1424 3379 1578 3413 perfective.
1595 3393 1614 3398 —
1632 3379 1733 3410 Tertia;
1748 3379 1875 3413 perfecte.

1384 3414 1407 3447 ε)
1426 3414 1638 3440 reconciliantur.
1655 3428 1675 3433 ·-
1693 3417 1755 3439 sunt
1774 3415 1936 3440 reconciliati
1952 3414 2033 3440 tertia.

1383 3448 1409 3483 ζ)
1426 3450 1548 3475 habeant.
1565 3463 1585 3468 —
1601 3456 1739 3474 commune
1756 3450 1825 3475 addit
1841 3450 1914 3476 tertia
1931 3454 2032 3482 praeter
2049 3450 2067 3475 1.

1383 3484 1410 3517 η)
1423 3485 1577 3517 perfective.
1594 3498 1614 3504 -
1627 3486 1745 3518 perfecte
1762 3485 1836 3510 DEF.

1383 3518 1407 3554 θ)
1426 3520 1540 3551 quidem.
1557 3534 1577 3539 —
1593 3527 1757 3545 communem
1776 3520 1803 3549 P,
1822 3520 1950 3552 quaedam
1975 3521 2045 3550 (cum
2066 3519 2123 3544 Deo
2144 3523 2174 3544 ut
2195 3520 2382 3546 immortalita-

1330 3556 1394 3586 tem)
1413 3555 1442 3580 F.

2433 1540 2444 1550 ⁸
2456 1540 2484 1562 D.
2499 1540 2553 1567 864.

2432 1694 2442 1705 ·
2455 1693 2521 1716 Vera.
2553 1710 2559 1716 .

2421 2534 2430 2543 ⁸
2445 2533 2501 2561 Cap.
2516 2540 2540 2555 xi
2561 2550 2567 2556 .

2509 3064 2523 3087 Ἰ

2413 3103 2422 3114 ·
2436 3103 2502 3126 νει-ε.
2519 3112 2551 3127 ιι.
