2872 3970
202 839 214 849 ¹¹
222 838 272 860 Lib.
279 838 296 865 1,
305 838 332 860 nd
341 844 391 866 cap.
398 844 414 865 ι,

203 871 262 886 vers.
277 872 299 891 4.

301 905 316 928 η

205 1053 215 1062 ⁸
230 1052 307 1073 Glosa.
324 1050 381 1072 Ord.
394 1054 416 1071 et

205 1078 343 1104 Lomb.‚sub
352 1083 415 1098 nom.

203 1104 315 1126 Ambros.

303 1156 315 1181 θ

209 1321 219 1331 ’
225 1319 260 1342 Cf.
269 1319 361 1347 Hugon.

205 1346 276 1371 Viet..
291 1346 326 1394 (ἐς
342 1346 352 1367 i
392 1351 410 1373 ρ

329 1362 333 1367 ,
352 1351 367 1367 n

369 1317 418 1367 ’ἐς

443 292 519 329 270

1131 275 1394 324 QUAESTIO
1423 273 1564 322 XXIV,
1592 272 1886 312 ARTICULUS
1912 274 1926 311 1

441 360 547 396 daret
574 357 777 405 intelligere
805 357 928 406 quod,
958 355 1173 393 secundum
1205 356 1280 391 hoc
1315 353 1422 403 quod
1450 360 1505 389 est
1529 357 1534 397 1
1559 351 1615 388 sio
1635 363 1751 401 quam
1772 351 1952 401 importat
1970 352 2046 389 hoc
2060 351 2302 401 participium
2310 353 2614 403 praedestinatus,

440 412 560 449 factus
588 423 634 447 ex
662 409 808 447 semine
836 409 963 446 David
995 409 1211 445 secundum
1239 418 1414 453 carnem,
1451 412 1506 441 est

441 463 742 514 praedestinatus
779 462 896 499 Filius
933 462 1004 499 Dei
1046 461 1084 498 in
1121 460 1271 497 virtute.
1315 457 1505 509 Quamvis

443 517 546 554 enim
575 517 620 554 sit
643 516 813 553 naturale
834 515 884 552 illi
903 523 1091 564 personae
1119 512 1335 552 secundum
1354 522 1396 548 se
1414 520 1506 549 con-

443 569 626 606 sideratae
654 569 762 618 quod
790 567 836 604 sit
863 568 981 605 Filius
1009 567 1081 604 Dei
1109 565 1148 603 in
1171 565 1321 611 virtute,
1351 575 1431 601 non
1452 571 1506 600 ta-

443 634 534 660 men
562 629 617 659 est
645 621 680 658 ei
707 622 878 658 naturale
914 620 1130 658 secundum
1162 626 1340 656 naturam
1368 617 1505 655 huma—

443 687 547 722 nam,
568 674 783 712 secundum
803 685 922 722 quam
951 675 1026 711 hoc
1045 672 1115 709 sibi
1134 670 1317 720 competit
1337 681 1407 719 per
1424 680 1505 716 gra-

443 727 537 765 tiam
565 726 730 764 unionis.

497 782 554 817 AD
592 791 750 817 TERTmM
787 790 969 816 mcENDUM
1011 778 1117 827 quod
1156 776 1363 824 Origenes,
1397 786 1508 824 super

442 833 644 884 Epistulam
678 832 729 870 ad
759 832 871 869 Rom.
900 831 939 877 ²⁸,
974 830 1063 868 dicit
1094 831 1194 868 hanc
1228 840 1309 866 esse
1345 827 1507 866 litteram

443 885 634 935 Apostoli:
677 886 752 927 Qui
776 883 972 921 destinatus
991 889 1009 911 η
1037 889 1088 922 est
1115 883 1231 920 Filius
1257 882 1330 918 Dei
1363 882 1400 916 in
1432 881 1507 918 vir-

443 944 534 975 tute:
565 937 615 974 ita
643 937 749 986 quod
778 948 858 973 non
885 935 1103 984 designetur
1130 935 1257 984 aliqua
1284 933 1505 971 antecessio.

444 991 492 1028 Et
520 989 573 1027 sic
600 988 695 1027 nihil
723 988 839 1026 habet
866 989 1106 1026 difficultatis.

497 1042 570 1080 Alii
588 1042 608 1064 ‘¹‘
635 1054 729 1079 vero
758 1041 1061 1079 antecessionem
1094 1053 1194 1091 quae
1222 1039 1441 1088 designatur
1468 1038 1508 1075 in

444 1097 520 1132 hoc
538 1094 736 1145 participio
758 1095 1064 1146 praedestinatus,
1093 1094 1271 1139 referunt,
1299 1104 1380 1129 non
1401 1091 1450 1129 ad
1469 1091 1508 1129 id

445 1149 552 1198 quod
580 1156 635 1185 est
663 1161 745 1185 esse
773 1148 891 1185 Filius
910 1146 923 1169 ⁰
951 1147 1040 1193 Dei,
1070 1147 1137 1184 sed
1165 1146 1214 1184 acl
1242 1146 1324 1183 eius
1351 1144 1508 1182 manife-

445 1201 643 1238 stationem
658 1231 667 1249 ,
703 1201 918 1238 secundum
946 1200 1054 1237 illum
1087 1206 1316 1237 consuetum
1343 1197 1509 1235 modum

445 1254 629 1304 loquendi
669 1254 709 1291 in
755 1252 956 1303 Scripturis
997 1265 1077 1302 quo
1122 1265 1180 1290 res
1220 1252 1392 1289 dicuntur
1416 1250 1512 1299 fieri

446 1307 593 1358 quando
612 1309 840 1344 innotescunt
858 1306 894 1343 *z
924 1314 966 1343 ut
992 1306 1037 1343 sit
1056 1318 1190 1343 sensus
1216 1304 1323 1354 quod
1346 1304 1510 1342 Christus

206 1373 240 1421 :³¹⁶¹
255 1373 300 1394 m
313 1378 363 1400 pp..
378 1377 417 1400 qu·
439 1360 734 1411 praedestinatus
767 1366 818 1397 est
854 1359 1087 1407 manifestari
1119 1359 1235 1396 Filius
1266 1358 1348 1394 Dei.
1378 1378 1403 1383 -
1433 1355 1509 1393 Sed

446 1412 499 1450 sic
533 1425 613 1450 non
647 1412 801 1462 proprie
838 1411 1131 1462 praedestinatio
1169 1409 1362 1459 accipitur.
1403 1407 1508 1445 Nam

446 1465 583 1516 aliquis
622 1465 759 1503 dicitur
792 1464 946 1516 proprie
981 1463 1254 1514 praedestinari
1291 1461 1508 1501 secundum

447 1518 553 1568 quod
581 1517 752 1569 dirigitur
785 1518 825 1556 in
853 1517 974 1555 finem
1008 1514 1261 1554 beatitudinis.
1305 1512 1508 1573 Beatitudp

446 1578 576 1631 autem
615 1569 754 1609 Christi
791 1583 871 1608 non
909 1569 1099 1620 dependet
1136 1581 1182 1608 ex
1217 1575 1345 1606 nostra
1382 1578 1509 1614 cogni-

446 1633 560 1662 t10ne.

499 1677 547 1714 Et
566 1676 653 1713 ideo
673 1675 811 1715 melius
830 1676 1040 1715 dicendum
1060 1683 1115 1713 est
1134 1675 1242 1724 quod
1260 1673 1322 1711 illa
1341 1681 1508 1712 anteces-

499 1791 526 1824 η)
546 1792 703 1818 destinatus.
721 1806 740 1810 -
753 1791 974 1825 praedestinatus
991 1798 1094 1816 omnes.

500 1825 525 1860 Β)
545 1826 637 1852 Filius.
655 1840 675 1847 .-
693 1826 792 1852 Filium
811 1826 831 1851 F
851 1831 877 1852 et
897 1826 980 1851 tertia.

502 1863 521 1897 ι)
535 1869 663 1896 persona.
680 1874 700 1882 -ο
718 1862 738 1886 F
758 1867 783 1887 et
802 1862 890 1893 tortia5
909 1865 936 1888 n
948 1868 1076 1894 persona.

1558 415 1638 440 non
1657 404 1815 442 refertur
1833 405 1882 442 ad
1895 416 2103 454 personam
2123 404 2338 442 seeundum
2357 406 2532 456 seipsam,
2548 407 2615 444 sed

1559 455 1704 494 ratione
1729 457 1923 494 humanae
1942 464 2118 495 naturae:
2153 457 2243 506 quia
2269 457 2407 496 scilicet
2429 470 2594 508 persona
2608 465 2616 481 ‘

1558 508 1621 548 illa
1648 509 1717 548 etsi
1744 507 1793 555 ab
1819 517 1977 555 aeterno
1998 509 2109 559 fuet-it
2135 510 2253 547 Filius
2280 510 2366 559 Dei,
2385 511 2462 549 hoc
2487 519 2617 550 tamen

1559 574 1640 599 non
1667 561 1736 599 fuit
1763 574 1926 612 semper,
1951 562 2059 612 quod
2087 562 2295 600 subsistens
2318 563 2358 600 in
2386 571 2523 601 natura
2542 565 2617 608 ,hu-

1559 625 1676 652 mana
1693 614 1804 653 fuerit
1824 615 1942 654 Filius
1960 614 2044 653 Dei.
2074 616 2185 654 Unde
2204 615 2294 653 dicit
2310 616 2558 665 Augustinus,
2578 617 2618 654 in

1559 666 1656 704 libro
1685 667 1729 704 de
1755 668 1940 705 Praedest.
1962 669 2084 706 Sanct.
2104 668 2142 705 *z
2177 669 2474 707 Praedestinatus
2492 675 2543 706 est
2559 671 2618 707 Ie·
2647 674 2658 687 ⁸

1559 732 1620 758 sus
1648 726 1686 758 ut
1713 722 1777 770 qui
1798 721 1954 768 futurus
1981 727 2061 758 erat
2093 721 2294 758 secundum
2322 733 2476 759 carnem
2503 722 2619 760 Filius

1560 772 1687 811 David
1703 779 1737 820 ²²,
1766 778 1856 810 esset
1882 779 2005 810 tamen
2034 775 2071 811 in
2099 775 2231 812 virtute
2256 774 2372 811 Filius
2398 775 2481 812 Dei.

1613 826 1662 864 Et
1689 833 1745 862 est
1772 825 2097 865 considerandum
2124 827 2244 876 quod,
2265 825 2350 867 licet
2369 827 2453 876 *hoc
2471 827 2622 877 partici-

1559 877 1669 927 pium
1684 879 1978 928 praedestinatus
1995 878 2174 928 importet
2192 878 2507 927 antecessionem,
2525 879 2622 929 sicut

1561 938 1597 968 et
1625 932 1701 969 hoc
1727 931 1971 981 participium
1988 932 2128 981 sactus,
2157 931 2263 971 aliter
2288 939 2419 974 tamen
2446 940 2483 971 et
2503 932 2629 981 aliter.-

1561 985 1665 1022 Nam
1683 983 1767 1021 fieri
1785 983 1948 1034 pertinet
1965 984 2015 1024 ad
2033 983 2158 1035 ipsam
2177 996 2260 1022 rem
2279 984 2495 1027 secundum
2513 985 2623 1035 quod

1560 1037 1600 1075 in
1619 1049 1659 1075 se
1680 1045 1752 1075 est:
1772 1036 2045 1087 praedestinari
2063 1043 2193 1075 autem
2211 1036 2373 1087 pertinet
2391 1037 2440 1078 ad
2454 1037 2622 1088 aliquem

1561 1089 1777 1127 secundum
1812 1089 1919 1139 quod
1955 1097 2009 1127 est
2043 1088 2083 1126 in
2117 1089 2423 1139 apprehensione
2463 1089 2625 1133 aiicuius

1561 1142 1876 1192 praeordinantis.
1906 1142 1947 1179 Id
1975 1149 2106 1180 autem
2133 1142 2242 1192 quod
2269 1143 2398 1180 subest
2417 1142 2528 1180 alicui
2548 1140 2624 1181 for-

1561 1208 1648 1235 mae
1675 1197 1738 1233 vel
1765 1202 1923 1233 naturae
1951 1195 2168 1232 secundum
2195 1207 2296 1243 rem,
2331 1202 2456 1246 potest
2488 1207 2624 1246 appre-

1562 1248 1679 1286 hendi
1705 1248 1767 1285 vel
1794 1255 1909 1298 prout
1928 1255 1983 1285 est
2010 1248 2082 1286 sub
2101 1247 2225 1286 forma
2243 1247 2315 1296 illa,
2343 1249 2406 1286 vel
2425 1248 2539 1286 etiarn
2558 1248 2625 1286 ab·

1562 1303 1695 1340 solute.
1726 1302 1775 1339 Et
1801 1300 1893 1350 quia
1919 1300 2093 1342 absolute
2119 1313 2201 1338 non
2229 1301 2409 1338 convenit
2435 1313 2624 1351 personae

1563 1353 1703 1392 Christi
1730 1353 1837 1403 quod
1864 1353 2073 1405 incoeperit
2094 1365 2175 1391 esse
2194 1353 2312 1391 Filius
2331 1353 2416 1400 Dei,
2444 1353 2624 1392 convenit

1562 1414 1692 1444 autem
1720 1406 1755 1444 ei
1782 1406 1998 1444 secundum
2026 1406 2133 1456 quod
2161 1405 2376 1455 intelligitur
2402 1408 2465 1444 vel
2488 1418 2626 1457 appre-

1562 1459 1743 1499 henditur
1768 1467 1811 1499 ut
1838 1459 1878 1497 in
1897 1467 2033 1499 natura
2051 1460 2224 1499 humana
2243 1459 2418 1506 existens,
2447 1459 2539 1509 quia
2557 1459 2626 1498 sci·

1562 1511 1646 1553 licet
1673 1512 1749 1550 hoc
1776 1510 1983 1562 aliquando
2011 1511 2178 1571 incoepit
2196 1523 2278 1550 esse
2306 1510 2413 1561 quod
2432 1510 2472 1550 in
2489 1519 2628 1553 nature

1563 1566 1736 1604 humana
1763 1564 1925 1604 existens
1953 1571 2050 1604 esset
2067 1562 2185 1603 Filius
2203 1563 2293 1603 Dei:
2323 1562 2411 1603 ideo
2431 1562 2552 1615 magis
2570 1570 2628 1604 est

1563 1619 1659 1657 haec
1684 1629 1789 1664 vera,
1821 1618 1984 1657 Christus
2011 1622 2062 1655 est
2083 1616 2377 1667 praedestinatus
2403 1617 2520 1656 Filius
2535 1617 2627 1667 Det,

1562 1682 1682 1720 quam
1710 1670 1792 1717 ista,
1824 1670 1988 1710 Christus
2016 1674 2067 1708 est
2083 1670 2213 1718 sactus
2238 1668 2356 1709 Filius
2381 1670 2466 1712 Dei.

1614 1784 1640 1819 κ)
1660 1785 1804 1811 secundum
1823 1792 1931 1814 carnem
1947 1785 2032 1814 Filius
2054 1785 2180 1813 David-
2193 1785 2294 1817 Tertitu
2314 1785 2399 1815 Filius
2413 1784 2637 1848 Mmdffg
2680 1807 2683 1809 .
2708 1806 2709 1809 η

1561 1828 1670 1847 carnem
1689 1821 1718 1852 F,
1734 1819 1818 1846 fliius
1836 1820 1980 1846 secundum
1998 1825 2106 1846 carnem
2125 1820 2253 1846 arcendus
2272 1820 2356 1847 ceteri.
2369 1835 2389 1841 ·-
2401 1824 2456 1846 ram

1122 1947 1457 1984 commentaria
1481 1949 1734 1987 Cardiualis
1756 1951 1956 1988 Caietam

510 2048 631 2075 nurus,
655 2043 690 2068 ut
720 2038 819 2074 iacet,
852 2038 918 2068 sine
943 2037 1104 2068 additione
1127 2038 1167 2068 ali
1192 2048 1233 2068 ua
1256 2038 1430 2069 sumendus
1454 2045 1510 2070 est.

452 2050 506 2111 T
565 2082 600 2112 In
630 2090 765 2121 corpore
795 2090 859 2112 una
887 2087 934 2112 est
957 2082 1139 2113 conclusio:
1200 2082 1321 2113 hristus
1344 2087 1391 2113 est
1411 2092 1510 2123 prae-

451 2126 636 2158 destinatus.
659 2126 823 2157 Probatur.
854 2126 1099 2156 Praedestinatio
1122 2127 1251 2166 proprie
1275 2132 1321 2158 est
1344 2125 1450 2157 divina
1472 2127 1510 2157 ab

451 2177 580 2204 aeterno
603 2170 837 2211 praeordinatio
861 2178 974 2202 eorum
998 2179 1080 2210 quae
1098 2179 1155 2210 per
1169 2171 1302 2210 gratiam
1317 2176 1392 2202 sunt
1406 2170 1512 2204 fienda

450 2216 484 2246 in
507 2220 662 2255 tempore.
687 2214 750 2246 Sed
772 2214 878 2245 Deum
902 2223 969 2246 esse
992 2214 1168 2251 hominem,
1194 2219 1225 2246 et
1248 2224 1265 2244 e
1282 2223 1448 2252 converso,
1466 2221 1512 2246 est

452 2258 614 2299 quoddam
638 2257 757 2288 factum
780 2258 812 2288 in
833 2263 979 2301 tempore
1000 2267 1058 2298 per
1072 2259 1204 2298 gratiam
1220 2259 1358 2295 unionis,
1376 2265 1407 2290 et
1421 2269 1511 2299 prae-

452 2302 632 2333 ordinatum
656 2312 673 2332 a
696 2302 766 2332 Deo
790 2303 828 2332 ab
852 2308 997 2332 aeterno:
1023 2301 1167 2342 alioquin
1190 2301 1310 2342 aliquid
1333 2304 1410 2333 novi
1434 2302 1512 2333 divi-

450 2357 510 2377 nae
526 2348 625 2377 menti
648 2346 812 2376 accideret.
837 2347 921 2386 Ergo
938 2347 1016 2376 unio
1033 2346 1085 2376 illa
1101 2352 1148 2376 est
1162 2347 1401 2387 praedestinata.
1425 2346 1510 2388 Ergo

452 2391 596 2423 Christus
620 2395 666 2420 est
687 2390 947 2430 praedestinatus.

506 2435 543 2466 11.
565 2434 704 2465 Adverte
734 2443 862 2467 sensum
885 2435 1005 2467 litterae
1033 2435 1191 2466 intentum
1219 2435 1257 2466 ab
1285 2436 1437 2468 Auctore.
1472 2436 1513 2467 Et

451 2485 486 2511 ut
509 2478 666 2511 discernas
690 2478 867 2511 doctrinam
888 2479 1038 2511 Auctoris
1061 2480 1100 2510 ab
1116 2479 1252 2513 aliorum
1268 2481 1440 2517 sententiis,
1463 2490 1513 2511 re-

452 2522 549 2553 colito
578 2522 667 2563 quod
689 2522 983 2563 praedestinationis
1006 2533 1127 2556 nomen
1149 2524 1183 2555 in
1206 2524 1299 2555 sacris
1321 2523 1431 2555 litteris
1455 2524 1512 2557 du-

451 2567 574 2607 pliciter
596 2567 683 2597 venit
705 2567 738 2596 in
761 2574 872 2600 usum:
897 2567 948 2598 vel
971 2567 1170 2607 simpliciter,
1194 2567 1257 2598 hoc
1281 2572 1344 2604 est,
1368 2569 1436 2599 sine
1459 2567 1513 2599 ad-

452 2611 574 2642 ditione
596 2611 711 2651 aliqua,
735 2615 770 2640 ut
786 2619 861 2641 curn
877 2610 1021 2647 dicimus,
1045 2611 1182 2642 Sanctus
1197 2610 1311 2642 Petrus
1324 2612 1399 2653 fuit
1414 2621 1513 2654 prae-

453 2655 647 2692 destinatus;
669 2655 719 2685 vel
736 2664 811 2685 cum
827 2655 1090 2686 determinatione
1104 2656 1220 2696 aliqua,
1236 2661 1273 2686 ut
1291 2665 1365 2686 cum
1378 2656 1513 2688 dicimus

453 2699 542 2739 quod
574 2698 761 2739 Magdalena
790 2698 850 2730 fuit
876 2699 1106 2739 praedestinata
1134 2699 1172 2730 ad
1195 2699 1366 2733 lavandum
1396 2700 1514 2733 Christi

452 2743 549 2784 pedes
573 2743 735 2784 lacrymis,
768 2748 798 2773 et
825 2743 904 2774 latro
933 2742 972 2775 ad
995 2743 1215 2775 confitendum
1237 2753 1372 2784 regnum
1396 2744 1514 2777 Christi

453 2787 619 2827 pendentis
642 2787 675 2817 in
699 2796 803 2823 cruce,
829 2793 859 2817 et
882 2787 1004 2818 similia.
1029 2785 1070 2818 Et
1093 2789 1247 2828 quoniam
1270 2790 1437 2820 communi
1452 2799 1514 2820 usu

453 2831 696 2871 praedestinatio
720 2831 864 2862 absolute
884 2831 1011 2872 respicit
1027 2837 1186 2862 aeternam
1205 2832 1387 2863 felicitatem
1403 2839 1438 2863 ut
1453 2838 1514 2863 ter·-

454 2876 596 2911 minum,
621 2881 666 2906 est
689 2876 775 2905 enim
798 2876 877 2906 ratio
901 2875 1019 2906 ordinis
1039 2876 1214 2907 electorum
1241 2877 1273 2906 in
1295 2878 1392 2907 vitam
1416 2882 1514 2908 aeter-

218 2925 227 2934 ·
243 2924 288 2951 Qu·
304 2930 368 2950 xxm,
386 2927 427 2945 an.
454 2928 539 2955 nam,
562 2924 598 2951 ut
620 2920 654 2950 in
676 2919 781 2951 Prima
802 2920 894 2950 Parte
908 2920 926 2937 ³⁹
948 2920 1092 2950 habitum
1108 2926 1171 2957 est;
1195 2920 1268 2951 ideo
1285 2920 1464 2957 Durandus,
1481 2922 1514 2952 in

219 2957 291 3004 ϋᾶυ,
308 2981 330 2998 u·
456 2963 496 2993 111
513 2962 608 3000 Sent„
626 2963 694 2994 dist.
710 2973 754 2993 vn
769 2965 796 3000 *ξ
821 2964 895 2995 dicit
919 2964 1012 3004 quod*
1030 2964 1273 3004 praedestinatio
1301 2965 1445 2997 absolute
1469 2971 1515 2996 est

455 3013 600 3046 respectu
616 3007 830 3044 beatitudinis;
851 3008 1046 3048 distinguens
1061 3009 1382 3048 praedestinationem
1398 3009 1515 3041 Christi

457 3060 519 3090 qua
542 3050 790 3091 praedestinatus
818 3058 863 3082 est
887 3052 985 3083 Filius
1008 3053 1086 3090 Dei,
1111 3063 1129 3084 a
1151 3053 1438 3095 praedestinatione
1461 3054 1515 3086 ab-

457 3094 569 3130 solute,
594 3100 624 3125 et
648 3094 755 3125 dicens
779 3104 848 3126 eam
873 3105 939 3127 esse
962 3096 1282 3138 praedestinationem
1301 3097 1345 3128 ad
1361 3097 1432 3136 hoc,
1457 3099 1515 3129 sci-

247 3181 270 3207 Q
457 3138 530 3167 licet
552 3146 619 3168 esse
642 3138 758 3169 Filium
781 3138 851 3170 Dei.

219 3181 231 3190 ³
273 3187 293 3201 u.
310 3186 333 3201 m

501 3181 615 3213 Scotut
631 3190 774 3222 quoque,
790 3183 907 3213 ibidem
919 3185 945 3220 ⁴*‚
956 3185 1276 3224 praedestinationem
1292 3185 1409 3216 Christi
1424 3186 1517 3227 ponit

458 3226 491 3255 in
513 3224 624 3257 ordine
647 3225 686 3256 ad
709 3226 949 3259 beatitudinem:
974 3229 1063 3268 quasi
1083 3230 1180 3269 gratia
1196 3230 1324 3262 unionis
1340 3230 1434 3262 fuerit
1448 3239 1516 3263 me-

459 3267 547 3300 diurn
570 3269 603 3300 in
628 3268 754 3300 Christo
785 3268 823 3300 ad
845 3271 975 3309 gratiam
999 3281 1142 3305 summae
1165 3274 1366 3306 beatitudinis
1392 3275 1516 3308 animae

460 3321 543 3342 suae.

515 3355 613 3386 Divus
637 3361 743 3386 autem
766 3356 898 3392 Auctor,
922 3357 1048 3389 intuens
1071 3361 1201 3399 gratiam
1224 3362 1353 3393 unionis
1377 3372 1444 3393 esse
1464 3373 1516 3395 ex-

462 3398 624 3429 cellentius
648 3399 724 3439 quid
747 3400 843 3439 gratia
867 3409 1010 3431 summae
1029 3402 1228 3434 beatitudinis
1245 3411 1376 3443 creatae,
1394 3412 1515 3446 quanto

461 3442 562 3471 maius
586 3448 631 3472 est
655 3453 721 3473 esse
737 3443 842 3474 Deum
867 3453 963 3484 quam
987 3444 1047 3474 frui
1064 3445 1148 3482 De03
1174 3453 1204 3477 et
1226 3450 1357 3487 gratiam
1372 3459 1516 3481 summae

462 3484 660 3516 beatitudinis
685 3488 837 3527 consequi
862 3487 899 3517 ad
923 3488 1053 3528 gratiam
1076 3490 1214 3526 unionis,
1237 3501 1304 3523 non
1328 3499 1363 3523 ut
1381 3493 1453 3525 finis
1468 3504 1516 3525 se-

463 3528 569 3566 quitur
592 3529 629 3558 ad
653 3530 810 3566 medium,
842 3529 896 3561 sed
920 3537 955 3561 ut
978 3532 1152 3572 proprietas
1175 3533 1214 3563 ad
1237 3535 1458 3573 substantiam,
1482 3543 1517 3567 ut

463 3571 548 3600 calor
572 3571 609 3601 ad
634 3573 757 3611 ignem:
789 3575 896 3614 posuit
918 3574 1237 3615 praedestinationem
1260 3579 1404 3610 absolute
1427 3589 1516 3612 com-

1563 2041 1703 2071 muniter
1733 2039 1864 2081 quidem
1887 2041 2043 2081 respicere
2072 2041 2205 2082 gratiam
2227 2042 2310 2077 vitae
2340 2047 2486 2078 aeternae
2508 2047 2545 2080 ut
2566 2047 2630 2078 ter·

1563 2084 1705 2120 minum,
1738 2084 1936 2125 singulariter
1965 2090 2072 2117 autem
2103 2086 2137 2116 in
2161 2084 2288 2118 Christo
2317 2086 2474 2130 respicere
2496 2086 2628 2129 gratiam

1563 2128 1712 2164 unionis,
1736 2133 1772 2158 ut
1795 2128 1829 2158 in
1844 2128 2054 2168 responsione
2077 2128 2116 2159 ad
2131 2128 2272 2169 primum
2294 2129 2396 2160 littera
2418 2135 2583 2169 monstrat,

1619 2170 1671 2202 111.
1694 2172 1736 2202 Et
1759 2173 1785 2203 si
1806 2173 2021 2212 perspicacius
2045 2172 2307 2210 consideraveris,
2329 2174 2453 2204 videbis
2469 2174 2544 2205 πίω
2564 2175 2629 2206 ea-

1563 2215 1638 2249 licet
1660 2216 1792 2256 gratiam
1814 2217 1897 2248 vitae
1920 2222 2085 2253 aeternae,
2115 2217 2247 2257 gratiam
2269 2218 2416 2254 unionis,
2444 2223 2477 2252 et
2496 2219 2639 2259 gatiam.

1563 2260 1596 2290 in
1621 2261 1798 2293 communi.
1822 2260 1863 2292 Et
1886 2261 1962 2300 quia
1983 2261 2081 2302 gratia
2102 2266 2250 2295 aeternae
2264 2261 2422 2296 felicitatis
2445 2263 2641 2303 comm>

1564 2309 1611 2334 est
1634 2305 1784 2335 omnibus
1808 2304 1916 2337 electis
1945 2305 1979 2336 in
2002 2304 2063 2339 Dei
2085 2302 2169 2339 filios
2193 2304 2254 2342 ado
2279 2306 2378 2342 tivos,
2410 2315 2510 2349 penes
2539 2303 2638 2345 illam,

1564 2346 1694 2378 definita
1716 2348 1776 2379 fuit
1798 2348 2042 2389 praedestinatio
2066 2348 2208 2384 filiorum
2231 2356 2249 2380 a
2272 2350 2422 2393 optionis,
2446 2347 2486 2381 de
2509 2351 2628 2396 quain

1563 2392 1668 2422 Prima
1683 2393 1775 2423 Parte
1791 2394 1807 2409 ⁴*
1830 2398 1998 2424 tractatum
2016 2397 2072 2424 est.
2097 2393 2182 2432 Quia
2196 2400 2273 2425 vero
2288 2394 2386 2434 gratia
2400 2394 2533 2425 unionis
2551 2397 2629 2436 pru·
2655 2400 2666 2412 ⁸

1564 2437 1632 2476 pria
1655 2442 1702 2467 est
1716 2437 1852 2468 naturali
1866 2437 1927 2468 Dei
1942 2437 2035 2474 Filio,
2059 2443 2091 2468 et
2104 2434 2203 2478 longe
2217 2439 2409 2469 eminentior
2425 2439 2537 2479 ptime,
2552 2433 2627 2470 ideo

1564 2489 1663 2520 penes
1686 2481 1779 2513 istam
1802 2481 2004 2515 concluditur
2030 2481 2275 2522 praedestinatio
2299 2482 2427 2517 Christi.
2461 2481 2639 2518 ems

1564 2534 1705 2565 namque
1726 2526 1842 2557 rationi
1865 2531 1901 2556 ut
1924 2525 2128 2560 excellentior
2149 2527 2262 2566 gratia,
2293 2527 2421 2560 termini
2443 2526 2629 2570 simpliciter

1564 2569 1721 2600 rationem
1744 2569 1880 2606 habens,
1910 2570 2011 2610 magis
2033 2569 2181 2604 terminet
2203 2569 2525 2611 praedestinationem
2554 2566 2640 2610 simo,

1565 2613 1699 2653 pliciter,
1723 2613 1749 2644 si
1771 2614 1879 2646 minor
1900 2613 1987 2645 illam
2010 2609 2167 2645 terminat.

1610 2657 1695 2695 Quia
1718 2663 1825 2688 autem
1847 2659 1945 2698 gratia
1967 2657 2170 2690 beatitudinis
2193 2658 2311 2699 patriae
2334 2658 2469 2690 includit
2482 2659 2516 2690 in
2532 2664 2567 2691 se
2580 2667 2629 2691 ra·-

1565 2702 1688 2732 tionem
1710 2703 1844 2742 gratiae,
1873 2707 1905 2733 et
1927 2702 2084 2733 rationem
2106 2703 2223 2743 gratiae
2246 2711 2304 2743 per
2326 2713 2360 2734 se
2382 2704 2488 2744 primo
2510 2703 2630 2735 stimi

1567 2751 1598 2776 et
1613 2746 1717 2776 ultimi
1732 2747 1868 2783 termini,
1892 2751 1929 2778 ut
1944 2747 2066 2787 species
2085 2746 2204 2778 claudit
2218 2747 2252 2778 in
2267 2757 2301 2778 se
2315 2747 2475 2781 rationem
2487 2748 2629 2788 genuit!

1567 2795 1598 2820 et
1620 2795 1685 2820 tam
1708 2791 1806 2830 gratia
1828 2796 1972 2821 aeternae
1995 2791 2078 2821 vitae
2101 2800 2199 2831 quam
2213 2792 2312 2831 gratia
2327 2792 2456 2823 unionis
2479 2791 2631 2827 convenit

1567 2835 1600 2864 in
1623 2835 1745 2865 ratione
1768 2845 1825 2875 per
1848 2845 1882 2866 se
1904 2835 2008 2875 primo
2033 2836 2160 2868 termini
2183 2836 2301 2869 summi
2324 2841 2355 2869 et
2377 2835 2498 2875 ultimi,
2527 2830 2643 2877 quun?

1567 2884 1636 2908 tum
1653 2884 1699 2909 est
1722 2887 1760 2909 ex
1775 2878 1911 2920 propriis
1925 2880 2200 2919 generationibus:
2226 2878 2316 2920 quod
2331 2878 2404 2910 ideo
2424 2877 2630 2924 apposuerim

1568 2923 1652 2962 quia,
1677 2923 1702 2953 si
1725 2923 1890 2954 beatitudo
1913 2922 2046 2954 alicuius
2068 2933 2136 2955 non
2155 2924 2284 2964 propria
2302 2923 2507 2964 generatione
2526 2923 2628 2961 fieret,

1567 2966 1622 2997 sed
1646 2968 1850 2998 consecutive
1873 2967 2057 3004 haberetur,
2087 2977 2155 2998 non
2182 2968 2311 2998 haberet
2337 2968 2493 2999 rationem
2515 2976 2574 3009 per
2591 2975 2631 2999 ee

1567 3011 1672 3050 primo
1688 3012 1824 3048 termini,
1848 3011 1904 3044 sed
1918 3012 2146 3052 consequentis
2161 3011 2201 3043 ad
2216 3012 2406 3049 terminum5
2428 3017 2465 3045 ut
2483 3012 2518 3044 in
2536 3011 2630 3045 Utri—

1568 3060 1617 3085 sto
1635 3055 1756 3088 dictum
1772 3061 1818 3087 est
1830 3056 1846 3072 *
1863 3056 2032 3096 contigisse
2044 3067 2052 3088 :
2063 3074 2087 3080 -
2106 3056 2191 3100 quia,
2206 3056 2350 3099 inquam,
2365 3056 2431 3092 hoc
2444 3056 2480 3089 in
2492 3065 2527 3088 se
2543 3055 2630 3090 cinu-

1569 3098 1629 3135 dit,
1658 3098 1731 3129 ideo
1754 3100 1878 3131 Auctor
1907 3101 1940 3131 in
1962 3099 2064 3135 littera
2094 3105 2126 3133 et
2150 3099 2472 3143 praedestinationem
2500 3098 2630 3146 proprie

1569 3148 1732 3184 acceptam
1763 3143 1838 3175 dicit
1867 3144 2022 3185 respicere
2045 3144 2193 3185 gratiam,
2226 3150 2257 3176 et
2279 3145 2343 3176 hoc
2364 3143 2472 3175 haberi
2495 3152 2535 3175 ex
2556 3147 2632 3175 ante

1569 3186 1659 3218 dictis
1682 3189 1715 3218 in
1738 3188 1843 3219 Prima
1866 3188 1966 3220 Parte.
1990 3187 2199 3220 Verissimum
2215 3187 2373 3229 siquidem
2396 3193 2444 3219 est
2464 3187 2538 3225 hoc,
2561 3194 2637 3224 non*

1568 3231 1675 3263 solum
1697 3237 1734 3263 ut
1756 3239 1859 3269 sonat,
1882 3232 1938 3263 sed
1961 3238 1998 3264 ut
2018 3232 2142 3264 inducit
2164 3232 2204 3264 ad
2227 3232 2430 3267 excellentius
2445 3239 2548 3272 genus
2561 3238 2631 3272 gra-

1568 3276 1630 3309 tiae
1652 3281 1684 3307 et
1706 3277 1833 3308 temini
1855 3277 1992 3317 gratuiti.
2017 3277 2049 3309 Si
2065 3278 2152 3311 enim
2166 3277 2264 3317 gretia
2279 3281 2500 3311 munnam
2515 3275 2632 3310 suffieit

1569 3319 1608 3350 ad
1632 3321 1804 3353 terminum
1827 3320 2124 3362 praedestinationis
2145 3321 2340 3363 simpliciter,
2362 3326 2400 3354 ut
2421 3319 2544 3356 dictum
2564 3324 2634 3357 ⁸⁸¹3

1569 3363 1671 3395 multo
1695 3365 1795 3406 magis
1818 3365 1916 3406 gratia
1939 3365 2084 3403 unionis,
2117 3374 2199 3407 quae
2221 3365 2303 3407 parit
2323 3364 2456 3406 gratiam
2479 3372 2633 3399 consutae

1569 3413 1686 3439 matam
1710 3414 1746 3439 ut
1768 3409 2004 3449 proprietatem,
2028 3407 2188 3440 sufficiens
2204 3414 2251 3439 est
2273 3414 2309 3440 ut
2331 3408 2478 3440 terminet
2499 3406 2630 3449 praede-

1569 3453 1772 3482 stinationem
1795 3453 1890 3483 etiam
1905 3453 2058 3484 absolute.
2090 3453 2131 3483 Et
2152 3458 2321 3494 propterea
2335 3453 2436 3484 littera
2451 3452 2526 3483 dicit
2541 3450 2631 3492 quod

1569 3496 1691 3526 ratione
1713 3497 1829 3536 gratiae
1846 3497 1974 3527 unionis
1997 3496 2141 3528 Christus
2159 3496 2273 3528 dicitur
2288 3506 2356 3531 esse
2369 3495 2630 3537 praedestinatus,

1569 3548 1635 3569 non
1659 3539 1702 3569 ad
1724 3540 1785 3570 hoc
1808 3540 1859 3570 vel
1881 3540 1971 3575 illud,
1996 3540 2061 3576 sed,
2079 3540 2350 3580 praedestinatus.

1625 3582 1677 3612 1v.
1702 3582 1736 3612 In
1760 3583 2020 3623 responsionibus
2044 3583 2082 3614 ad
2101 3582 2278 3614 secundum
2293 3588 2326 3614 et
2339 3583 2478 3620 tertium,
2503 3581 2631 3615 attende
