<?xml version="1.0" encoding="UTF-8"?>
<!DOCTYPE html PUBLIC "-//W3C//DTD XHTML 1.0 Transitional//EN"
    "http://www.w3.org/TR/xhtml1/DTD/xhtml1-transitional.dtd">
<html xmlns="http://www.w3.org/1999/xhtml" xml:lang="en" lang="en">
 <head>
  <title>
</title>
<meta http-equiv="Content-Type" content="text/html;charset=utf-8" />
  <meta name='ocr-system' content='tesseract 3.04.00' />
  <meta name='ocr-capabilities' content='ocr_page ocr_carea ocr_par ocr_line ocrx_word'/>
</head>
<body>
  <div class='ocr_page' id='page_1' title='image "./operaomniaiussui11thom/operaomniaiussui11thom_0164.png"; bbox 0 0 2872 3970; ppageno 0'>
   <div class='ocr_carea' id='block_1_1' title="bbox 344 269 464 324">
    <p class='ocr_par' dir='ltr' id='par_1_1' title="bbox 344 269 464 324">
     <span class='ocr_line' id='line_1_1' title="bbox 344 269 464 324; baseline 0 -19"><span class='ocrx_word' id='word_1_1' title='bbox 344 321 347 324; x_wconf 55' lang='lat'>.</span> <span class='ocrx_word' id='word_1_2' title='bbox 394 269 464 306; x_wconf 92' lang='lat'>108</span> 
     </span>
    </p>
   </div>
   <div class='ocr_carea' id='block_1_2' title="bbox 149 505 292 526">
    <p class='ocr_par' dir='ltr' id='par_1_2' title="bbox 149 505 292 526">
     <span class='ocr_line' id='line_1_2' title="bbox 149 505 292 526; baseline -0.007 0"><span class='ocrx_word' id='word_1_3' title='bbox 149 507 158 516; x_wconf 89' lang='grc'><em>·</em></span> <span class='ocrx_word' id='word_1_4' title='bbox 173 505 238 526; x_wconf 82' lang='lat' dir='ltr'>Vei-s.</span> <span class='ocrx_word' id='word_1_5' title='bbox 254 510 292 526; x_wconf 81' lang='lat'>20.</span> 
     </span>
    </p>
   </div>
   <div class='ocr_carea' id='block_1_3' title="bbox 148 770 356 795">
    <p class='ocr_par' dir='ltr' id='par_1_3' title="bbox 148 770 356 795">
     <span class='ocr_line' id='line_1_3' title="bbox 148 770 356 795; baseline 0 -5"><span class='ocrx_word' id='word_1_6' title='bbox 148 771 157 780; x_wconf 89' lang='grc'><em>·</em></span> <span class='ocrx_word' id='word_1_7' title='bbox 173 770 208 790; x_wconf 84' lang='lat' dir='ltr'>Ps.</span> <span class='ocrx_word' id='word_1_8' title='bbox 225 774 321 795; x_wconf 70' lang='grc' dir='ltr'>1,νο1·5.</span> <span class='ocrx_word' id='word_1_9' title='bbox 338 775 356 790; x_wconf 80' lang='lat'>2.</span> 
     </span>
    </p>
   </div>
   <div class='ocr_carea' id='block_1_4' title="bbox 145 821 357 897">
    <p class='ocr_par' dir='ltr' id='par_1_4' title="bbox 147 821 356 897">
     <span class='ocr_line' id='line_1_4' title="bbox 147 821 356 843; baseline -0.006 0.149"><span class='ocrx_word' id='word_1_10' title='bbox 147 822 255 843; x_wconf 84' lang='lat' dir='ltr'>·Lomb.</span> <span class='ocrx_word' id='word_1_11' title='bbox 267 825 289 842; x_wconf 85' lang='lat' dir='ltr'>et</span> <span class='ocrx_word' id='word_1_12' title='bbox 301 821 356 842; x_wconf 82' lang='lat' dir='ltr'>Ord.</span> 
     </span>
     <span class='ocr_line' id='line_1_5' title="bbox 146 849 357 875; baseline 0 -6"><span class='ocrx_word' id='word_1_13' title='bbox 146 849 189 869; x_wconf 80' lang='lat' dir='ltr'>sub</span> <span class='ocrx_word' id='word_1_14' title='bbox 213 854 276 869; x_wconf 88' lang='lat' dir='ltr'>nom.</span> <span class='ocrx_word' id='word_1_15' title='bbox 296 849 333 869; x_wconf 83' lang='lat' dir='ltr'>Au</span> <span class='ocrx_word' id='word_1_16' title='bbox 321 854 357 875; x_wconf 80' lang='lat' dir='ltr'>ug</span> 
     </span>
     <span class='ocr_line' id='line_1_6' title="bbox 145 874 288 897; baseline -0.017 0.248"><span class='ocrx_word' id='word_1_17' title='bbox 145 879 168 897; x_wconf 83' lang='lat' dir='ltr'>et</span> <span class='ocrx_word' id='word_1_18' title='bbox 183 874 288 896; x_wconf 76' lang='lat' dir='ltr'>Cassiod</span> 
     </span>
    </p>
   </div>
   <div class='ocr_carea' id='block_1_5' title="bbox 146 1085 356 1113">
    <p class='ocr_par' dir='ltr' id='par_1_5' title="bbox 146 1085 356 1113">
     <span class='ocr_line' id='line_1_7' title="bbox 146 1085 356 1113; baseline 0.005 -7"><span class='ocrx_word' id='word_1_19' title='bbox 146 1086 156 1096; x_wconf 82' lang='grc'><em>·</em></span> <span class='ocrx_word' id='word_1_20' title='bbox 170 1085 193 1106; x_wconf 72' lang='lat'>1⁸</span> <span class='ocrx_word' id='word_1_21' title='bbox 203 1085 257 1113; x_wconf 68' lang='lat'>11⁸⁸,</span> <span class='ocrx_word' id='word_1_22' title='bbox 269 1091 307 1112; x_wconf 87' lang='lat' dir='ltr'>qu.</span> <span class='ocrx_word' id='word_1_23' title='bbox 320 1092 356 1111; x_wconf 81' lang='lat' dir='ltr'>cx,</span> 
     </span>
    </p>
   </div>
   <div class='ocr_carea' id='block_1_6' title="bbox 145 1115 225 1139">
    <p class='ocr_par' dir='ltr' id='par_1_6' title="bbox 145 1115 225 1139">
     <span class='ocr_line' id='line_1_8' title="bbox 145 1115 225 1139; baseline -0.013 -5"><span class='ocrx_word' id='word_1_24' title='bbox 145 1115 187 1134; x_wconf 83' lang='lat' dir='ltr'>art.</span> <span class='ocrx_word' id='word_1_25' title='bbox 201 1119 225 1139; x_wconf 84' lang='lat'>4.</span> 
     </span>
    </p>
   </div>
   <div class='ocr_carea' id='block_1_7' title="bbox 146 1299 262 1326">
    <p class='ocr_par' dir='ltr' id='par_1_7' title="bbox 146 1299 262 1326">
     <span class='ocr_line' id='line_1_9' title="bbox 146 1299 262 1326; baseline 0 -6"><span class='ocrx_word' id='word_1_26' title='bbox 146 1300 155 1308; x_wconf 90' lang='grc'><em>·</em></span> <span class='ocrx_word' id='word_1_27' title='bbox 170 1299 198 1320; x_wconf 87' lang='lat' dir='ltr'>D.</span> <span class='ocrx_word' id='word_1_28' title='bbox 213 1299 262 1326; x_wconf 88' lang='lat'><em>677.</em></span> 
     </span>
    </p>
   </div>
   <div class='ocr_carea' id='block_1_8' title="bbox 146 2607 355 2709">
    <p class='ocr_par' dir='ltr' id='par_1_8' title="bbox 146 2607 355 2709">
     <span class='ocr_line' id='line_1_10' title="bbox 147 2607 355 2654; baseline -0.011 -23.74"><span class='ocrx_word' id='word_1_29' title='bbox 147 2608 250 2630; x_wconf 81' lang='lat' dir='ltr'>‘Aristo</span> <span class='ocrx_word' id='word_1_30' title='bbox 252 2611 267 2629; x_wconf 95' lang='grc'>1.</span> <span class='ocrx_word' id='word_1_31' title='bbox 282 2607 355 2654; x_wconf 54' lang='lat' dir='ltr'>Elhtcl.</span> 
     </span>
     <span class='ocr_line' id='line_1_11' title="bbox 146 2635 305 2666; baseline -0.007 -10"><span class='ocrx_word' id='word_1_32' title='bbox 146 2635 185 2656; x_wconf 89' lang='lat' dir='ltr'>li.b</span> <span class='ocrx_word' id='word_1_33' title='bbox 206 2635 234 2660; x_wconf 82' lang='lat'>11,</span> <span class='ocrx_word' id='word_1_34' title='bbox 255 2641 305 2666; x_wconf 76' lang='lat' dir='ltr'>cap</span> 
     </span>
     <span class='ocr_line' id='line_1_12' title="bbox 146 2641 355 2709; baseline -0.005 0"><span class='ocrx_word' id='word_1_35' title='bbox 146 2667 204 2709; x_wconf 55' lang='lat'>1⁰40?</span> <span class='ocrx_word' id='word_1_36' title='bbox 214 2667 259 2708; x_wconf 71' lang='lat'>1³2·</span> <span class='ocrx_word' id='word_1_37' title='bbox 276 2662 300 2683; x_wconf 59' lang='lat'><strong>⁶</strong></span> <span class='ocrx_word' id='word_1_38' title='bbox 311 2641 355 2682; x_wconf 65' lang='lat'>¹¹¹·</span> 
     </span>
    </p>
   </div>
   <div class='ocr_carea' id='block_1_9' title="bbox 149 2822 326 2849">
    <p class='ocr_par' dir='ltr' id='par_1_9' title="bbox 149 2822 326 2849">
     <span class='ocr_line' id='line_1_13' title="bbox 149 2822 326 2849; baseline 0 -6"><span class='ocrx_word' id='word_1_39' title='bbox 149 2823 158 2831; x_wconf 80' lang='lat'>⁸</span> <span class='ocrx_word' id='word_1_40' title='bbox 173 2822 219 2849; x_wconf 90' lang='lat' dir='ltr'>Qu.</span> <span class='ocrx_word' id='word_1_41' title='bbox 236 2828 259 2844; x_wconf 83' lang='lat' dir='ltr'>tx</span> <span class='ocrx_word' id='word_1_42' title='bbox 275 2829 326 2849; x_wconf 81' lang='lat' dir='ltr'>sqq.</span> 
     </span>
    </p>
   </div>
   <div class='ocr_carea' id='block_1_10' title="bbox 150 3480 362 3508">
    <p class='ocr_par' dir='ltr' id='par_1_10' title="bbox 150 3480 362 3508">
     <span class='ocr_line' id='line_1_14' title="bbox 150 3480 362 3508; baseline -0.005 -6"><span class='ocrx_word' id='word_1_43' title='bbox 150 3483 159 3491; x_wconf 76' lang='lat'><strong><em>⁴</em></strong></span> <span class='ocrx_word' id='word_1_44' title='bbox 177 3481 226 3502; x_wconf 81' lang='lat' dir='ltr'>Art.</span> <span class='ocrx_word' id='word_1_45' title='bbox 239 3487 295 3508; x_wconf 83' lang='lat' dir='ltr'>scq.,</span> <span class='ocrx_word' id='word_1_46' title='bbox 308 3480 334 3501; x_wconf 80' lang='lat' dir='ltr'>ad</span> <span class='ocrx_word' id='word_1_47' title='bbox 347 3486 362 3502; x_wconf 83' lang='lat'>1.</span> 
     </span>
    </p>
   </div>
   <div class='ocr_carea' id='block_1_11' title="bbox 343 344 1453 2188">
    <p class='ocr_par' dir='ltr' id='par_1_11' title="bbox 386 344 1451 763">
     <span class='ocr_line' id='line_1_15' title="bbox 387 344 1451 383; baseline -0.002 0"><span class='ocrx_word' id='word_1_48' title='bbox 387 357 468 383; x_wconf 92' lang='lat' dir='ltr'>non</span> <span class='ocrx_word' id='word_1_49' title='bbox 495 345 564 382; x_wconf 87' lang='lat' dir='ltr'>fuit</span> <span class='ocrx_word' id='word_1_50' title='bbox 591 344 827 382; x_wconf 90' lang='lat' dir='ltr'>conveniens</span> <span class='ocrx_word' id='word_1_51' title='bbox 855 345 997 382; x_wconf 90' lang='lat' dir='ltr'>habere</span> <span class='ocrx_word' id='word_1_52' title='bbox 1027 345 1141 382; x_wconf 90' lang='lat' dir='ltr'>simul</span> <span class='ocrx_word' id='word_1_53' title='bbox 1161 351 1178 366; x_wconf 74' lang='lat'>²</span> <span class='ocrx_word' id='word_1_54' title='bbox 1208 357 1345 381; x_wconf 91' lang='lat' dir='ltr'>omnes</span> <span class='ocrx_word' id='word_1_55' title='bbox 1377 344 1451 381; x_wconf 92' lang='lat' dir='ltr'>vir—</span> 
     </span>
     <span class='ocr_line' id='line_1_16' title="bbox 387 396 1451 447; baseline -0.003 -11"><span class='ocrx_word' id='word_1_56' title='bbox 387 405 503 436; x_wconf 88' lang='lat' dir='ltr'><strong>tutes:</strong></span> <span class='ocrx_word' id='word_1_57' title='bbox 534 398 630 435; x_wconf 89' lang='lat' dir='ltr'>sicut</span> <span class='ocrx_word' id='word_1_58' title='bbox 658 405 759 447; x_wconf 88' lang='lat' dir='ltr'>patet</span> <span class='ocrx_word' id='word_1_59' title='bbox 787 398 834 435; x_wconf 91' lang='lat' dir='ltr'>de</span> <span class='ocrx_word' id='word_1_60' title='bbox 859 397 1076 435; x_wconf 84' lang='lat' dir='ltr'>liberalitate</span> <span class='ocrx_word' id='word_1_61' title='bbox 1097 405 1133 434; x_wconf 93' lang='lat' dir='ltr'>et</span> <span class='ocrx_word' id='word_1_62' title='bbox 1155 396 1451 445; x_wconf 84' lang='lat' dir='ltr'>magnificentia,</span> 
     </span>
     <span class='ocr_line' id='line_1_17' title="bbox 387 449 1451 500; baseline -0.002 -12"><span class='ocrx_word' id='word_1_63' title='bbox 387 463 486 500; x_wconf 92' lang='lat' dir='ltr'>quae</span> <span class='ocrx_word' id='word_1_64' title='bbox 524 451 667 488; x_wconf 89' lang='lat' dir='ltr'>habent</span> <span class='ocrx_word' id='word_1_65' title='bbox 703 458 833 488; x_wconf 89' lang='lat' dir='ltr'>actum</span> <span class='ocrx_word' id='word_1_66' title='bbox 870 463 986 488; x_wconf 90' lang='grc'>51111111</span> <span class='ocrx_word' id='word_1_67' title='bbox 1023 450 1122 487; x_wconf 91' lang='lat' dir='ltr'>circa</span> <span class='ocrx_word' id='word_1_68' title='bbox 1155 449 1325 496; x_wconf 89' lang='lat' dir='ltr'>divitias,</span> <span class='ocrx_word' id='word_1_69' title='bbox 1355 461 1451 498; x_wconf 86' lang='lat' dir='ltr'>quas</span> 
     </span>
     <span class='ocr_line' id='line_1_18' title="bbox 388 501 1449 553; baseline -0.001 -13"><span class='ocrx_word' id='word_1_70' title='bbox 388 503 561 541; x_wconf 89' lang='lat' dir='ltr'>Christus</span> <span class='ocrx_word' id='word_1_71' title='bbox 580 503 821 553; x_wconf 87' lang='lat' dir='ltr'>contempsit,</span> <span class='ocrx_word' id='word_1_72' title='bbox 843 503 1059 540; x_wconf 91' lang='lat' dir='ltr'>secundum</span> <span class='ocrx_word' id='word_1_73' title='bbox 1079 502 1171 539; x_wconf 92' lang='lat' dir='ltr'>illud</span> <span class='ocrx_word' id='word_1_74' title='bbox 1190 503 1326 539; x_wconf 90' lang='lat' dir='ltr'>Matth.</span> <span class='ocrx_word' id='word_1_75' title='bbox 1342 514 1400 539; x_wconf 86' lang='lat' dir='ltr'>vm</span> <span class='ocrx_word' id='word_1_76' title='bbox 1413 501 1449 539; x_wconf 87' lang='lat'>*:</span> 
     </span>
     <span class='ocr_line' id='line_1_19' title="bbox 386 555 1448 604; baseline -0.003 -10"><span class='ocrx_word' id='word_1_77' title='bbox 386 557 501 594; x_wconf 83' lang='lat' dir='ltr'>Filius</span> <span class='ocrx_word' id='word_1_78' title='bbox 519 558 697 594; x_wconf 78' lang='lat' dir='ltr'><strong><em>Hominis</em></strong></span> <span class='ocrx_word' id='word_1_79' title='bbox 716 569 790 593; x_wconf 83' lang='lat' dir='ltr'>non</span> <span class='ocrx_word' id='word_1_80' title='bbox 810 557 918 593; x_wconf 82' lang='lat' dir='ltr'>habet</span> <span class='ocrx_word' id='word_1_81' title='bbox 937 557 1000 593; x_wconf 83' lang='lat' dir='ltr'>ubi</span> <span class='ocrx_word' id='word_1_82' title='bbox 1026 561 1135 604; x_wconf 85' lang='lat' dir='ltr'>caput</span> <span class='ocrx_word' id='word_1_83' title='bbox 1153 567 1260 592; x_wconf 86' lang='lat' dir='ltr'>suum</span> <span class='ocrx_word' id='word_1_84' title='bbox 1287 555 1448 592; x_wconf 86' lang='lat' dir='ltr'>reclinet.</span> 
     </span>
     <span class='ocr_line' id='line_1_20' title="bbox 386 607 1450 658; baseline -0.002 -12"><span class='ocrx_word' id='word_1_85' title='bbox 386 609 660 658; x_wconf 85' lang='lat' dir='ltr'>Temperantia</span> <span class='ocrx_word' id='word_1_86' title='bbox 687 609 802 646; x_wconf 90' lang='grc'>0113111</span> <span class='ocrx_word' id='word_1_87' title='bbox 821 616 857 645; x_wconf 87' lang='grc'>01</span> <span class='ocrx_word' id='word_1_88' title='bbox 875 607 1109 645; x_wconf 84' lang='lat' dir='ltr'>continentia</span> <span class='ocrx_word' id='word_1_89' title='bbox 1128 615 1216 644; x_wconf 91' lang='lat' dir='ltr'>sunt</span> <span class='ocrx_word' id='word_1_90' title='bbox 1242 607 1341 645; x_wconf 87' lang='lat' dir='ltr'>circa</span> <span class='ocrx_word' id='word_1_91' title='bbox 1360 619 1450 644; x_wconf 92' lang='lat' dir='ltr'>con-</span> 
     </span>
     <span class='ocr_line' id='line_1_21' title="bbox 386 660 1448 712; baseline -0.003 -13"><span class='ocrx_word' id='word_1_92' title='bbox 386 662 637 712; x_wconf 89' lang='lat' dir='ltr'>cupiscentias</span> <span class='ocrx_word' id='word_1_93' title='bbox 656 674 813 710; x_wconf 89' lang='lat' dir='ltr'>pravas:</span> <span class='ocrx_word' id='word_1_94' title='bbox 835 673 933 710; x_wconf 90' lang='lat' dir='ltr'>quae</span> <span class='ocrx_word' id='word_1_95' title='bbox 954 660 993 697; x_wconf 93' lang='lat' dir='ltr'>in</span> <span class='ocrx_word' id='word_1_96' title='bbox 1013 660 1165 697; x_wconf 90' lang='lat' dir='ltr'>Christo</span> <span class='ocrx_word' id='word_1_97' title='bbox 1185 673 1265 698; x_wconf 92' lang='lat' dir='ltr'>non</span> <span class='ocrx_word' id='word_1_98' title='bbox 1284 661 1448 698; x_wconf 86' lang='lat' dir='ltr'>fuerunt.</span> 
     </span>
     <span class='ocr_line' id='line_1_22' title="bbox 387 713 1160 763; baseline -0.003 -11"><span class='ocrx_word' id='word_1_99' title='bbox 387 716 488 763; x_wconf 87' lang='lat' dir='ltr'>Ergo</span> <span class='ocrx_word' id='word_1_100' title='bbox 519 715 693 752; x_wconf 87' lang='lat' dir='ltr'>Christus</span> <span class='ocrx_word' id='word_1_101' title='bbox 721 726 801 751; x_wconf 92' lang='lat' dir='ltr'>non</span> <span class='ocrx_word' id='word_1_102' title='bbox 830 713 964 751; x_wconf 87' lang='lat' dir='ltr'>habuit</span> <span class='ocrx_word' id='word_1_103' title='bbox 991 713 1160 750; x_wconf 85' lang='lat' dir='ltr'>virtutes.</span> 
     </span>
    </p>

    <p class='ocr_par' dir='ltr' id='par_1_12' title="bbox 384 765 1453 1028">
     <span class='ocr_line' id='line_1_23' title="bbox 440 765 1453 816; baseline -0.003 -11"><span class='ocrx_word' id='word_1_104' title='bbox 440 769 514 805; x_wconf 75' lang='lat' dir='ltr'>SED</span> <span class='ocrx_word' id='word_1_105' title='bbox 534 779 678 805; x_wconf 81' lang='lat' dir='ltr'>CONTRA</span> <span class='ocrx_word' id='word_1_106' title='bbox 698 779 762 804; x_wconf 86' lang='lat' dir='ltr'>EST</span> <span class='ocrx_word' id='word_1_107' title='bbox 782 767 889 816; x_wconf 92' lang='lat' dir='ltr'>quod</span> <span class='ocrx_word' id='word_1_108' title='bbox 917 778 1034 815; x_wconf 90' lang='lat' dir='ltr'>super</span> <span class='ocrx_word' id='word_1_109' title='bbox 1053 765 1145 803; x_wconf 90' lang='lat' dir='ltr'>illud</span> <span class='ocrx_word' id='word_1_110' title='bbox 1166 765 1307 803; x_wconf 85' lang='lat' dir='ltr'>Psalmi</span> <span class='ocrx_word' id='word_1_111' title='bbox 1326 765 1358 813; x_wconf 61' lang='lat'>³²,</span> <span class='ocrx_word' id='word_1_112' title='bbox 1380 765 1453 802; x_wconf 88' lang='lat' dir='ltr'>Sed</span> 
     </span>
     <span class='ocr_line' id='line_1_24' title="bbox 386 818 1451 870; baseline -0.003 -12"><span class='ocrx_word' id='word_1_113' title='bbox 386 822 422 858; x_wconf 86' lang='lat' dir='ltr'>in</span> <span class='ocrx_word' id='word_1_114' title='bbox 451 821 535 870; x_wconf 82' lang='lat' dir='ltr'>lege</span> <span class='ocrx_word' id='word_1_115' title='bbox 552 821 708 858; x_wconf 88' lang='lat' dir='ltr'>Domini</span> <span class='ocrx_word' id='word_1_116' title='bbox 725 820 894 857; x_wconf 84' lang='lat' dir='ltr'>voluntas</span> <span class='ocrx_word' id='word_1_117' title='bbox 921 821 1009 865; x_wconf 88' lang='lat' dir='ltr'>eius,</span> <span class='ocrx_word' id='word_1_118' title='bbox 1035 818 1125 856; x_wconf 91' lang='lat' dir='ltr'>dicit</span> <span class='ocrx_word' id='word_1_119' title='bbox 1150 819 1287 856; x_wconf 90' lang='lat' dir='ltr'>Glossa</span> <span class='ocrx_word' id='word_1_120' title='bbox 1306 818 1342 855; x_wconf 78' lang='grc' dir='ltr'>*ε</span> <span class='ocrx_word' id='word_1_121' title='bbox 1372 819 1451 855; x_wconf 88' lang='lat' dir='ltr'>Hic</span> 
     </span>
     <span class='ocr_line' id='line_1_25' title="bbox 385 871 1450 922; baseline -0.002 -12"><span class='ocrx_word' id='word_1_122' title='bbox 385 874 585 910; x_wconf 80' lang='lat' dir='ltr'>ostenditur</span> <span class='ocrx_word' id='word_1_123' title='bbox 615 874 778 910; x_wconf 85' lang='lat' dir='ltr'>Christus</span> <span class='ocrx_word' id='word_1_124' title='bbox 800 873 935 922; x_wconf 78' lang='lat' dir='ltr'>plenus</span> <span class='ocrx_word' id='word_1_125' title='bbox 962 873 1067 909; x_wconf 89' lang='lat' dir='ltr'>omni</span> <span class='ocrx_word' id='word_1_126' title='bbox 1097 874 1206 909; x_wconf 85' lang='lat' dir='ltr'>bono.</span> <span class='ocrx_word' id='word_1_127' title='bbox 1243 871 1320 908; x_wconf 89' lang='lat' dir='ltr'>Sed</span> <span class='ocrx_word' id='word_1_128' title='bbox 1351 873 1450 908; x_wconf 84' lang='lat' dir='ltr'>bona</span> 
     </span>
     <span class='ocr_line' id='line_1_26' title="bbox 343 923 1451 975; baseline -0.003 -11.879"><span class='ocrx_word' id='word_1_129' title='bbox 343 926 540 975; x_wconf 83' lang='lat' dir='ltr'>qualitas</span> <span class='ocrx_word' id='word_1_130' title='bbox 576 927 706 962; x_wconf 81' lang='lat' dir='ltr'>mentis</span> <span class='ocrx_word' id='word_1_131' title='bbox 741 932 795 962; x_wconf 91' lang='lat' dir='ltr'>est</span> <span class='ocrx_word' id='word_1_132' title='bbox 831 924 952 961; x_wconf 90' lang='lat' dir='ltr'>virtus</span> <span class='ocrx_word' id='word_1_133' title='bbox 970 924 1001 961; x_wconf 65' lang='lat'>³¹³.</span> <span class='ocrx_word' id='word_1_134' title='bbox 1040 925 1142 972; x_wconf 84' lang='lat' dir='ltr'>Ergo</span> <span class='ocrx_word' id='word_1_135' title='bbox 1172 923 1346 961; x_wconf 90' lang='lat' dir='ltr'>Christus</span> <span class='ocrx_word' id='word_1_136' title='bbox 1383 923 1451 960; x_wconf 86' lang='lat' dir='ltr'>fuit</span> 
     </span>
     <span class='ocr_line' id='line_1_27' title="bbox 384 977 835 1028; baseline -0.002 -13"><span class='ocrx_word' id='word_1_137' title='bbox 384 979 522 1028; x_wconf 90' lang='lat' dir='ltr'>plenus</span> <span class='ocrx_word' id='word_1_138' title='bbox 551 977 659 1015; x_wconf 92' lang='lat' dir='ltr'>omni</span> <span class='ocrx_word' id='word_1_139' title='bbox 686 977 835 1015; x_wconf 85' lang='lat' dir='ltr'>virtute.</span> 
     </span>
    </p>

    <p class='ocr_par' dir='ltr' id='par_1_13' title="bbox 383 1029 1450 1648">
     <span class='ocr_line' id='line_1_28' title="bbox 438 1029 1450 1079; baseline -0.001 -11"><span class='ocrx_word' id='word_1_140' title='bbox 438 1032 662 1068; x_wconf 81' lang='lat' dir='ltr'>RESPONDEO</span> <span class='ocrx_word' id='word_1_141' title='bbox 690 1042 871 1068; x_wconf 70' lang='grc' dir='ltr'>0103ΝοοΜ</span> <span class='ocrx_word' id='word_1_142' title='bbox 909 1030 1035 1079; x_wconf 92' lang='lat' dir='ltr'>quod,</span> <span class='ocrx_word' id='word_1_143' title='bbox 1066 1029 1162 1066; x_wconf 90' lang='grc'>510111</span> <span class='ocrx_word' id='word_1_144' title='bbox 1195 1029 1235 1066; x_wconf 90' lang='grc'>111</span> <span class='ocrx_word' id='word_1_145' title='bbox 1271 1030 1450 1067; x_wconf 90' lang='lat' dir='ltr'>Secunda</span> 
     </span>
     <span class='ocr_line' id='line_1_29' title="bbox 384 1082 1449 1132; baseline -0.002 -11"><span class='ocrx_word' id='word_1_146' title='bbox 384 1086 494 1121; x_wconf 90' lang='lat' dir='ltr'>Parte</span> <span class='ocrx_word' id='word_1_147' title='bbox 514 1084 533 1106; x_wconf 83' lang='lat'>*</span> <span class='ocrx_word' id='word_1_148' title='bbox 561 1083 737 1120; x_wconf 89' lang='lat' dir='ltr'>habitum</span> <span class='ocrx_word' id='word_1_149' title='bbox 766 1091 840 1130; x_wconf 89' lang='lat' dir='ltr'>est,</span> <span class='ocrx_word' id='word_1_150' title='bbox 871 1082 967 1120; x_wconf 91' lang='lat' dir='ltr'>sicut</span> <span class='ocrx_word' id='word_1_151' title='bbox 994 1082 1111 1131; x_wconf 86' lang='lat' dir='ltr'>gratia</span> <span class='ocrx_word' id='word_1_152' title='bbox 1140 1082 1290 1132; x_wconf 88' lang='lat' dir='ltr'>respicit</span> <span class='ocrx_word' id='word_1_153' title='bbox 1322 1094 1449 1119; x_wconf 87' lang='lat' dir='ltr'>essen-</span> 
     </span>
     <span class='ocr_line' id='line_1_30' title="bbox 384 1134 1447 1184; baseline -0.001 -11"><span class='ocrx_word' id='word_1_154' title='bbox 384 1137 476 1174; x_wconf 83' lang='lat' dir='ltr'>tiam</span> <span class='ocrx_word' id='word_1_155' title='bbox 504 1136 675 1183; x_wconf 88' lang='lat' dir='ltr'>animae,</span> <span class='ocrx_word' id='word_1_156' title='bbox 706 1135 755 1173; x_wconf 91' lang='lat' dir='ltr'>ita</span> <span class='ocrx_word' id='word_1_157' title='bbox 783 1135 903 1172; x_wconf 89' lang='lat' dir='ltr'>virtus</span> <span class='ocrx_word' id='word_1_158' title='bbox 932 1135 1082 1184; x_wconf 84' lang='lat' dir='ltr'>respicit</span> <span class='ocrx_word' id='word_1_159' title='bbox 1114 1134 1197 1172; x_wconf 91' lang='lat' dir='ltr'>eius</span> <span class='ocrx_word' id='word_1_160' title='bbox 1224 1135 1447 1184; x_wconf 90' lang='lat' dir='ltr'>potentiam.</span> 
     </span>
     <span class='ocr_line' id='line_1_31' title="bbox 385 1188 1449 1238; baseline -0.002 -11"><span class='ocrx_word' id='word_1_161' title='bbox 385 1190 495 1227; x_wconf 90' lang='lat' dir='ltr'>Unde</span> <span class='ocrx_word' id='word_1_162' title='bbox 524 1197 675 1238; x_wconf 89' lang='lat' dir='ltr'>oportet</span> <span class='ocrx_word' id='word_1_163' title='bbox 703 1189 827 1238; x_wconf 93' lang='lat' dir='ltr'>quod,</span> <span class='ocrx_word' id='word_1_164' title='bbox 858 1188 955 1225; x_wconf 90' lang='lat' dir='ltr'>sicut</span> <span class='ocrx_word' id='word_1_165' title='bbox 982 1188 1175 1237; x_wconf 89' lang='lat' dir='ltr'>potentiae</span> <span class='ocrx_word' id='word_1_166' title='bbox 1204 1188 1356 1225; x_wconf 88' lang='lat' dir='ltr'>animae</span> <span class='ocrx_word' id='word_1_167' title='bbox 1385 1188 1449 1225; x_wconf 89' lang='lat' dir='ltr'>de-</span> 
     </span>
     <span class='ocr_line' id='line_1_32' title="bbox 384 1240 1449 1290; baseline -0.001 -11"><span class='ocrx_word' id='word_1_168' title='bbox 384 1242 556 1279; x_wconf 91' lang='lat' dir='ltr'>rivantur</span> <span class='ocrx_word' id='word_1_169' title='bbox 583 1241 631 1278; x_wconf 94' lang='lat' dir='ltr'>ab</span> <span class='ocrx_word' id='word_1_170' title='bbox 658 1241 740 1278; x_wconf 91' lang='lat' dir='ltr'>eius</span> <span class='ocrx_word' id='word_1_171' title='bbox 769 1241 942 1288; x_wconf 87' lang='lat' dir='ltr'>essentia,</span> <span class='ocrx_word' id='word_1_172' title='bbox 963 1240 1014 1278; x_wconf 89' lang='lat' dir='ltr'>ita</span> <span class='ocrx_word' id='word_1_173' title='bbox 1041 1240 1199 1278; x_wconf 88' lang='lat' dir='ltr'>virtutes</span> <span class='ocrx_word' id='word_1_174' title='bbox 1218 1248 1307 1278; x_wconf 92' lang='lat' dir='ltr'>sunt</span> <span class='ocrx_word' id='word_1_175' title='bbox 1335 1253 1449 1290; x_wconf 90' lang='lat' dir='ltr'>quae-</span> 
     </span>
     <span class='ocr_line' id='line_1_33' title="bbox 384 1293 1448 1342; baseline -0.002 -10"><span class='ocrx_word' id='word_1_176' title='bbox 384 1296 475 1332; x_wconf 90' lang='lat' dir='ltr'>dam</span> <span class='ocrx_word' id='word_1_177' title='bbox 508 1294 763 1331; x_wconf 84' lang='lat' dir='ltr'>derivationes</span> <span class='ocrx_word' id='word_1_178' title='bbox 797 1293 936 1342; x_wconf 86' lang='lat' dir='ltr'>gratiae</span> <span class='ocrx_word' id='word_1_179' title='bbox 962 1293 993 1330; x_wconf 69' lang='lat'>²¹².</span> <span class='ocrx_word' id='word_1_180' title='bbox 1033 1294 1191 1341; x_wconf 89' lang='lat' dir='ltr'>Quanto</span> <span class='ocrx_word' id='word_1_181' title='bbox 1227 1301 1357 1331; x_wconf 90' lang='lat' dir='ltr'>autem</span> <span class='ocrx_word' id='word_1_182' title='bbox 1385 1293 1448 1331; x_wconf 91' lang='lat' dir='ltr'>ali-</span> 
     </span>
     <span class='ocr_line' id='line_1_34' title="bbox 384 1346 1448 1397; baseline -0.002 -12"><span class='ocrx_word' id='word_1_183' title='bbox 384 1347 491 1397; x_wconf 89' lang='lat' dir='ltr'>quod</span> <span class='ocrx_word' id='word_1_184' title='bbox 518 1346 752 1397; x_wconf 89' lang='lat' dir='ltr'>principium</span> <span class='ocrx_word' id='word_1_185' title='bbox 785 1355 840 1383; x_wconf 91' lang='lat' dir='ltr'>est</span> <span class='ocrx_word' id='word_1_186' title='bbox 866 1346 1081 1396; x_wconf 89' lang='lat' dir='ltr'>perfectius,</span> <span class='ocrx_word' id='word_1_187' title='bbox 1101 1354 1206 1383; x_wconf 90' lang='lat' dir='ltr'>tanto</span> <span class='ocrx_word' id='word_1_188' title='bbox 1235 1346 1355 1395; x_wconf 85' lang='lat' dir='ltr'>magis</span> <span class='ocrx_word' id='word_1_189' title='bbox 1378 1346 1448 1383; x_wconf 92' lang='lat' dir='ltr'>im-</span> 
     </span>
     <span class='ocr_line' id='line_1_35' title="bbox 383 1398 1449 1450; baseline -0.001 -13"><span class='ocrx_word' id='word_1_190' title='bbox 383 1400 513 1450; x_wconf 88' lang='lat' dir='ltr'>primit</span> <span class='ocrx_word' id='word_1_191' title='bbox 541 1412 632 1437; x_wconf 90' lang='lat' dir='ltr'>suos</span> <span class='ocrx_word' id='word_1_192' title='bbox 669 1400 839 1437; x_wconf 85' lang='lat' dir='ltr'>effectus.</span> <span class='ocrx_word' id='word_1_193' title='bbox 882 1399 1014 1446; x_wconf 91' lang='lat' dir='ltr'>Unde,</span> <span class='ocrx_word' id='word_1_194' title='bbox 1045 1411 1136 1436; x_wconf 90' lang='lat' dir='ltr'>cum</span> <span class='ocrx_word' id='word_1_195' title='bbox 1163 1399 1280 1447; x_wconf 86' lang='lat' dir='ltr'>gratia</span> <span class='ocrx_word' id='word_1_196' title='bbox 1309 1398 1449 1436; x_wconf 91' lang='lat' dir='ltr'>Christi</span> 
     </span>
     <span class='ocr_line' id='line_1_36' title="bbox 384 1451 1449 1502; baseline -0.002 -12"><span class='ocrx_word' id='word_1_197' title='bbox 384 1453 494 1490; x_wconf 89' lang='lat' dir='ltr'>fuerit</span> <span class='ocrx_word' id='word_1_198' title='bbox 512 1452 795 1502; x_wconf 90' lang='lat' dir='ltr'>perfectissima,</span> <span class='ocrx_word' id='word_1_199' title='bbox 817 1464 1059 1501; x_wconf 90' lang='lat' dir='ltr'>consequens</span> <span class='ocrx_word' id='word_1_200' title='bbox 1087 1459 1143 1489; x_wconf 91' lang='lat' dir='ltr'>est</span> <span class='ocrx_word' id='word_1_201' title='bbox 1171 1452 1277 1501; x_wconf 86' lang='lat' dir='ltr'>quod</span> <span class='ocrx_word' id='word_1_202' title='bbox 1297 1464 1344 1488; x_wconf 87' lang='lat' dir='ltr'>ex</span> <span class='ocrx_word' id='word_1_203' title='bbox 1368 1451 1449 1501; x_wconf 91' lang='lat' dir='ltr'>ipsa</span> 
     </span>
     <span class='ocr_line' id='line_1_37' title="bbox 384 1503 1450 1556; baseline -0.001 -14"><span class='ocrx_word' id='word_1_204' title='bbox 384 1505 638 1556; x_wconf 88' lang='lat' dir='ltr'>processerint</span> <span class='ocrx_word' id='word_1_205' title='bbox 675 1505 832 1542; x_wconf 91' lang='lat' dir='ltr'>virtutes</span> <span class='ocrx_word' id='word_1_206' title='bbox 870 1505 918 1541; x_wconf 91' lang='lat' dir='ltr'>ad</span> <span class='ocrx_word' id='word_1_207' title='bbox 960 1504 1242 1554; x_wconf 88' lang='lat' dir='ltr'>perficiendum</span> <span class='ocrx_word' id='word_1_208' title='bbox 1284 1503 1450 1552; x_wconf 86' lang='lat' dir='ltr'>singulas</span> 
     </span>
     <span class='ocr_line' id='line_1_38' title="bbox 383 1556 1449 1608; baseline -0.002 -13"><span class='ocrx_word' id='word_1_209' title='bbox 383 1557 571 1608; x_wconf 87' lang='lat' dir='ltr'>potentias</span> <span class='ocrx_word' id='word_1_210' title='bbox 608 1557 788 1604; x_wconf 76' lang='lat' dir='ltr'>animae,</span> <span class='ocrx_word' id='word_1_211' title='bbox 812 1565 1002 1606; x_wconf 88' lang='lat' dir='ltr'>quantum</span> <span class='ocrx_word' id='word_1_212' title='bbox 1039 1557 1087 1594; x_wconf 91' lang='lat' dir='ltr'>ad</span> <span class='ocrx_word' id='word_1_213' title='bbox 1124 1569 1260 1594; x_wconf 90' lang='lat' dir='ltr'>omnes</span> <span class='ocrx_word' id='word_1_214' title='bbox 1297 1556 1449 1594; x_wconf 89' lang='lat' dir='ltr'>animae</span> 
     </span>
     <span class='ocr_line' id='line_1_39' title="bbox 384 1609 1385 1648; baseline -0.002 0"><span class='ocrx_word' id='word_1_215' title='bbox 384 1619 501 1648; x_wconf 88' lang='grc'>301115.</span> <span class='ocrx_word' id='word_1_216' title='bbox 533 1612 580 1647; x_wconf 88' lang='grc' dir='ltr'>Ε1</span> <span class='ocrx_word' id='word_1_217' title='bbox 608 1610 658 1647; x_wconf 88' lang='grc'>113</span> <span class='ocrx_word' id='word_1_218' title='bbox 687 1610 862 1647; x_wconf 88' lang='lat' dir='ltr'>Christus</span> <span class='ocrx_word' id='word_1_219' title='bbox 890 1609 1023 1646; x_wconf 87' lang='lat' dir='ltr'>habuit</span> <span class='ocrx_word' id='word_1_220' title='bbox 1051 1621 1189 1646; x_wconf 91' lang='lat' dir='ltr'>omnes</span> <span class='ocrx_word' id='word_1_221' title='bbox 1216 1609 1385 1646; x_wconf 85' lang='lat' dir='ltr'>virtutes.</span> 
     </span>
    </p>

    <p class='ocr_par' dir='ltr' id='par_1_14' title="bbox 384 1662 1450 1975">
     <span class='ocr_line' id='line_1_40' title="bbox 437 1662 1450 1712; baseline -0.001 -12"><span class='ocrx_word' id='word_1_222' title='bbox 437 1665 494 1701; x_wconf 81' lang='lat' dir='ltr'>An</span> <span class='ocrx_word' id='word_1_223' title='bbox 524 1675 657 1701; x_wconf 83' lang='lat' dir='ltr'>PRIMUM</span> <span class='ocrx_word' id='word_1_224' title='bbox 687 1675 784 1700; x_wconf 81' lang='lat' dir='ltr'>ERGO</span> <span class='ocrx_word' id='word_1_225' title='bbox 813 1675 995 1700; x_wconf 65' lang='lat' dir='ltr'>memnon</span> <span class='ocrx_word' id='word_1_226' title='bbox 1024 1663 1130 1712; x_wconf 90' lang='lat' dir='ltr'>quod</span> <span class='ocrx_word' id='word_1_227' title='bbox 1159 1662 1276 1711; x_wconf 86' lang='lat' dir='ltr'>gratia</span> <span class='ocrx_word' id='word_1_228' title='bbox 1311 1662 1450 1699; x_wconf 88' lang='lat' dir='ltr'>sufficit</span> 
     </span>
     <span class='ocr_line' id='line_1_41' title="bbox 385 1715 1449 1765; baseline -0.001 -11"><span class='ocrx_word' id='word_1_229' title='bbox 385 1716 534 1754; x_wconf 90' lang='lat' dir='ltr'>homini</span> <span class='ocrx_word' id='word_1_230' title='bbox 562 1724 752 1765; x_wconf 91' lang='lat' dir='ltr'>quantum</span> <span class='ocrx_word' id='word_1_231' title='bbox 772 1716 821 1753; x_wconf 91' lang='lat' dir='ltr'>ad</span> <span class='ocrx_word' id='word_1_232' title='bbox 847 1715 979 1752; x_wconf 90' lang='lat' dir='ltr'>omnia</span> <span class='ocrx_word' id='word_1_233' title='bbox 1007 1715 1148 1764; x_wconf 92' lang='lat' dir='ltr'>quibus</span> <span class='ocrx_word' id='word_1_234' title='bbox 1177 1715 1376 1752; x_wconf 88' lang='lat' dir='ltr'>ordinatur</span> <span class='ocrx_word' id='word_1_235' title='bbox 1400 1715 1449 1753; x_wconf 89' lang='lat' dir='ltr'>ad</span> 
     </span>
     <span class='ocr_line' id='line_1_42' title="bbox 384 1768 1450 1818; baseline -0.002 -12"><span class='ocrx_word' id='word_1_236' title='bbox 384 1769 672 1807; x_wconf 86' lang='lat' dir='ltr'>beatitudinem.</span> <span class='ocrx_word' id='word_1_237' title='bbox 714 1770 868 1806; x_wconf 90' lang='lat' dir='ltr'>Horum</span> <span class='ocrx_word' id='word_1_238' title='bbox 905 1776 1035 1805; x_wconf 91' lang='lat' dir='ltr'>tamen</span> <span class='ocrx_word' id='word_1_239' title='bbox 1072 1768 1265 1818; x_wconf 89' lang='lat' dir='ltr'>quaedam</span> <span class='ocrx_word' id='word_1_240' title='bbox 1302 1768 1450 1817; x_wconf 89' lang='lat' dir='ltr'>perficit</span> 
     </span>
     <span class='ocr_line' id='line_1_43' title="bbox 384 1820 1449 1870; baseline -0.002 -11"><span class='ocrx_word' id='word_1_241' title='bbox 384 1822 501 1870; x_wconf 88' lang='lat' dir='ltr'>gratia</span> <span class='ocrx_word' id='word_1_242' title='bbox 529 1821 749 1859; x_wconf 88' lang='lat' dir='ltr'>immediate</span> <span class='ocrx_word' id='word_1_243' title='bbox 777 1833 847 1870; x_wconf 92' lang='lat' dir='ltr'>per</span> <span class='ocrx_word' id='word_1_244' title='bbox 875 1820 1059 1869; x_wconf 76' lang='lat' dir='ltr'>seipsam,</span> <span class='ocrx_word' id='word_1_245' title='bbox 1090 1820 1185 1857; x_wconf 87' lang='lat' dir='ltr'>sicut</span> <span class='ocrx_word' id='word_1_246' title='bbox 1219 1828 1370 1868; x_wconf 87' lang='lat' dir='ltr'>gratum</span> <span class='ocrx_word' id='word_1_247' title='bbox 1398 1820 1449 1857; x_wconf 82' lang='lat' dir='ltr'>fa-</span> 
     </span>
     <span class='ocr_line' id='line_1_44' title="bbox 385 1873 1450 1922; baseline -0.001 -11"><span class='ocrx_word' id='word_1_248' title='bbox 385 1887 470 1911; x_wconf 90' lang='lat' dir='ltr'>cere</span> <span class='ocrx_word' id='word_1_249' title='bbox 499 1876 605 1922; x_wconf 87' lang='lat' dir='ltr'>Deo,</span> <span class='ocrx_word' id='word_1_250' title='bbox 636 1882 671 1910; x_wconf 91' lang='lat' dir='ltr'>et</span> <span class='ocrx_word' id='word_1_251' title='bbox 706 1874 777 1911; x_wconf 89' lang='lat' dir='ltr'>alia</span> <span class='ocrx_word' id='word_1_252' title='bbox 806 1873 1050 1910; x_wconf 90' lang='lat' dir='ltr'>huiusmodi:</span> <span class='ocrx_word' id='word_1_253' title='bbox 1090 1874 1283 1922; x_wconf 90' lang='lat' dir='ltr'>quaedam</span> <span class='ocrx_word' id='word_1_254' title='bbox 1320 1880 1450 1910; x_wconf 90' lang='lat' dir='ltr'>autem</span> 
     </span>
     <span class='ocr_line' id='line_1_45' title="bbox 386 1926 1448 1975; baseline -0.002 -11"><span class='ocrx_word' id='word_1_255' title='bbox 386 1927 643 1964; x_wconf 90' lang='lat' dir='ltr'>mediantibus</span> <span class='ocrx_word' id='word_1_256' title='bbox 662 1926 878 1974; x_wconf 78' lang='lat' dir='ltr'>virtutibus,</span> <span class='ocrx_word' id='word_1_257' title='bbox 899 1938 998 1975; x_wconf 90' lang='lat' dir='ltr'>quae</span> <span class='ocrx_word' id='word_1_258' title='bbox 1019 1938 1065 1963; x_wconf 86' lang='lat' dir='ltr'>ex</span> <span class='ocrx_word' id='word_1_259' title='bbox 1083 1926 1200 1975; x_wconf 89' lang='lat' dir='ltr'>gratia</span> <span class='ocrx_word' id='word_1_260' title='bbox 1221 1926 1448 1975; x_wconf 90' lang='lat' dir='ltr'>procedunt.</span> 
     </span>
    </p>

    <p class='ocr_par' dir='ltr' id='par_1_15' title="bbox 385 1978 1450 2188">
     <span class='ocr_line' id='line_1_46' title="bbox 438 1978 1449 2028; baseline -0.001 -12"><span class='ocrx_word' id='word_1_261' title='bbox 438 1982 495 2017; x_wconf 83' lang='lat' dir='ltr'>An</span> <span class='ocrx_word' id='word_1_262' title='bbox 523 1992 712 2018; x_wconf 79' lang='lat' dir='ltr'>SECUNDUM</span> <span class='ocrx_word' id='word_1_263' title='bbox 740 1991 921 2017; x_wconf 82' lang='lat' dir='ltr'>DtcENDUM</span> <span class='ocrx_word' id='word_1_264' title='bbox 957 1979 1064 2028; x_wconf 92' lang='lat' dir='ltr'>quod</span> <span class='ocrx_word' id='word_1_265' title='bbox 1102 1978 1254 2016; x_wconf 91' lang='lat' dir='ltr'>habitus</span> <span class='ocrx_word' id='word_1_266' title='bbox 1291 1978 1350 2015; x_wconf 93' lang='lat' dir='ltr'>ille</span> <span class='ocrx_word' id='word_1_267' title='bbox 1384 1979 1449 2015; x_wconf 93' lang='lat' dir='ltr'>he-</span> 
     </span>
     <span class='ocr_line' id='line_1_47' title="bbox 386 2031 1450 2070; baseline -0.002 0"><span class='ocrx_word' id='word_1_268' title='bbox 386 2032 513 2070; x_wconf 90' lang='lat' dir='ltr'>roicus</span> <span class='ocrx_word' id='word_1_269' title='bbox 547 2034 608 2070; x_wconf 91' lang='lat' dir='ltr'>vel</span> <span class='ocrx_word' id='word_1_270' title='bbox 643 2032 798 2070; x_wconf 90' lang='lat' dir='ltr'>divinus</span> <span class='ocrx_word' id='word_1_271' title='bbox 835 2044 915 2069; x_wconf 91' lang='lat' dir='ltr'>non</span> <span class='ocrx_word' id='word_1_272' title='bbox 953 2031 1078 2069; x_wconf 89' lang='lat' dir='ltr'>differt</span> <span class='ocrx_word' id='word_1_273' title='bbox 1113 2044 1135 2069; x_wconf 93' lang='lat' dir='ltr'>a</span> <span class='ocrx_word' id='word_1_274' title='bbox 1168 2031 1307 2068; x_wconf 90' lang='lat' dir='ltr'>virtute</span> <span class='ocrx_word' id='word_1_275' title='bbox 1345 2043 1450 2068; x_wconf 92' lang='lat' dir='ltr'>com-</span> 
     </span>
     <span class='ocr_line' id='line_1_48' title="bbox 385 2084 1450 2134; baseline -0.003 -11"><span class='ocrx_word' id='word_1_276' title='bbox 385 2085 554 2123; x_wconf 91' lang='lat' dir='ltr'>muniter</span> <span class='ocrx_word' id='word_1_277' title='bbox 580 2085 679 2122; x_wconf 89' lang='lat' dir='ltr'>dicta</span> <span class='ocrx_word' id='word_1_278' title='bbox 714 2085 786 2122; x_wconf 92' lang='lat' dir='ltr'>nisi</span> <span class='ocrx_word' id='word_1_279' title='bbox 815 2085 1031 2122; x_wconf 90' lang='lat' dir='ltr'>secundum</span> <span class='ocrx_word' id='word_1_280' title='bbox 1066 2084 1331 2134; x_wconf 90' lang='lat' dir='ltr'>perfectiorem</span> <span class='ocrx_word' id='word_1_281' title='bbox 1366 2096 1450 2121; x_wconf 89' lang='lat' dir='ltr'>mo-</span> 
     </span>
     <span class='ocr_line' id='line_1_49' title="bbox 385 2137 1450 2188; baseline -0.003 -12"><span class='ocrx_word' id='word_1_282' title='bbox 385 2139 493 2186; x_wconf 92' lang='lat' dir='ltr'>dum,</span> <span class='ocrx_word' id='word_1_283' title='bbox 514 2138 744 2188; x_wconf 88' lang='lat' dir='ltr'>inquantum</span> <span class='ocrx_word' id='word_1_284' title='bbox 773 2137 911 2175; x_wconf 90' lang='grc'>50111001</span> <span class='ocrx_word' id='word_1_285' title='bbox 930 2137 1065 2187; x_wconf 89' lang='lat' dir='ltr'>aliquis</span> <span class='ocrx_word' id='word_1_286' title='bbox 1094 2145 1149 2174; x_wconf 92' lang='lat' dir='ltr'>est</span> <span class='ocrx_word' id='word_1_287' title='bbox 1177 2137 1383 2186; x_wconf 86' lang='lat' dir='ltr'>dispositus</span> <span class='ocrx_word' id='word_1_288' title='bbox 1402 2137 1450 2174; x_wconf 91' lang='lat' dir='ltr'>ad</span> 
     </span>
    </p>
   </div>
   <div class='ocr_carea' id='block_1_12' title="bbox 437 2270 789 2305">
    <p class='ocr_par' dir='ltr' id='par_1_16' title="bbox 437 2270 789 2305">
     <span class='ocr_line' id='line_1_50' title="bbox 437 2270 789 2305; baseline -0.003 -10"><span class='ocrx_word' id='word_1_289' title='bbox 437 2270 465 2305; x_wconf 86' lang='grc' dir='ltr'>α)</span> <span class='ocrx_word' id='word_1_290' title='bbox 483 2271 571 2296; x_wconf 79' lang='lat' dir='ltr'>simul.</span> <span class='ocrx_word' id='word_1_291' title='bbox 590 2285 609 2289; x_wconf 90' lang='lat'>-</span> <span class='ocrx_word' id='word_1_292' title='bbox 628 2270 688 2295; x_wconf 91' lang='lat' dir='ltr'>Om.</span> <span class='ocrx_word' id='word_1_293' title='bbox 709 2270 789 2295; x_wconf 87' lang='lat' dir='ltr'>tertia.</span> 
     </span>
    </p>
   </div>
   <div class='ocr_carea' id='block_1_13' title="bbox 1477 621 1479 2187">
    <p class='ocr_par' dir='ltr' id='par_1_17' title="bbox 1477 621 1479 2187">
     <span class='ocr_line' id='line_1_51' title="bbox 1477 621 1479 2187; baseline 0 0"><span class='ocrx_word' id='word_1_294' title='bbox 1477 621 1479 2187; x_wconf 95' lang='lat' dir='ltr'> </span> 
     </span>
    </p>
   </div>
   <div class='ocr_carea' id='block_1_14' title="bbox 1100 266 1860 314">
    <p class='ocr_par' dir='ltr' id='par_1_18' title="bbox 1100 266 1860 314">
     <span class='ocr_line' id='line_1_52' title="bbox 1100 266 1860 314; baseline 0 -9"><span class='ocrx_word' id='word_1_295' title='bbox 1100 267 1363 314; x_wconf 92' lang='lat' dir='ltr'>QUAESTIO</span> <span class='ocrx_word' id='word_1_296' title='bbox 1392 267 1476 313; x_wconf 93' lang='lat' dir='ltr'>VII,</span> <span class='ocrx_word' id='word_1_297' title='bbox 1509 266 1801 305; x_wconf 92' lang='lat' dir='ltr'>ARTICULUS</span> <span class='ocrx_word' id='word_1_298' title='bbox 1830 269 1860 305; x_wconf 88' lang='lat' dir='ltr'>II</span> 
     </span>
    </p>
   </div>
   <div class='ocr_carea' id='block_1_15' title="bbox 1503 344 2609 2173">
    <p class='ocr_par' dir='ltr' id='par_1_19' title="bbox 1504 344 2568 710">
     <span class='ocr_line' id='line_1_53' title="bbox 1506 344 2568 395; baseline 0.004 -15"><span class='ocrx_word' id='word_1_299' title='bbox 1506 344 1657 381; x_wconf 92' lang='lat' dir='ltr'>bonum</span> <span class='ocrx_word' id='word_1_300' title='bbox 1676 346 1849 394; x_wconf 90' lang='lat' dir='ltr'>quodam</span> <span class='ocrx_word' id='word_1_301' title='bbox 1873 345 1998 383; x_wconf 74' lang='lat' dir='ltr'>¹altiori</span> <span class='ocrx_word' id='word_1_302' title='bbox 2022 346 2142 383; x_wconf 91' lang='lat' dir='ltr'>modo</span> <span class='ocrx_word' id='word_1_303' title='bbox 2162 358 2282 395; x_wconf 89' lang='lat' dir='ltr'>quam</span> <span class='ocrx_word' id='word_1_304' title='bbox 2309 347 2568 384; x_wconf 90' lang='lat' dir='ltr'>communiter</span> 
     </span>
     <span class='ocr_line' id='line_1_54' title="bbox 1506 397 2567 448; baseline 0.004 -15"><span class='ocrx_word' id='word_1_305' title='bbox 1506 397 1688 434; x_wconf 89' lang='lat' dir='ltr'>omnibus</span> <span class='ocrx_word' id='word_1_306' title='bbox 1716 406 1919 447; x_wconf 88' lang='lat' dir='ltr'>competat.</span> <span class='ocrx_word' id='word_1_307' title='bbox 1956 399 2067 436; x_wconf 90' lang='lat' dir='ltr'>Unde</span> <span class='ocrx_word' id='word_1_308' title='bbox 2094 411 2164 448; x_wconf 90' lang='lat' dir='ltr'>per</span> <span class='ocrx_word' id='word_1_309' title='bbox 2192 400 2267 436; x_wconf 91' lang='lat' dir='ltr'>hoc</span> <span class='ocrx_word' id='word_1_310' title='bbox 2294 411 2374 436; x_wconf 90' lang='lat' dir='ltr'>non</span> <span class='ocrx_word' id='word_1_311' title='bbox 2402 399 2567 437; x_wconf 91' lang='lat' dir='ltr'>ostendi-</span> 
     </span>
     <span class='ocr_line' id='line_1_55' title="bbox 1505 450 2566 502; baseline 0.004 -16"><span class='ocrx_word' id='word_1_312' title='bbox 1505 457 1567 486; x_wconf 91' lang='lat' dir='ltr'>tur</span> <span class='ocrx_word' id='word_1_313' title='bbox 1595 450 1702 498; x_wconf 93' lang='lat' dir='ltr'>quod</span> <span class='ocrx_word' id='word_1_314' title='bbox 1723 450 1897 488; x_wconf 91' lang='lat' dir='ltr'>Christus</span> <span class='ocrx_word' id='word_1_315' title='bbox 1915 463 1996 488; x_wconf 91' lang='lat' dir='ltr'>non</span> <span class='ocrx_word' id='word_1_316' title='bbox 2015 451 2149 488; x_wconf 90' lang='lat' dir='ltr'>habuit</span> <span class='ocrx_word' id='word_1_317' title='bbox 2167 451 2343 489; x_wconf 87' lang='lat' dir='ltr'>virtutes:</span> <span class='ocrx_word' id='word_1_318' title='bbox 2373 452 2440 489; x_wconf 89' lang='lat' dir='ltr'>sed</span> <span class='ocrx_word' id='word_1_319' title='bbox 2459 453 2566 502; x_wconf 91' lang='lat' dir='ltr'>quod</span> 
     </span>
     <span class='ocr_line' id='line_1_56' title="bbox 1506 502 2566 562; baseline 0.004 -24"><span class='ocrx_word' id='word_1_320' title='bbox 1506 502 1640 539; x_wconf 85' lang='lat' dir='ltr'>habuit</span> <span class='ocrx_word' id='word_1_321' title='bbox 1667 514 1731 540; x_wconf 90' lang='lat' dir='ltr'>eas</span> <span class='ocrx_word' id='word_1_322' title='bbox 1758 503 2049 562; x_wconf 82' lang='lat' dir='ltr'>perfectissime,</span> <span class='ocrx_word' id='word_1_323' title='bbox 2078 505 2176 541; x_wconf 90' lang='lat' dir='ltr'>ultra</span> <span class='ocrx_word' id='word_1_324' title='bbox 2204 516 2456 541; x_wconf 90' lang='lat' dir='ltr'>communem</span> <span class='ocrx_word' id='word_1_325' title='bbox 2483 517 2566 543; x_wconf 90' lang='lat' dir='ltr'>mo-</span> 
     </span>
     <span class='ocr_line' id='line_1_57' title="bbox 1505 554 2566 606; baseline 0.003 -15"><span class='ocrx_word' id='word_1_326' title='bbox 1505 554 1613 591; x_wconf 90' lang='lat' dir='ltr'>dum.</span> <span class='ocrx_word' id='word_1_327' title='bbox 1649 554 1754 592; x_wconf 88' lang='lat' dir='ltr'>Sicut</span> <span class='ocrx_word' id='word_1_328' title='bbox 1781 555 1897 593; x_wconf 92' lang='lat' dir='ltr'>etiam</span> <span class='ocrx_word' id='word_1_329' title='bbox 1924 556 2095 594; x_wconf 88' lang='lat' dir='ltr'>Plotinus</span> <span class='ocrx_word' id='word_1_330' title='bbox 2122 557 2252 606; x_wconf 89' lang='lat' dir='ltr'>posuit</span> <span class='ocrx_word' id='word_1_331' title='bbox 2279 557 2476 606; x_wconf 85' lang='lat' dir='ltr'>quendam</span> <span class='ocrx_word' id='word_1_332' title='bbox 2504 569 2566 595; x_wconf 88' lang='lat' dir='ltr'>su-</span> 
     </span>
     <span class='ocr_line' id='line_1_58' title="bbox 1505 606 2566 660; baseline 0.004 -17"><span class='ocrx_word' id='word_1_333' title='bbox 1505 606 1665 644; x_wconf 90' lang='lat' dir='ltr'>blimem</span> <span class='ocrx_word' id='word_1_334' title='bbox 1693 609 1859 645; x_wconf 92' lang='lat' dir='ltr'>modum</span> <span class='ocrx_word' id='word_1_335' title='bbox 1886 608 2091 656; x_wconf 88' lang='lat' dir='ltr'>virtutum,</span> <span class='ocrx_word' id='word_1_336' title='bbox 2115 622 2217 659; x_wconf 89' lang='lat' dir='ltr'>quas</span> <span class='ocrx_word' id='word_1_337' title='bbox 2245 621 2327 646; x_wconf 88' lang='lat' dir='ltr'>esse</span> <span class='ocrx_word' id='word_1_338' title='bbox 2362 609 2455 647; x_wconf 87' lang='lat' dir='ltr'>dixit</span> <span class='ocrx_word' id='word_1_339' title='bbox 2476 623 2566 660; x_wconf 83' lang='lat' dir='ltr'>pur-</span> 
     </span>
     <span class='ocr_line' id='line_1_59' title="bbox 1504 660 1776 710; baseline -0.004 -13"><span class='ocrx_word' id='word_1_340' title='bbox 1504 661 1586 710; x_wconf 83' lang='lat' dir='ltr'>gati</span> <span class='ocrx_word' id='word_1_341' title='bbox 1611 661 1730 697; x_wconf 83' lang='lat' dir='ltr'>animi</span> <span class='ocrx_word' id='word_1_342' title='bbox 1745 660 1776 697; x_wconf 69' lang='lat'>²⁸³.</span> 
     </span>
    </p>

    <p class='ocr_par' dir='ltr' id='par_1_20' title="bbox 1503 680 2568 1502">
     <span class='ocr_line' id='line_1_60' title="bbox 1558 680 2566 763; baseline 0.003 -14"><span class='ocrx_word' id='word_1_343' title='bbox 1558 714 1615 749; x_wconf 84' lang='lat' dir='ltr'>An</span> <span class='ocrx_word' id='word_1_344' title='bbox 1642 724 1802 751; x_wconf 65' lang='lat' dir='ltr'>’reanum</span> <span class='ocrx_word' id='word_1_345' title='bbox 1829 725 2010 751; x_wconf 77' lang='lat' dir='ltr'>mcENDUM</span> <span class='ocrx_word' id='word_1_346' title='bbox 2046 715 2154 763; x_wconf 92' lang='lat' dir='ltr'>quod</span> <span class='ocrx_word' id='word_1_347' title='bbox 2189 680 2388 752; x_wconf 88' lang='lat' dir='ltr'>liberalitas</span> <span class='ocrx_word' id='word_1_348' title='bbox 2416 723 2453 752; x_wconf 90' lang='lat' dir='ltr'>et</span> <span class='ocrx_word' id='word_1_349' title='bbox 2486 726 2566 752; x_wconf 88' lang='grc'>1113-</span> 
     </span>
     <span class='ocr_line' id='line_1_61' title="bbox 1504 765 2566 817; baseline 0.003 -15"><span class='ocrx_word' id='word_1_350' title='bbox 1504 765 1722 813; x_wconf 85' lang='lat' dir='ltr'>gnificentia</span> <span class='ocrx_word' id='word_1_351' title='bbox 1750 767 2074 804; x_wconf 88' lang='lat' dir='ltr'>commendantur</span> <span class='ocrx_word' id='word_1_352' title='bbox 2101 767 2199 804; x_wconf 90' lang='lat' dir='ltr'>circa</span> <span class='ocrx_word' id='word_1_353' title='bbox 2226 767 2374 805; x_wconf 90' lang='lat' dir='ltr'>divitias</span> <span class='ocrx_word' id='word_1_354' title='bbox 2404 767 2566 817; x_wconf 88' lang='lat' dir='ltr'>inquan-</span> 
     </span>
     <span class='ocr_line' id='line_1_62' title="bbox 1504 817 2567 870; baseline 0.003 -15"><span class='ocrx_word' id='word_1_355' title='bbox 1504 826 1588 855; x_wconf 88' lang='lat' dir='ltr'>tum</span> <span class='ocrx_word' id='word_1_356' title='bbox 1607 817 1743 867; x_wconf 84' lang='lat' dir='ltr'>aliquis</span> <span class='ocrx_word' id='word_1_357' title='bbox 1762 830 1843 856; x_wconf 92' lang='lat' dir='ltr'>non</span> <span class='ocrx_word' id='word_1_358' title='bbox 1866 826 2015 856; x_wconf 83' lang='lat' dir='ltr'>tantum</span> <span class='ocrx_word' id='word_1_359' title='bbox 2042 819 2275 868; x_wconf 84' lang='lat' dir='ltr'>appretiatur</span> <span class='ocrx_word' id='word_1_360' title='bbox 2292 819 2442 857; x_wconf 86' lang='lat' dir='ltr'>divitias</span> <span class='ocrx_word' id='word_1_361' title='bbox 2460 821 2567 870; x_wconf 92' lang='lat' dir='ltr'>quod</span> 
     </span>
     <span class='ocr_line' id='line_1_63' title="bbox 1504 870 2567 922; baseline 0.003 -15"><span class='ocrx_word' id='word_1_362' title='bbox 1504 870 1594 908; x_wconf 90' lang='lat' dir='ltr'>velit</span> <span class='ocrx_word' id='word_1_363' title='bbox 1620 883 1685 908; x_wconf 87' lang='lat' dir='ltr'>eas</span> <span class='ocrx_word' id='word_1_364' title='bbox 1714 871 1874 908; x_wconf 88' lang='lat' dir='ltr'>retinere</span> <span class='ocrx_word' id='word_1_365' title='bbox 1902 872 2240 921; x_wconf 88' lang='lat' dir='ltr'>praetermittendo</span> <span class='ocrx_word' id='word_1_366' title='bbox 2274 873 2312 910; x_wconf 93' lang='lat' dir='ltr'>id</span> <span class='ocrx_word' id='word_1_367' title='bbox 2340 873 2447 922; x_wconf 90' lang='lat' dir='ltr'>quod</span> <span class='ocrx_word' id='word_1_368' title='bbox 2483 873 2567 910; x_wconf 91' lang='lat' dir='ltr'>fieri</span> 
     </span>
     <span class='ocr_line' id='line_1_64' title="bbox 1505 924 2568 982; baseline 0.003 -22"><span class='ocrx_word' id='word_1_369' title='bbox 1505 931 1665 982; x_wconf 92' lang='lat' dir='ltr'>oportet.</span> <span class='ocrx_word' id='word_1_370' title='bbox 1704 925 1766 960; x_wconf 92' lang='grc'>1110</span> <span class='ocrx_word' id='word_1_371' title='bbox 1794 932 1926 961; x_wconf 86' lang='lat' dir='ltr'>autem</span> <span class='ocrx_word' id='word_1_372' title='bbox 1959 924 2119 962; x_wconf 87' lang='lat' dir='ltr'>minime</span> <span class='ocrx_word' id='word_1_373' title='bbox 2153 925 2303 962; x_wconf 87' lang='lat' dir='ltr'>divitias</span> <span class='ocrx_word' id='word_1_374' title='bbox 2334 924 2568 975; x_wconf 83' lang='lat' dir='ltr'>appretiatur</span> 
     </span>
     <span class='ocr_line' id='line_1_65' title="bbox 1504 975 2566 1028; baseline 0.003 -15"><span class='ocrx_word' id='word_1_375' title='bbox 1504 975 1572 1025; x_wconf 92' lang='lat' dir='ltr'>qui</span> <span class='ocrx_word' id='word_1_376' title='bbox 1599 976 1751 1025; x_wconf 92' lang='lat' dir='ltr'>penitus</span> <span class='ocrx_word' id='word_1_377' title='bbox 1780 989 1845 1014; x_wconf 87' lang='lat' dir='ltr'>eas</span> <span class='ocrx_word' id='word_1_378' title='bbox 1872 977 2084 1014; x_wconf 90' lang='lat' dir='ltr'>contemnit</span> <span class='ocrx_word' id='word_1_379' title='bbox 2101 985 2138 1014; x_wconf 93' lang='lat' dir='ltr'>et</span> <span class='ocrx_word' id='word_1_380' title='bbox 2156 977 2282 1015; x_wconf 87' lang='lat' dir='ltr'>abiicit</span> <span class='ocrx_word' id='word_1_381' title='bbox 2299 987 2456 1028; x_wconf 88' lang='lat' dir='ltr'>propter</span> <span class='ocrx_word' id='word_1_382' title='bbox 2482 990 2566 1027; x_wconf 91' lang='lat' dir='ltr'>per-</span> 
     </span>
     <span class='ocr_line' id='line_1_66' title="bbox 1504 1028 2566 1080; baseline 0.003 -15"><span class='ocrx_word' id='word_1_383' title='bbox 1504 1028 1675 1066; x_wconf 88' lang='lat' dir='ltr'>fectionis</span> <span class='ocrx_word' id='word_1_384' title='bbox 1695 1041 1882 1066; x_wconf 89' lang='lat' dir='ltr'>amorem.</span> <span class='ocrx_word' id='word_1_385' title='bbox 1904 1030 1952 1066; x_wconf 91' lang='lat' dir='ltr'>Et</span> <span class='ocrx_word' id='word_1_386' title='bbox 1971 1029 2087 1067; x_wconf 90' lang='lat' dir='ltr'>ideo</span> <span class='ocrx_word' id='word_1_387' title='bbox 2078 1042 2119 1067; x_wconf 87' lang='grc'>111</span> <span class='ocrx_word' id='word_1_388' title='bbox 2137 1030 2240 1067; x_wconf 88' lang='grc'>1100</span> <span class='ocrx_word' id='word_1_389' title='bbox 2231 1042 2316 1079; x_wconf 81' lang='lat' dir='ltr'>ipso</span> <span class='ocrx_word' id='word_1_390' title='bbox 2335 1031 2442 1080; x_wconf 93' lang='lat' dir='ltr'>quod</span> <span class='ocrx_word' id='word_1_391' title='bbox 2458 1030 2566 1068; x_wconf 87' lang='lat' dir='ltr'>Chri-</span> 
     </span>
     <span class='ocr_line' id='line_1_67' title="bbox 1505 1081 2567 1132; baseline 0.002 -14"><span class='ocrx_word' id='word_1_392' title='bbox 1505 1090 1583 1119; x_wconf 91' lang='lat' dir='ltr'>stus</span> <span class='ocrx_word' id='word_1_393' title='bbox 1612 1094 1749 1119; x_wconf 89' lang='lat' dir='ltr'>omnes</span> <span class='ocrx_word' id='word_1_394' title='bbox 1787 1081 1936 1119; x_wconf 87' lang='lat' dir='ltr'>divitias</span> <span class='ocrx_word' id='word_1_395' title='bbox 1972 1082 2223 1132; x_wconf 88' lang='lat' dir='ltr'>contempsit,</span> <span class='ocrx_word' id='word_1_396' title='bbox 2252 1083 2417 1120; x_wconf 88' lang='lat' dir='ltr'>ostendit</span> <span class='ocrx_word' id='word_1_397' title='bbox 2452 1083 2492 1120; x_wconf 92' lang='lat' dir='ltr'>in</span> <span class='ocrx_word' id='word_1_398' title='bbox 2527 1095 2567 1120; x_wconf 91' lang='lat' dir='ltr'>se</span> 
     </span>
     <span class='ocr_line' id='line_1_68' title="bbox 1504 1134 2565 1184; baseline 0.002 -13"><span class='ocrx_word' id='word_1_399' title='bbox 1504 1147 1705 1172; x_wconf 90' lang='lat' dir='ltr'>summum</span> <span class='ocrx_word' id='word_1_400' title='bbox 1733 1135 1896 1183; x_wconf 88' lang='lat' dir='ltr'>gradum</span> <span class='ocrx_word' id='word_1_401' title='bbox 1931 1134 2159 1172; x_wconf 87' lang='lat' dir='ltr'>liberalitatis</span> <span class='ocrx_word' id='word_1_402' title='bbox 2187 1143 2223 1172; x_wconf 91' lang='lat' dir='ltr'>et</span> <span class='ocrx_word' id='word_1_403' title='bbox 2250 1135 2565 1184; x_wconf 87' lang='lat' dir='ltr'>magnificentiae.</span> 
     </span>
     <span class='ocr_line' id='line_1_69' title="bbox 1503 1187 2567 1233; baseline 0.002 -9"><span class='ocrx_word' id='word_1_404' title='bbox 1503 1187 1610 1224; x_wconf 91' lang='lat' dir='ltr'>Licet</span> <span class='ocrx_word' id='word_1_405' title='bbox 1638 1187 1752 1224; x_wconf 91' lang='lat' dir='ltr'>etiam</span> <span class='ocrx_word' id='word_1_406' title='bbox 1780 1187 2008 1225; x_wconf 89' lang='lat' dir='ltr'>liberalitatis</span> <span class='ocrx_word' id='word_1_407' title='bbox 2032 1195 2161 1225; x_wconf 88' lang='lat' dir='ltr'>actum</span> <span class='ocrx_word' id='word_1_408' title='bbox 2189 1188 2410 1233; x_wconf 89' lang='lat' dir='ltr'>exercuerit,</span> <span class='ocrx_word' id='word_1_409' title='bbox 2433 1200 2567 1226; x_wconf 90' lang='lat' dir='ltr'>secun-</span> 
     </span>
     <span class='ocr_line' id='line_1_70' title="bbox 1503 1239 2567 1291; baseline 0.002 -14"><span class='ocrx_word' id='word_1_410' title='bbox 1503 1240 1600 1277; x_wconf 90' lang='lat' dir='ltr'>dum</span> <span class='ocrx_word' id='word_1_411' title='bbox 1629 1241 1736 1289; x_wconf 92' lang='lat' dir='ltr'>quod</span> <span class='ocrx_word' id='word_1_412' title='bbox 1768 1239 1839 1277; x_wconf 90' lang='lat' dir='ltr'>sibi</span> <span class='ocrx_word' id='word_1_413' title='bbox 1874 1240 2110 1278; x_wconf 90' lang='lat' dir='ltr'>conveniens</span> <span class='ocrx_word' id='word_1_414' title='bbox 2138 1249 2235 1288; x_wconf 87' lang='lat' dir='ltr'>erat,</span> <span class='ocrx_word' id='word_1_415' title='bbox 2264 1241 2438 1278; x_wconf 89' lang='lat' dir='ltr'>faciendo</span> <span class='ocrx_word' id='word_1_416' title='bbox 2472 1253 2567 1291; x_wconf 90' lang='lat' dir='ltr'>pau-</span> 
     </span>
     <span class='ocr_line' id='line_1_71' title="bbox 1503 1292 2567 1342; baseline 0.003 -13"><span class='ocrx_word' id='word_1_417' title='bbox 1503 1292 1660 1342; x_wconf 90' lang='lat' dir='ltr'>peribus</span> <span class='ocrx_word' id='word_1_418' title='bbox 1687 1293 1834 1342; x_wconf 85' lang='lat' dir='ltr'>erogari</span> <span class='ocrx_word' id='word_1_419' title='bbox 1863 1305 1962 1342; x_wconf 91' lang='lat' dir='ltr'>quae</span> <span class='ocrx_word' id='word_1_420' title='bbox 1990 1293 2061 1330; x_wconf 92' lang='lat' dir='ltr'>sibi</span> <span class='ocrx_word' id='word_1_421' title='bbox 2089 1293 2296 1331; x_wconf 87' lang='lat' dir='ltr'>dabantur:</span> <span class='ocrx_word' id='word_1_422' title='bbox 2331 1294 2447 1340; x_wconf 90' lang='lat' dir='ltr'>unde,</span> <span class='ocrx_word' id='word_1_423' title='bbox 2475 1306 2567 1332; x_wconf 92' lang='grc'>011111</span> 
     </span>
     <span class='ocr_line' id='line_1_72' title="bbox 1503 1345 2568 1396; baseline 0.002 -14"><span class='ocrx_word' id='word_1_424' title='bbox 1503 1345 1697 1383; x_wconf 91' lang='lat' dir='ltr'>Dominus</span> <span class='ocrx_word' id='word_1_425' title='bbox 1724 1345 1817 1383; x_wconf 88' lang='lat' dir='ltr'>dixit</span> <span class='ocrx_word' id='word_1_426' title='bbox 1844 1346 1972 1393; x_wconf 90' lang='lat' dir='ltr'>Iudae,</span> <span class='ocrx_word' id='word_1_427' title='bbox 1992 1347 2095 1383; x_wconf 88' lang='lat' dir='ltr'>Ioan.</span> <span class='ocrx_word' id='word_1_428' title='bbox 2116 1358 2173 1383; x_wconf 86' lang='lat' dir='ltr'>xm</span> <span class='ocrx_word' id='word_1_429' title='bbox 2187 1346 2218 1393; x_wconf 74' lang='lat'>³¹⁸,</span> <span class='ocrx_word' id='word_1_430' title='bbox 2245 1347 2356 1389; x_wconf 83' lang='lat' dir='ltr'>Quod</span> <span class='ocrx_word' id='word_1_431' title='bbox 2369 1347 2485 1395; x_wconf 73' lang='lat' dir='ltr'>facis,</span> <span class='ocrx_word' id='word_1_432' title='bbox 2494 1347 2568 1396; x_wconf 85' lang='lat' dir='ltr'>sac</span> 
     </span>
     <span class='ocr_line' id='line_1_73' title="bbox 1503 1398 2566 1448; baseline 0.001 -13"><span class='ocrx_word' id='word_1_433' title='bbox 1503 1399 1618 1445; x_wconf 83' lang='lat' dir='ltr'>citius,</span> <span class='ocrx_word' id='word_1_434' title='bbox 1639 1398 1813 1448; x_wconf 91' lang='lat' dir='ltr'>discipuli</span> <span class='ocrx_word' id='word_1_435' title='bbox 1838 1398 2101 1436; x_wconf 87' lang='lat' dir='ltr'>intellexerunt</span> <span class='ocrx_word' id='word_1_436' title='bbox 2119 1399 2336 1436; x_wconf 90' lang='lat' dir='ltr'>Dominum</span> <span class='ocrx_word' id='word_1_437' title='bbox 2363 1399 2566 1437; x_wconf 88' lang='lat' dir='ltr'>mandasse</span> 
     </span>
     <span class='ocr_line' id='line_1_74' title="bbox 1503 1451 2111 1502; baseline 0 -14"><span class='ocrx_word' id='word_1_438' title='bbox 1503 1452 1610 1500; x_wconf 93' lang='lat' dir='ltr'>quod</span> <span class='ocrx_word' id='word_1_439' title='bbox 1639 1453 1766 1502; x_wconf 80' lang='lat' dir='ltr'>egenis</span> <span class='ocrx_word' id='word_1_440' title='bbox 1793 1451 1934 1501; x_wconf 82' lang='lat' dir='ltr'>aliquid</span> <span class='ocrx_word' id='word_1_441' title='bbox 1959 1452 2063 1489; x_wconf 85' lang='lat' dir='ltr'>daret</span> <span class='ocrx_word' id='word_1_442' title='bbox 2080 1451 2111 1488; x_wconf 73' lang='lat'>²¹⁶.</span> 
     </span>
    </p>

    <p class='ocr_par' dir='ltr' id='par_1_21' title="bbox 1503 1503 2570 2173">
     <span class='ocr_line' id='line_1_75' title="bbox 1557 1503 2567 1553; baseline 0.002 -12"><span class='ocrx_word' id='word_1_443' title='bbox 1557 1503 1895 1553; x_wconf 88' lang='lat' dir='ltr'>Concupiscentias</span> <span class='ocrx_word' id='word_1_444' title='bbox 1910 1511 2040 1541; x_wconf 91' lang='lat' dir='ltr'>autem</span> <span class='ocrx_word' id='word_1_445' title='bbox 2055 1516 2192 1553; x_wconf 90' lang='lat' dir='ltr'>pravas</span> <span class='ocrx_word' id='word_1_446' title='bbox 2213 1504 2386 1542; x_wconf 90' lang='lat' dir='ltr'>Christus</span> <span class='ocrx_word' id='word_1_447' title='bbox 2405 1505 2567 1543; x_wconf 90' lang='lat' dir='ltr'>omnino</span> 
     </span>
     <span class='ocr_line' id='line_1_76' title="bbox 1503 1556 2567 1606; baseline 0.002 -13"><span class='ocrx_word' id='word_1_448' title='bbox 1503 1568 1583 1594; x_wconf 89' lang='lat' dir='ltr'>non</span> <span class='ocrx_word' id='word_1_449' title='bbox 1604 1556 1754 1594; x_wconf 92' lang='lat' dir='ltr'>habuit:</span> <span class='ocrx_word' id='word_1_450' title='bbox 1785 1556 1881 1594; x_wconf 91' lang='lat' dir='ltr'>sicut</span> <span class='ocrx_word' id='word_1_451' title='bbox 1905 1556 2033 1594; x_wconf 73' lang='lat' dir='ltr'>infra*</span> <span class='ocrx_word' id='word_1_452' title='bbox 2058 1556 2211 1606; x_wconf 89' lang='lat' dir='ltr'>patebit.</span> <span class='ocrx_word' id='word_1_453' title='bbox 2242 1558 2402 1606; x_wconf 90' lang='lat' dir='ltr'>Propter</span> <span class='ocrx_word' id='word_1_454' title='bbox 2420 1558 2496 1595; x_wconf 87' lang='lat' dir='ltr'>hoc</span> <span class='ocrx_word' id='word_1_455' title='bbox 2514 1565 2567 1596; x_wconf 86' lang='lat' dir='ltr'>ta-</span> 
     </span>
     <span class='ocr_line' id='line_1_77' title="bbox 1504 1607 2566 1659; baseline 0.001 -13"><span class='ocrx_word' id='word_1_456' title='bbox 1504 1621 1595 1646; x_wconf 90' lang='lat' dir='ltr'>men</span> <span class='ocrx_word' id='word_1_457' title='bbox 1615 1607 1695 1646; x_wconf 86' lang='lat' dir='ltr'>n&#39;on</span> <span class='ocrx_word' id='word_1_458' title='bbox 1715 1609 1928 1646; x_wconf 91' lang='lat' dir='ltr'>excluditur</span> <span class='ocrx_word' id='word_1_459' title='bbox 1947 1609 2041 1658; x_wconf 92' lang='lat' dir='ltr'>quin</span> <span class='ocrx_word' id='word_1_460' title='bbox 2060 1609 2237 1646; x_wconf 90' lang='lat' dir='ltr'>habuerit</span> <span class='ocrx_word' id='word_1_461' title='bbox 2254 1610 2566 1659; x_wconf 86' lang='lat' dir='ltr'>temperantiam:</span> 
     </span>
     <span class='ocr_line' id='line_1_78' title="bbox 1503 1661 2568 1712; baseline 0.001 -13"><span class='ocrx_word' id='word_1_462' title='bbox 1503 1669 1603 1711; x_wconf 87' lang='lat' dir='ltr'>quae</span> <span class='ocrx_word' id='word_1_463' title='bbox 1631 1670 1736 1699; x_wconf 91' lang='lat' dir='ltr'>tanto</span> <span class='ocrx_word' id='word_1_464' title='bbox 1764 1661 1964 1711; x_wconf 90' lang='lat' dir='ltr'>perfectior</span> <span class='ocrx_word' id='word_1_465' title='bbox 1987 1669 2042 1699; x_wconf 90' lang='lat' dir='ltr'>est</span> <span class='ocrx_word' id='word_1_466' title='bbox 2069 1662 2109 1698; x_wconf 91' lang='lat' dir='ltr'>in</span> <span class='ocrx_word' id='word_1_467' title='bbox 2128 1661 2287 1699; x_wconf 91' lang='lat' dir='ltr'>homine</span> <span class='ocrx_word' id='word_1_468' title='bbox 2315 1670 2459 1712; x_wconf 90' lang='lat' dir='ltr'>quanto</span> <span class='ocrx_word' id='word_1_469' title='bbox 2487 1674 2568 1700; x_wconf 90' lang='lat' dir='ltr'>ma-</span> 
     </span>
     <span class='ocr_line' id='line_1_79' title="bbox 1503 1714 2569 1764; baseline 0.003 -13"><span class='ocrx_word' id='word_1_470' title='bbox 1503 1714 1557 1763; x_wconf 90' lang='lat' dir='ltr'>gis</span> <span class='ocrx_word' id='word_1_471' title='bbox 1577 1714 1705 1764; x_wconf 90' lang='lat' dir='ltr'>pravis</span> <span class='ocrx_word' id='word_1_472' title='bbox 1729 1714 2048 1764; x_wconf 88' lang='lat' dir='ltr'>concupiscentiis</span> <span class='ocrx_word' id='word_1_473' title='bbox 2067 1722 2178 1752; x_wconf 90' lang='lat' dir='ltr'>caret.</span> <span class='ocrx_word' id='word_1_474' title='bbox 2207 1715 2331 1758; x_wconf 89' lang='lat' dir='ltr'>Unde,</span> <span class='ocrx_word' id='word_1_475' title='bbox 2352 1715 2569 1755; x_wconf 90' lang='lat' dir='ltr'>secundum</span> 
     </span>
     <span class='ocr_line' id='line_1_80' title="bbox 1503 1767 2570 1817; baseline 0.002 -13"><span class='ocrx_word' id='word_1_476' title='bbox 1503 1767 1799 1817; x_wconf 86' lang='lat' dir='ltr'>Philosophum,</span> <span class='ocrx_word' id='word_1_477' title='bbox 1829 1767 1869 1804; x_wconf 91' lang='lat' dir='ltr'>in</span> <span class='ocrx_word' id='word_1_478' title='bbox 1887 1768 1952 1805; x_wconf 91' lang='lat' dir='ltr'>VII</span> <span class='ocrx_word' id='word_1_479' title='bbox 1971 1769 2088 1805; x_wconf 83' lang='lat' dir='ltr'>Ethic.</span> <span class='ocrx_word' id='word_1_480' title='bbox 2108 1767 2140 1815; x_wconf 82' lang='lat'>*,</span> <span class='ocrx_word' id='word_1_481' title='bbox 2169 1775 2404 1817; x_wconf 88' lang='lat' dir='ltr'>temperatus</span> <span class='ocrx_word' id='word_1_482' title='bbox 2431 1767 2471 1805; x_wconf 89' lang='lat' dir='ltr'>in</span> <span class='ocrx_word' id='word_1_483' title='bbox 2492 1768 2570 1806; x_wconf 89' lang='lat' dir='ltr'>hoc</span> 
     </span>
     <span class='ocr_line' id='line_1_81' title="bbox 1503 1819 2569 1870; baseline 0.002 -13"><span class='ocrx_word' id='word_1_484' title='bbox 1503 1820 1630 1857; x_wconf 84' lang='lat' dir='ltr'>differt</span> <span class='ocrx_word' id='word_1_485' title='bbox 1656 1833 1679 1857; x_wconf 92' lang='lat' dir='ltr'>a</span> <span class='ocrx_word' id='word_1_486' title='bbox 1706 1819 1937 1867; x_wconf 90' lang='lat' dir='ltr'>continente,</span> <span class='ocrx_word' id='word_1_487' title='bbox 1967 1820 2074 1869; x_wconf 93' lang='lat' dir='ltr'>quod</span> <span class='ocrx_word' id='word_1_488' title='bbox 2093 1828 2326 1870; x_wconf 88' lang='lat' dir='ltr'>temperatus</span> <span class='ocrx_word' id='word_1_489' title='bbox 2354 1833 2435 1858; x_wconf 91' lang='lat' dir='ltr'>non</span> <span class='ocrx_word' id='word_1_490' title='bbox 2453 1820 2569 1859; x_wconf 85' lang='lat' dir='ltr'>habet</span> 
     </span>
     <span class='ocr_line' id='line_1_82' title="bbox 1504 1872 2566 1923; baseline 0.001 -14"><span class='ocrx_word' id='word_1_491' title='bbox 1504 1885 1643 1922; x_wconf 90' lang='lat' dir='ltr'>pravas</span> <span class='ocrx_word' id='word_1_492' title='bbox 1677 1872 2024 1922; x_wconf 83' lang='lat' dir='ltr'>concupiscentias,</span> <span class='ocrx_word' id='word_1_493' title='bbox 2054 1885 2151 1922; x_wconf 92' lang='lat' dir='ltr'>quas</span> <span class='ocrx_word' id='word_1_494' title='bbox 2187 1873 2388 1910; x_wconf 90' lang='lat' dir='ltr'>continens</span> <span class='ocrx_word' id='word_1_495' title='bbox 2415 1873 2566 1923; x_wconf 89' lang='lat' dir='ltr'>patitur.</span> 
     </span>
     <span class='ocr_line' id='line_1_83' title="bbox 1504 1925 2567 1974; baseline 0.001 -12"><span class='ocrx_word' id='word_1_496' title='bbox 1504 1926 1637 1972; x_wconf 93' lang='lat' dir='ltr'>Unde,</span> <span class='ocrx_word' id='word_1_497' title='bbox 1667 1925 1720 1962; x_wconf 92' lang='lat' dir='ltr'>sic</span> <span class='ocrx_word' id='word_1_498' title='bbox 1748 1925 1972 1974; x_wconf 92' lang='lat' dir='ltr'>accipiendo</span> <span class='ocrx_word' id='word_1_499' title='bbox 2009 1925 2283 1963; x_wconf 90' lang='lat' dir='ltr'>continentiam</span> <span class='ocrx_word' id='word_1_500' title='bbox 2311 1925 2407 1964; x_wconf 89' lang='lat' dir='ltr'>sicut</span> <span class='ocrx_word' id='word_1_501' title='bbox 2439 1925 2567 1963; x_wconf 91' lang='lat' dir='ltr'>Philo-</span> 
     </span>
     <span class='ocr_line' id='line_1_84' title="bbox 1505 1977 2567 2028; baseline 0.001 -13"><span class='ocrx_word' id='word_1_502' title='bbox 1505 1979 1653 2028; x_wconf 92' lang='lat' dir='ltr'>sophus</span> <span class='ocrx_word' id='word_1_503' title='bbox 1680 1977 1835 2028; x_wconf 86' lang='lat' dir='ltr'>accipit,</span> <span class='ocrx_word' id='word_1_504' title='bbox 1865 1990 1911 2015; x_wconf 89' lang='lat' dir='ltr'>ex</span> <span class='ocrx_word' id='word_1_505' title='bbox 1939 1979 2015 2015; x_wconf 91' lang='lat' dir='ltr'>hoc</span> <span class='ocrx_word' id='word_1_506' title='bbox 2042 1978 2126 2028; x_wconf 91' lang='lat' dir='ltr'>ipso</span> <span class='ocrx_word' id='word_1_507' title='bbox 2155 1979 2261 2027; x_wconf 93' lang='lat' dir='ltr'>quod</span> <span class='ocrx_word' id='word_1_508' title='bbox 2291 1978 2464 2016; x_wconf 87' lang='lat' dir='ltr'>Christus</span> <span class='ocrx_word' id='word_1_509' title='bbox 2501 1979 2567 2016; x_wconf 84' lang='lat' dir='ltr'>ha-</span> 
     </span>
     <span class='ocr_line' id='line_1_85' title="bbox 1505 2030 2606 2080; baseline 0.001 -12"><span class='ocrx_word' id='word_1_510' title='bbox 1505 2030 1588 2068; x_wconf 91' lang='lat' dir='ltr'>buit</span> <span class='ocrx_word' id='word_1_511' title='bbox 1615 2043 1775 2068; x_wconf 91' lang='lat' dir='ltr'>omnem</span> <span class='ocrx_word' id='word_1_512' title='bbox 1802 2031 1995 2077; x_wconf 88' lang='lat' dir='ltr'>virtutem,</span> <span class='ocrx_word' id='word_1_513' title='bbox 2020 2043 2099 2068; x_wconf 91' lang='lat' dir='ltr'>non</span> <span class='ocrx_word' id='word_1_514' title='bbox 2128 2031 2262 2068; x_wconf 88' lang='lat' dir='ltr'>habuit</span> <span class='ocrx_word' id='word_1_515' title='bbox 2279 2031 2606 2080; x_wconf 85' lang='lat' dir='ltr'>continentiam,·</span> 
     </span>
     <span class='ocr_line' id='line_1_86' title="bbox 1505 2083 2609 2133; baseline 0.002 -13"><span class='ocrx_word' id='word_1_516' title='bbox 1505 2096 1604 2133; x_wconf 91' lang='lat' dir='ltr'>quae</span> <span class='ocrx_word' id='word_1_517' title='bbox 1637 2096 1718 2121; x_wconf 94' lang='lat' dir='ltr'>non</span> <span class='ocrx_word' id='word_1_518' title='bbox 1750 2091 1806 2120; x_wconf 90' lang='lat' dir='ltr'>est</span> <span class='ocrx_word' id='word_1_519' title='bbox 1836 2083 1957 2121; x_wconf 91' lang='lat' dir='ltr'>virtus</span> <span class='ocrx_word' id='word_1_520' title='bbox 1976 2084 2013 2131; x_wconf 83' lang='lat'>*,</span> <span class='ocrx_word' id='word_1_521' title='bbox 2043 2084 2110 2121; x_wconf 87' lang='lat' dir='ltr'>sed</span> <span class='ocrx_word' id='word_1_522' title='bbox 2147 2083 2291 2133; x_wconf 89' lang='lat' dir='ltr'>aliquid</span> <span class='ocrx_word' id='word_1_523' title='bbox 2327 2083 2457 2122; x_wconf 89' lang='lat' dir='ltr'>minus</span> <span class='ocrx_word' id='word_1_524' title='bbox 2492 2083 2609 2122; x_wconf 89' lang='lat' dir='ltr'>vir-</span> 
     </span>
     <span class='ocr_line' id='line_1_87' title="bbox 1505 2136 1634 2173; baseline 0 0"><span class='ocrx_word' id='word_1_525' title='bbox 1505 2144 1584 2173; x_wconf 90' lang='lat' dir='ltr'>tute</span> <span class='ocrx_word' id='word_1_526' title='bbox 1603 2136 1634 2173; x_wconf 76' lang='lat'>³¹⁸.</span> 
     </span>
    </p>
   </div>
   <div class='ocr_carea' id='block_1_16' title="bbox 1059 2347 1889 2381">
    <p class='ocr_par' dir='ltr' id='par_1_22' title="bbox 1059 2347 1889 2381">
     <span class='ocr_line' id='line_1_88' title="bbox 1059 2347 1889 2381; baseline 0 -1"><span class='ocrx_word' id='word_1_527' title='bbox 1059 2347 1392 2380; x_wconf 69' lang='lat' dir='ltr'>Commentario.</span> <span class='ocrx_word' id='word_1_528' title='bbox 1413 2347 1665 2381; x_wconf 72' lang='lat' dir='ltr'>Car-ainans</span> <span class='ocrx_word' id='word_1_529' title='bbox 1687 2347 1889 2381; x_wconf 79' lang='lat' dir='ltr'>Caietani</span> 
     </span>
    </p>
   </div>
   <div class='ocr_carea' id='block_1_17' title="bbox 382 2426 1449 3609">
    <p class='ocr_par' dir='ltr' id='par_1_23' title="bbox 382 2426 1449 2857">
     <span class='ocr_line' id='line_1_89' title="bbox 413 2426 1448 2468; baseline -0.002 -9"><span class='ocrx_word' id='word_1_530' title='bbox 413 2439 433 2459; x_wconf 75' lang='lat' dir='ltr'>N</span> <span class='ocrx_word' id='word_1_531' title='bbox 457 2429 550 2459; x_wconf 90' lang='lat' dir='ltr'>titulo</span> <span class='ocrx_word' id='word_1_532' title='bbox 578 2427 710 2459; x_wconf 91' lang='lat' dir='ltr'>secundi</span> <span class='ocrx_word' id='word_1_533' title='bbox 739 2428 862 2459; x_wconf 88' lang='lat' dir='ltr'>articuli</span> <span class='ocrx_word' id='word_1_534' title='bbox 893 2428 1088 2468; x_wconf 88' lang='lat' dir='ltr'>quaestionis</span> <span class='ocrx_word' id='word_1_535' title='bbox 1119 2428 1290 2468; x_wconf 86' lang='lat' dir='ltr'>septimae,</span> <span class='ocrx_word' id='word_1_536' title='bbox 1322 2426 1448 2457; x_wconf 88' lang='lat' dir='ltr'>adverte</span> 
     </span>
     <span class='ocr_line' id='line_1_90' title="bbox 386 2442 1448 2514; baseline -0.001 -12"><span class='ocrx_word' id='word_1_537' title='bbox 386 2442 503 2514; x_wconf 78' lang='lat' dir='ltr'>lquod</span> <span class='ocrx_word' id='word_1_538' title='bbox 527 2473 672 2514; x_wconf 88' lang='lat' dir='ltr'>quaestio</span> <span class='ocrx_word' id='word_1_539' title='bbox 689 2478 735 2503; x_wconf 91' lang='lat' dir='ltr'>est</span> <span class='ocrx_word' id='word_1_540' title='bbox 751 2472 790 2503; x_wconf 93' lang='lat' dir='ltr'>de</span> <span class='ocrx_word' id='word_1_541' title='bbox 806 2473 974 2503; x_wconf 87' lang='lat' dir='ltr'>virtutibus</span> <span class='ocrx_word' id='word_1_542' title='bbox 994 2481 1076 2512; x_wconf 90' lang='lat' dir='ltr'>quae</span> <span class='ocrx_word' id='word_1_543' title='bbox 1093 2472 1278 2512; x_wconf 89' lang='lat' dir='ltr'>simpliciter</span> <span class='ocrx_word' id='word_1_544' title='bbox 1293 2476 1448 2502; x_wconf 87' lang='lat' dir='ltr'>vocantur</span> 
     </span>
     <span class='ocr_line' id='line_1_91' title="bbox 382 2515 1449 2557; baseline -0.003 -9"><span class='ocrx_word' id='word_1_545' title='bbox 382 2519 528 2548; x_wconf 83' lang='lat' dir='ltr'>virtutes:</span> <span class='ocrx_word' id='word_1_546' title='bbox 554 2517 663 2557; x_wconf 89' lang='lat' dir='ltr'>quales</span> <span class='ocrx_word' id='word_1_547' title='bbox 686 2517 719 2547; x_wconf 90' lang='lat' dir='ltr'>in</span> <span class='ocrx_word' id='word_1_548' title='bbox 742 2516 948 2557; x_wconf 87' lang='lat' dir='ltr'>philosophia</span> <span class='ocrx_word' id='word_1_549' title='bbox 972 2522 1003 2546; x_wconf 91' lang='lat' dir='ltr'>et</span> <span class='ocrx_word' id='word_1_550' title='bbox 1025 2517 1059 2546; x_wconf 93' lang='lat' dir='ltr'>in</span> <span class='ocrx_word' id='word_1_551' title='bbox 1082 2516 1246 2555; x_wconf 89' lang='lat' dir='ltr'>theologia</span> <span class='ocrx_word' id='word_1_552' title='bbox 1264 2515 1359 2546; x_wconf 89' lang='lat' dir='ltr'>simul</span> <span class='ocrx_word' id='word_1_553' title='bbox 1375 2520 1449 2546; x_wconf 89' lang='lat' dir='ltr'>sunt</span> 
     </span>
     <span class='ocr_line' id='line_1_92' title="bbox 382 2559 1448 2601; baseline -0.003 -9"><span class='ocrx_word' id='word_1_554' title='bbox 382 2562 529 2598; x_wconf 87' lang='lat' dir='ltr'>morales,</span> <span class='ocrx_word' id='word_1_555' title='bbox 554 2567 585 2592; x_wconf 89' lang='lat' dir='ltr'>et</span> <span class='ocrx_word' id='word_1_556' title='bbox 606 2571 714 2591; x_wconf 89' lang='lat' dir='ltr'>rursus</span> <span class='ocrx_word' id='word_1_557' title='bbox 729 2561 763 2590; x_wconf 92' lang='lat' dir='ltr'>in</span> <span class='ocrx_word' id='word_1_558' title='bbox 778 2561 941 2601; x_wconf 87' lang='lat' dir='ltr'>theologia</span> <span class='ocrx_word' id='word_1_559' title='bbox 957 2565 1031 2590; x_wconf 90' lang='lat' dir='ltr'>sunt</span> <span class='ocrx_word' id='word_1_560' title='bbox 1046 2560 1260 2600; x_wconf 81' lang='lat' dir='ltr'>theologales3</span> <span class='ocrx_word' id='word_1_561' title='bbox 1285 2560 1345 2590; x_wconf 89' lang='lat' dir='ltr'>hae</span> <span class='ocrx_word' id='word_1_562' title='bbox 1362 2559 1448 2589; x_wconf 88' lang='lat' dir='ltr'>enim</span> 
     </span>
     <span class='ocr_line' id='line_1_93' title="bbox 382 2604 1448 2648; baseline -0.003 -12"><span class='ocrx_word' id='word_1_563' title='bbox 382 2607 500 2636; x_wconf 89' lang='lat' dir='ltr'>bonum</span> <span class='ocrx_word' id='word_1_564' title='bbox 520 2605 657 2648; x_wconf 86' lang='lat' dir='ltr'>faciunt</span> <span class='ocrx_word' id='word_1_565' title='bbox 682 2605 847 2635; x_wconf 83' lang='lat' dir='ltr'>habentem</span> <span class='ocrx_word' id='word_1_566' title='bbox 866 2605 892 2634; x_wconf 50' lang='grc' dir='ltr'><strong>ἦ</strong></span> <span class='ocrx_word' id='word_1_567' title='bbox 928 2604 1159 2634; x_wconf 81' lang='lat' dir='ltr'>intellectuales</span> <span class='ocrx_word' id='word_1_568' title='bbox 1187 2609 1294 2634; x_wconf 85' lang='lat' dir='ltr'>autem</span> <span class='ocrx_word' id='word_1_569' title='bbox 1317 2604 1448 2634; x_wconf 89' lang='lat' dir='ltr'>virtutes</span> 
     </span>
     <span class='ocr_line' id='line_1_94' title="bbox 382 2647 1449 2690; baseline -0.003 -9"><span class='ocrx_word' id='word_1_570' title='bbox 382 2660 450 2681; x_wconf 92' lang='lat' dir='ltr'>non</span> <span class='ocrx_word' id='word_1_571' title='bbox 473 2650 657 2690; x_wconf 87' lang='lat' dir='ltr'>simpliciter</span> <span class='ocrx_word' id='word_1_572' title='bbox 681 2649 814 2684; x_wconf 91' lang='lat' dir='ltr'>bonum,</span> <span class='ocrx_word' id='word_1_573' title='bbox 839 2648 894 2678; x_wconf 89' lang='lat' dir='ltr'>sed</span> <span class='ocrx_word' id='word_1_574' title='bbox 918 2647 1096 2678; x_wconf 90' lang='lat' dir='ltr'>secundum</span> <span class='ocrx_word' id='word_1_575' title='bbox 1111 2648 1309 2678; x_wconf 89' lang='lat' dir='ltr'>intellectum</span> <span class='ocrx_word' id='word_1_576' title='bbox 1328 2647 1449 2678; x_wconf 81' lang='lat' dir='ltr'>faciunt</span> 
     </span>
     <span class='ocr_line' id='line_1_95' title="bbox 382 2691 1449 2725; baseline -0.003 0"><span class='ocrx_word' id='word_1_577' title='bbox 382 2695 550 2725; x_wconf 91' lang='lat' dir='ltr'>hominem</span> <span class='ocrx_word' id='word_1_578' title='bbox 573 2694 714 2724; x_wconf 86' lang='lat' dir='ltr'>bonum:</span> <span class='ocrx_word' id='word_1_579' title='bbox 739 2702 806 2723; x_wconf 92' lang='lat' dir='ltr'>non</span> <span class='ocrx_word' id='word_1_580' title='bbox 831 2693 917 2722; x_wconf 90' lang='lat' dir='ltr'>enim</span> <span class='ocrx_word' id='word_1_581' title='bbox 941 2691 1054 2722; x_wconf 89' lang='lat' dir='ltr'>dicitur</span> <span class='ocrx_word' id='word_1_582' title='bbox 1077 2692 1178 2722; x_wconf 90' lang='lat' dir='ltr'>homo</span> <span class='ocrx_word' id='word_1_583' title='bbox 1202 2692 1307 2722; x_wconf 92' lang='lat' dir='ltr'>bonus</span> <span class='ocrx_word' id='word_1_584' title='bbox 1332 2701 1370 2722; x_wconf 87' lang='lat' dir='ltr'>ex</span> <span class='ocrx_word' id='word_1_585' title='bbox 1385 2692 1449 2722; x_wconf 91' lang='lat' dir='ltr'>hoc</span> 
     </span>
     <span class='ocr_line' id='line_1_96' title="bbox 384 2735 1447 2779; baseline -0.004 -10"><span class='ocrx_word' id='word_1_586' title='bbox 384 2738 473 2779; x_wconf 92' lang='lat' dir='ltr'>quod</span> <span class='ocrx_word' id='word_1_587' title='bbox 496 2744 543 2768; x_wconf 90' lang='lat' dir='ltr'>est</span> <span class='ocrx_word' id='word_1_588' title='bbox 565 2737 697 2772; x_wconf 87' lang='lat' dir='ltr'>doctus,</span> <span class='ocrx_word' id='word_1_589' title='bbox 729 2736 783 2767; x_wconf 86' lang='lat' dir='ltr'>sed</span> <span class='ocrx_word' id='word_1_590' title='bbox 812 2746 850 2766; x_wconf 86' lang='lat' dir='ltr'>ex</span> <span class='ocrx_word' id='word_1_591' title='bbox 873 2737 935 2766; x_wconf 92' lang='lat' dir='ltr'>hoc</span> <span class='ocrx_word' id='word_1_592' title='bbox 967 2735 1056 2776; x_wconf 93' lang='lat' dir='ltr'>quod</span> <span class='ocrx_word' id='word_1_593' title='bbox 1087 2736 1204 2772; x_wconf 83' lang='lat' dir='ltr'>iustus,</span> <span class='ocrx_word' id='word_1_594' title='bbox 1235 2741 1447 2776; x_wconf 88' lang='lat' dir='ltr'>temperatus,</span> 
     </span>
     <span class='ocr_line' id='line_1_97' title="bbox 383 2780 1449 2820; baseline -0.004 -7"><span class='ocrx_word' id='word_1_595' title='bbox 383 2782 482 2818; x_wconf 85' lang='lat' dir='ltr'>fortis,</span> <span class='ocrx_word' id='word_1_596' title='bbox 500 2788 559 2813; x_wconf 89' lang='lat' dir='ltr'>etc.</span> <span class='ocrx_word' id='word_1_597' title='bbox 584 2781 677 2812; x_wconf 85' lang='lat' dir='ltr'>Unde</span> <span class='ocrx_word' id='word_1_598' title='bbox 701 2780 740 2811; x_wconf 93' lang='lat' dir='ltr'>de</span> <span class='ocrx_word' id='word_1_599' title='bbox 764 2780 824 2810; x_wconf 92' lang='lat' dir='ltr'>illis</span> <span class='ocrx_word' id='word_1_600' title='bbox 847 2786 959 2820; x_wconf 88' lang='lat' dir='ltr'>postea</span> <span class='ocrx_word' id='word_1_601' title='bbox 979 2780 1036 2810; x_wconf 91' lang='lat' dir='ltr'>erit</span> <span class='ocrx_word' id='word_1_602' title='bbox 1052 2780 1207 2820; x_wconf 87' lang='lat' dir='ltr'>quaestio,</span> <span class='ocrx_word' id='word_1_603' title='bbox 1232 2789 1307 2810; x_wconf 90' lang='lat' dir='ltr'>cum</span> <span class='ocrx_word' id='word_1_604' title='bbox 1330 2780 1449 2810; x_wconf 87' lang='lat' dir='ltr'>scilicet</span> 
     </span>
     <span class='ocr_line' id='line_1_98' title="bbox 384 2824 1111 2857; baseline -0.006 0"><span class='ocrx_word' id='word_1_605' title='bbox 384 2826 423 2857; x_wconf 90' lang='lat' dir='ltr'>de</span> <span class='ocrx_word' id='word_1_606' title='bbox 447 2827 576 2857; x_wconf 88' lang='lat' dir='ltr'>scientia</span> <span class='ocrx_word' id='word_1_607' title='bbox 600 2826 723 2856; x_wconf 90' lang='lat' dir='ltr'>animae</span> <span class='ocrx_word' id='word_1_608' title='bbox 748 2824 865 2855; x_wconf 90' lang='lat' dir='ltr'>Christi</span> <span class='ocrx_word' id='word_1_609' title='bbox 888 2825 1069 2854; x_wconf 88' lang='lat' dir='ltr'>tractabitur</span> <span class='ocrx_word' id='word_1_610' title='bbox 1085 2825 1111 2853; x_wconf 45' lang='grc' dir='ltr'>θ.</span> 
     </span>
    </p>

    <p class='ocr_par' dir='ltr' id='par_1_24' title="bbox 384 2867 1449 3479">
     <span class='ocr_line' id='line_1_99' title="bbox 440 2867 1448 2909; baseline -0.003 -9"><span class='ocrx_word' id='word_1_611' title='bbox 440 2871 475 2900; x_wconf 87' lang='grc'>111</span> <span class='ocrx_word' id='word_1_612' title='bbox 494 2879 629 2909; x_wconf 88' lang='lat' dir='ltr'>corpore</span> <span class='ocrx_word' id='word_1_613' title='bbox 645 2869 767 2899; x_wconf 90' lang='lat' dir='ltr'>articuli</span> <span class='ocrx_word' id='word_1_614' title='bbox 783 2869 878 2899; x_wconf 89' lang='lat' dir='ltr'>unica</span> <span class='ocrx_word' id='word_1_615' title='bbox 895 2874 941 2898; x_wconf 92' lang='lat' dir='ltr'>est</span> <span class='ocrx_word' id='word_1_616' title='bbox 957 2868 1133 2903; x_wconf 87' lang='lat' dir='ltr'>conclusio,</span> <span class='ocrx_word' id='word_1_617' title='bbox 1151 2867 1335 2907; x_wconf 87' lang='lat' dir='ltr'>responsiva</span> <span class='ocrx_word' id='word_1_618' title='bbox 1351 2876 1448 2906; x_wconf 88' lang='lat' dir='ltr'>quae-</span> 
     </span>
     <span class='ocr_line' id='line_1_100' title="bbox 385 2911 1447 2944; baseline -0.004 0"><span class='ocrx_word' id='word_1_619' title='bbox 385 2915 444 2944; x_wconf 88' lang='lat' dir='ltr'>sito</span> <span class='ocrx_word' id='word_1_620' title='bbox 469 2914 668 2944; x_wconf 86' lang='lat' dir='ltr'>affirmative:</span> <span class='ocrx_word' id='word_1_621' title='bbox 697 2913 842 2944; x_wconf 82' lang='lat' dir='ltr'>Christus</span> <span class='ocrx_word' id='word_1_622' title='bbox 866 2922 975 2943; x_wconf 85' lang='lat' dir='ltr'>omnes</span> <span class='ocrx_word' id='word_1_623' title='bbox 992 2913 1124 2943; x_wconf 80' lang='lat' dir='ltr'>virtutes</span> <span class='ocrx_word' id='word_1_624' title='bbox 1139 2911 1258 2942; x_wconf 85' lang='lat' dir='ltr'>habuit.</span> <span class='ocrx_word' id='word_1_625' title='bbox 1283 2911 1447 2941; x_wconf 86' lang='lat' dir='ltr'>Probatur.</span> 
     </span>
     <span class='ocr_line' id='line_1_101' title="bbox 386 2956 1448 2997; baseline -0.003 -9"><span class='ocrx_word' id='word_1_626' title='bbox 386 2959 493 2989; x_wconf 85' lang='lat' dir='ltr'>Gratia</span> <span class='ocrx_word' id='word_1_627' title='bbox 517 2958 633 2988; x_wconf 87' lang='lat' dir='ltr'>Christi</span> <span class='ocrx_word' id='word_1_628' title='bbox 658 2957 717 2988; x_wconf 88' lang='lat' dir='ltr'>fuit</span> <span class='ocrx_word' id='word_1_629' title='bbox 740 2956 977 2997; x_wconf 89' lang='lat' dir='ltr'>perfectissima.</span> <span class='ocrx_word' id='word_1_630' title='bbox 1013 2956 1099 2996; x_wconf 85' lang='lat' dir='ltr'>Ergo</span> <span class='ocrx_word' id='word_1_631' title='bbox 1130 2965 1169 2986; x_wconf 89' lang='lat' dir='ltr'>ex</span> <span class='ocrx_word' id='word_1_632' title='bbox 1190 2957 1259 2996; x_wconf 86' lang='lat' dir='ltr'>ipsa</span> <span class='ocrx_word' id='word_1_633' title='bbox 1285 2964 1448 2996; x_wconf 88' lang='lat' dir='ltr'>processe-</span> 
     </span>
     <span class='ocr_line' id='line_1_102' title="bbox 384 3000 1448 3041; baseline -0.003 -9"><span class='ocrx_word' id='word_1_634' title='bbox 384 3008 458 3032; x_wconf 88' lang='lat' dir='ltr'>runt</span> <span class='ocrx_word' id='word_1_635' title='bbox 480 3002 610 3033; x_wconf 87' lang='lat' dir='ltr'>virtutes</span> <span class='ocrx_word' id='word_1_636' title='bbox 640 3001 679 3032; x_wconf 94' lang='lat' dir='ltr'>ad</span> <span class='ocrx_word' id='word_1_637' title='bbox 706 3001 937 3041; x_wconf 87' lang='lat' dir='ltr'>perficiendum</span> <span class='ocrx_word' id='word_1_638' title='bbox 968 3000 1106 3040; x_wconf 84' lang='lat' dir='ltr'>singulas</span> <span class='ocrx_word' id='word_1_639' title='bbox 1136 3000 1294 3040; x_wconf 86' lang='lat' dir='ltr'>potentias</span> <span class='ocrx_word' id='word_1_640' title='bbox 1324 3000 1448 3029; x_wconf 89' lang='lat' dir='ltr'>animae</span> 
     </span>
     <span class='ocr_line' id='line_1_103' title="bbox 386 3043 1449 3086; baseline -0.003 -10"><span class='ocrx_word' id='word_1_641' title='bbox 386 3051 542 3086; x_wconf 90' lang='lat' dir='ltr'>quantum</span> <span class='ocrx_word' id='word_1_642' title='bbox 566 3046 604 3076; x_wconf 93' lang='lat' dir='ltr'>ad</span> <span class='ocrx_word' id='word_1_643' title='bbox 629 3055 742 3076; x_wconf 90' lang='lat' dir='ltr'>omnes</span> <span class='ocrx_word' id='word_1_644' title='bbox 766 3046 889 3075; x_wconf 89' lang='lat' dir='ltr'>animae</span> <span class='ocrx_word' id='word_1_645' title='bbox 914 3050 1011 3075; x_wconf 88' lang='lat' dir='ltr'>actus.</span> <span class='ocrx_word' id='word_1_646' title='bbox 1048 3045 1133 3085; x_wconf 89' lang='lat' dir='ltr'>Ergo</span> <span class='ocrx_word' id='word_1_647' title='bbox 1164 3044 1309 3075; x_wconf 88' lang='lat' dir='ltr'>Christus</span> <span class='ocrx_word' id='word_1_648' title='bbox 1338 3043 1449 3074; x_wconf 90' lang='lat' dir='ltr'>habuit</span> 
     </span>
     <span class='ocr_line' id='line_1_104' title="bbox 386 3087 1449 3129; baseline -0.003 -9"><span class='ocrx_word' id='word_1_649' title='bbox 386 3100 498 3120; x_wconf 91' lang='lat' dir='ltr'>omnes</span> <span class='ocrx_word' id='word_1_650' title='bbox 514 3091 653 3120; x_wconf 88' lang='lat' dir='ltr'>virtutes.</span> <span class='ocrx_word' id='word_1_651' title='bbox 677 3108 699 3111; x_wconf 90' lang='lat'>—</span> <span class='ocrx_word' id='word_1_652' title='bbox 720 3089 921 3119; x_wconf 87' lang='lat' dir='ltr'>Antecedens</span> <span class='ocrx_word' id='word_1_653' title='bbox 938 3089 1139 3129; x_wconf 91' lang='lat' dir='ltr'>supponitur.</span> <span class='ocrx_word' id='word_1_654' title='bbox 1163 3107 1186 3111; x_wconf 97' lang='lat'><strong>—</strong></span> <span class='ocrx_word' id='word_1_655' title='bbox 1209 3087 1449 3127; x_wconf 87' lang='lat' dir='ltr'>Consequentia</span> 
     </span>
     <span class='ocr_line' id='line_1_105' title="bbox 386 3132 1449 3174; baseline -0.002 -10"><span class='ocrx_word' id='word_1_656' title='bbox 386 3135 487 3174; x_wconf 90' lang='lat' dir='ltr'>prima</span> <span class='ocrx_word' id='word_1_657' title='bbox 511 3139 667 3174; x_wconf 90' lang='lat' dir='ltr'>quantum</span> <span class='ocrx_word' id='word_1_658' title='bbox 691 3132 730 3163; x_wconf 86' lang='lat' dir='ltr'>ad</span> <span class='ocrx_word' id='word_1_659' title='bbox 753 3132 818 3163; x_wconf 93' lang='lat' dir='ltr'>duo</span> <span class='ocrx_word' id='word_1_660' title='bbox 838 3133 870 3162; x_wconf 92' lang='lat' dir='ltr'>in</span> <span class='ocrx_word' id='word_1_661' title='bbox 887 3143 924 3163; x_wconf 91' lang='lat' dir='ltr'>ea</span> <span class='ocrx_word' id='word_1_662' title='bbox 943 3138 1093 3163; x_wconf 87' lang='lat' dir='ltr'>contenta</span> <span class='ocrx_word' id='word_1_663' title='bbox 1115 3133 1284 3172; x_wconf 87' lang='lat' dir='ltr'>probatur:</span> <span class='ocrx_word' id='word_1_664' title='bbox 1308 3132 1449 3172; x_wconf 88' lang='lat' dir='ltr'>primum</span> 
     </span>
     <span class='ocr_line' id='line_1_106' title="bbox 387 3174 1449 3218; baseline -0.002 -10"><span class='ocrx_word' id='word_1_665' title='bbox 387 3183 433 3208; x_wconf 87' lang='lat' dir='ltr'>cst</span> <span class='ocrx_word' id='word_1_666' title='bbox 456 3177 545 3218; x_wconf 92' lang='lat' dir='ltr'>quod</span> <span class='ocrx_word' id='word_1_667' title='bbox 564 3187 601 3208; x_wconf 91' lang='lat' dir='ltr'>ex</span> <span class='ocrx_word' id='word_1_668' title='bbox 620 3177 718 3217; x_wconf 85' lang='lat' dir='ltr'>gratia</span> <span class='ocrx_word' id='word_1_669' title='bbox 740 3176 914 3215; x_wconf 88' lang='lat' dir='ltr'>procedant</span> <span class='ocrx_word' id='word_1_670' title='bbox 930 3177 1076 3213; x_wconf 87' lang='lat' dir='ltr'>virtutes;</span> <span class='ocrx_word' id='word_1_671' title='bbox 1101 3176 1278 3207; x_wconf 87' lang='lat' dir='ltr'>secundum</span> <span class='ocrx_word' id='word_1_672' title='bbox 1295 3181 1341 3206; x_wconf 91' lang='lat' dir='ltr'>est</span> <span class='ocrx_word' id='word_1_673' title='bbox 1360 3174 1449 3215; x_wconf 91' lang='lat' dir='ltr'>quod</span> 
     </span>
     <span class='ocr_line' id='line_1_107' title="bbox 388 3219 1449 3262; baseline -0.002 -10"><span class='ocrx_word' id='word_1_674' title='bbox 388 3232 424 3251; x_wconf 80' lang='lat' dir='ltr'>ex</span> <span class='ocrx_word' id='word_1_675' title='bbox 455 3221 683 3262; x_wconf 89' lang='lat' dir='ltr'>perfectissima</span> <span class='ocrx_word' id='word_1_676' title='bbox 712 3219 887 3259; x_wconf 91' lang='lat' dir='ltr'>procedant</span> <span class='ocrx_word' id='word_1_677' title='bbox 917 3221 1046 3251; x_wconf 89' lang='lat' dir='ltr'>virtutes</span> <span class='ocrx_word' id='word_1_678' title='bbox 1078 3220 1118 3251; x_wconf 88' lang='lat' dir='ltr'>ad</span> <span class='ocrx_word' id='word_1_679' title='bbox 1147 3219 1379 3260; x_wconf 86' lang='lat' dir='ltr'>perficiendum</span> <span class='ocrx_word' id='word_1_680' title='bbox 1410 3219 1449 3250; x_wconf 87' lang='lat' dir='ltr'>ad</span> 
     </span>
     <span class='ocr_line' id='line_1_108' title="bbox 387 3263 1449 3304; baseline -0.003 -8"><span class='ocrx_word' id='word_1_681' title='bbox 387 3274 500 3295; x_wconf 88' lang='lat' dir='ltr'>omnes</span> <span class='ocrx_word' id='word_1_682' title='bbox 524 3270 612 3295; x_wconf 91' lang='lat' dir='ltr'>actus</span> <span class='ocrx_word' id='word_1_683' title='bbox 635 3265 769 3294; x_wconf 84' lang='lat' dir='ltr'>animae.</span> <span class='ocrx_word' id='word_1_684' title='bbox 804 3263 947 3293; x_wconf 91' lang='lat' dir='ltr'>Primum</span> <span class='ocrx_word' id='word_1_685' title='bbox 974 3264 1141 3303; x_wconf 83' lang='lat' dir='ltr'>probatur:</span> <span class='ocrx_word' id='word_1_686' title='bbox 1167 3264 1255 3295; x_wconf 88' lang='lat' dir='ltr'>Sicut</span> <span class='ocrx_word' id='word_1_687' title='bbox 1281 3264 1379 3304; x_wconf 84' lang='lat' dir='ltr'>gratia</span> <span class='ocrx_word' id='word_1_688' title='bbox 1403 3268 1449 3294; x_wconf 92' lang='lat' dir='ltr'>est</span> 
     </span>
     <span class='ocr_line' id='line_1_109' title="bbox 388 3307 1448 3348; baseline -0.001 -9"><span class='ocrx_word' id='word_1_689' title='bbox 388 3310 420 3339; x_wconf 92' lang='lat' dir='ltr'>in</span> <span class='ocrx_word' id='word_1_690' title='bbox 444 3309 578 3339; x_wconf 87' lang='lat' dir='ltr'>essentia</span> <span class='ocrx_word' id='word_1_691' title='bbox 601 3308 735 3343; x_wconf 85' lang='lat' dir='ltr'>animae,</span> <span class='ocrx_word' id='word_1_692' title='bbox 760 3307 802 3336; x_wconf 88' lang='lat' dir='ltr'>ita</span> <span class='ocrx_word' id='word_1_693' title='bbox 824 3307 922 3337; x_wconf 89' lang='lat' dir='ltr'>virtus</span> <span class='ocrx_word' id='word_1_694' title='bbox 946 3307 977 3336; x_wconf 93' lang='lat' dir='ltr'>in</span> <span class='ocrx_word' id='word_1_695' title='bbox 1002 3309 1161 3346; x_wconf 88' lang='lat' dir='ltr'>potentia;</span> <span class='ocrx_word' id='word_1_696' title='bbox 1185 3308 1281 3348; x_wconf 84' lang='lat' dir='ltr'>Ergo,</span> <span class='ocrx_word' id='word_1_697' title='bbox 1306 3308 1386 3338; x_wconf 88' lang='lat' dir='ltr'>sicut</span> <span class='ocrx_word' id='word_1_698' title='bbox 1410 3307 1448 3338; x_wconf 88' lang='lat' dir='ltr'>ab</span> 
     </span>
     <span class='ocr_line' id='line_1_110' title="bbox 389 3351 1448 3391; baseline 0 -9"><span class='ocrx_word' id='word_1_699' title='bbox 389 3354 522 3384; x_wconf 82' lang='lat' dir='ltr'>essentia</span> <span class='ocrx_word' id='word_1_700' title='bbox 544 3352 649 3383; x_wconf 89' lang='lat' dir='ltr'>fluunt</span> <span class='ocrx_word' id='word_1_701' title='bbox 671 3351 843 3391; x_wconf 77' lang='lat' dir='ltr'>potentiae,</span> <span class='ocrx_word' id='word_1_702' title='bbox 867 3351 910 3380; x_wconf 90' lang='lat' dir='ltr'>ita</span> <span class='ocrx_word' id='word_1_703' title='bbox 933 3360 951 3380; x_wconf 87' lang='lat' dir='ltr'>a</span> <span class='ocrx_word' id='word_1_704' title='bbox 973 3351 1070 3390; x_wconf 80' lang='lat' dir='ltr'>gratia</span> <span class='ocrx_word' id='word_1_705' title='bbox 1092 3351 1232 3382; x_wconf 85' lang='lat' dir='ltr'>virtutes.</span> <span class='ocrx_word' id='word_1_706' title='bbox 1264 3351 1448 3383; x_wconf 91' lang='lat' dir='ltr'>Secundum</span> 
     </span>
     <span class='ocr_line' id='line_1_111' title="bbox 389 3394 1448 3436; baseline 0.001 -10"><span class='ocrx_word' id='word_1_707' title='bbox 389 3406 464 3427; x_wconf 87' lang='lat' dir='ltr'>vero</span> <span class='ocrx_word' id='word_1_708' title='bbox 487 3397 655 3436; x_wconf 88' lang='lat' dir='ltr'>probatur:</span> <span class='ocrx_word' id='word_1_709' title='bbox 680 3395 755 3435; x_wconf 81' lang='lat' dir='ltr'>quia</span> <span class='ocrx_word' id='word_1_710' title='bbox 775 3399 896 3434; x_wconf 76' lang='lat' dir='ltr'>quanto</span> <span class='ocrx_word' id='word_1_711' title='bbox 915 3394 1046 3434; x_wconf 90' lang='lat' dir='ltr'>aliquod</span> <span class='ocrx_word' id='word_1_712' title='bbox 1062 3395 1253 3434; x_wconf 88' lang='lat' dir='ltr'>principium</span> <span class='ocrx_word' id='word_1_713' title='bbox 1276 3401 1323 3426; x_wconf 87' lang='lat' dir='ltr'>est</span> <span class='ocrx_word' id='word_1_714' title='bbox 1346 3395 1448 3436; x_wconf 82' lang='lat' dir='ltr'>perfe-</span> 
     </span>
     <span class='ocr_line' id='line_1_112' title="bbox 389 3437 1153 3479; baseline -0.004 -9"><span class='ocrx_word' id='word_1_715' title='bbox 389 3441 479 3475; x_wconf 91' lang='lat' dir='ltr'>ctius,</span> <span class='ocrx_word' id='word_1_716' title='bbox 504 3446 591 3470; x_wconf 88' lang='lat' dir='ltr'>tanto</span> <span class='ocrx_word' id='word_1_717' title='bbox 615 3440 714 3479; x_wconf 84' lang='lat' dir='ltr'>magis</span> <span class='ocrx_word' id='word_1_718' title='bbox 738 3438 890 3478; x_wconf 88' lang='lat' dir='ltr'>imprimit</span> <span class='ocrx_word' id='word_1_719' title='bbox 913 3447 988 3468; x_wconf 89' lang='lat' dir='ltr'>suos</span> <span class='ocrx_word' id='word_1_720' title='bbox 1013 3437 1153 3468; x_wconf 83' lang='lat' dir='ltr'>effectus.</span> 
     </span>
    </p>

    <p class='ocr_par' dir='ltr' id='par_1_25' title="bbox 390 3481 1449 3609">
     <span class='ocr_line' id='line_1_113' title="bbox 443 3481 1448 3521; baseline 0 -8"><span class='ocrx_word' id='word_1_721' title='bbox 443 3483 528 3514; x_wconf 84' lang='lat' dir='ltr'>Nota</span> <span class='ocrx_word' id='word_1_722' title='bbox 543 3484 604 3520; x_wconf 87' lang='lat' dir='ltr'>hic,</span> <span class='ocrx_word' id='word_1_723' title='bbox 621 3484 703 3514; x_wconf 89' lang='lat' dir='ltr'>circa</span> <span class='ocrx_word' id='word_1_724' title='bbox 722 3491 850 3513; x_wconf 89' lang='lat' dir='ltr'>sensum</span> <span class='ocrx_word' id='word_1_725' title='bbox 867 3481 1092 3517; x_wconf 88' lang='lat' dir='ltr'>conclusionis,</span> <span class='ocrx_word' id='word_1_726' title='bbox 1114 3481 1202 3521; x_wconf 90' lang='lat' dir='ltr'>quod</span> <span class='ocrx_word' id='word_1_727' title='bbox 1218 3482 1348 3514; x_wconf 81' lang='lat' dir='ltr'>inferius</span> <span class='ocrx_word' id='word_1_728' title='bbox 1360 3484 1376 3500; x_wconf 70' lang='lat'>⁴*</span> <span class='ocrx_word' id='word_1_729' title='bbox 1396 3493 1448 3513; x_wconf 87' lang='lat' dir='ltr'>ex-</span> 
     </span>
     <span class='ocr_line' id='line_1_114' title="bbox 390 3524 1449 3567; baseline 0 -10"><span class='ocrx_word' id='word_1_730' title='bbox 390 3527 584 3567; x_wconf 83' lang='lat' dir='ltr'>planandum</span> <span class='ocrx_word' id='word_1_731' title='bbox 606 3532 700 3558; x_wconf 86' lang='lat' dir='ltr'>restat</span> <span class='ocrx_word' id='word_1_732' title='bbox 728 3524 906 3567; x_wconf 80' lang='lat' dir='ltr'>quomode,</span> <span class='ocrx_word' id='word_1_733' title='bbox 931 3534 1005 3556; x_wconf 91' lang='lat' dir='ltr'>cum</span> <span class='ocrx_word' id='word_1_734' title='bbox 1029 3525 1091 3555; x_wconf 86' lang='lat' dir='ltr'>hoc</span> <span class='ocrx_word' id='word_1_735' title='bbox 1115 3525 1203 3565; x_wconf 91' lang='lat' dir='ltr'>quod</span> <span class='ocrx_word' id='word_1_736' title='bbox 1228 3525 1370 3557; x_wconf 87' lang='lat' dir='ltr'>Christus</span> <span class='ocrx_word' id='word_1_737' title='bbox 1394 3527 1449 3557; x_wconf 81' lang='lat' dir='ltr'>ha-</span> 
     </span>
     <span class='ocr_line' id='line_1_115' title="bbox 390 3568 1449 3609; baseline 0 -8"><span class='ocrx_word' id='word_1_738' title='bbox 390 3571 457 3602; x_wconf 85' lang='lat' dir='ltr'>buit</span> <span class='ocrx_word' id='word_1_739' title='bbox 481 3580 593 3602; x_wconf 90' lang='lat' dir='ltr'>omnes</span> <span class='ocrx_word' id='word_1_740' title='bbox 616 3571 756 3606; x_wconf 83' lang='lat' dir='ltr'>virtutes,</span> <span class='ocrx_word' id='word_1_741' title='bbox 780 3575 839 3600; x_wconf 86' lang='lat' dir='ltr'>stat</span> <span class='ocrx_word' id='word_1_742' title='bbox 862 3568 951 3609; x_wconf 90' lang='lat' dir='ltr'>quod</span> <span class='ocrx_word' id='word_1_743' title='bbox 967 3578 1033 3600; x_wconf 91' lang='lat' dir='ltr'>non</span> <span class='ocrx_word' id='word_1_744' title='bbox 1049 3569 1194 3599; x_wconf 84' lang='lat' dir='ltr'>habuerit</span> <span class='ocrx_word' id='word_1_745' title='bbox 1209 3570 1358 3600; x_wconf 88' lang='lat' dir='ltr'>virtutem</span> <span class='ocrx_word' id='word_1_746' title='bbox 1374 3569 1449 3601; x_wconf 80' lang='lat' dir='ltr'>fidei</span> 
     </span>
    </p>
   </div>
   <div class='ocr_carea' id='block_1_18' title="bbox 1500 2426 2568 3611">
    <p class='ocr_par' dir='ltr' id='par_1_26' title="bbox 1501 2426 2568 2590">
     <span class='ocr_line' id='line_1_116' title="bbox 1501 2426 2568 2468; baseline 0.003 -11"><span class='ocrx_word' id='word_1_747' title='bbox 1501 2436 1608 2467; x_wconf 87' lang='lat' dir='ltr'>neque</span> <span class='ocrx_word' id='word_1_748' title='bbox 1627 2427 1706 2467; x_wconf 90' lang='lat' dir='ltr'>spei.</span> <span class='ocrx_word' id='word_1_749' title='bbox 1730 2427 1771 2457; x_wconf 88' lang='lat' dir='ltr'>Et</span> <span class='ocrx_word' id='word_1_750' title='bbox 1794 2433 1853 2458; x_wconf 89' lang='lat' dir='ltr'>stat</span> <span class='ocrx_word' id='word_1_751' title='bbox 1868 2427 2022 2459; x_wconf 87' lang='lat' dir='ltr'>resolutio</span> <span class='ocrx_word' id='word_1_752' title='bbox 2038 2428 2072 2458; x_wconf 90' lang='lat' dir='ltr'>in</span> <span class='ocrx_word' id='word_1_753' title='bbox 2094 2428 2167 2464; x_wconf 89' lang='lat' dir='ltr'>hoc,</span> <span class='ocrx_word' id='word_1_754' title='bbox 2185 2426 2274 2468; x_wconf 90' lang='lat' dir='ltr'>quod</span> <span class='ocrx_word' id='word_1_755' title='bbox 2290 2426 2434 2459; x_wconf 86' lang='lat' dir='ltr'>Christus</span> <span class='ocrx_word' id='word_1_756' title='bbox 2456 2428 2568 2460; x_wconf 84' lang='lat' dir='ltr'>habuit</span> 
     </span>
     <span class='ocr_line' id='line_1_117' title="bbox 1503 2471 2567 2512; baseline 0.002 -11"><span class='ocrx_word' id='word_1_757' title='bbox 1503 2480 1616 2502; x_wconf 87' lang='lat' dir='ltr'>omnes</span> <span class='ocrx_word' id='word_1_758' title='bbox 1638 2472 1770 2502; x_wconf 89' lang='lat' dir='ltr'>virtutes</span> <span class='ocrx_word' id='word_1_759' title='bbox 1792 2481 1860 2503; x_wconf 92' lang='lat' dir='ltr'>non</span> <span class='ocrx_word' id='word_1_760' title='bbox 1883 2477 2041 2512; x_wconf 90' lang='lat' dir='ltr'>ponentes</span> <span class='ocrx_word' id='word_1_761' title='bbox 2064 2481 2102 2502; x_wconf 85' lang='lat' dir='ltr'>ex</span> <span class='ocrx_word' id='word_1_762' title='bbox 2123 2472 2172 2502; x_wconf 91' lang='lat' dir='ltr'>sui</span> <span class='ocrx_word' id='word_1_763' title='bbox 2188 2472 2310 2502; x_wconf 88' lang='lat' dir='ltr'>ratione</span> <span class='ocrx_word' id='word_1_764' title='bbox 2333 2471 2495 2503; x_wconf 86' lang='lat' dir='ltr'>defectum</span> <span class='ocrx_word' id='word_1_765' title='bbox 2511 2472 2567 2504; x_wconf 87' lang='lat' dir='ltr'>ali-</span> 
     </span>
     <span class='ocr_line' id='line_1_118' title="bbox 1503 2515 2567 2557; baseline 0.003 -12"><span class='ocrx_word' id='word_1_766' title='bbox 1503 2524 1601 2555; x_wconf 89' lang='lat' dir='ltr'>quem</span> <span class='ocrx_word' id='word_1_767' title='bbox 1624 2515 1657 2546; x_wconf 91' lang='lat' dir='ltr'>in</span> <span class='ocrx_word' id='word_1_768' title='bbox 1680 2516 1786 2546; x_wconf 88' lang='lat' dir='ltr'>anima</span> <span class='ocrx_word' id='word_1_769' title='bbox 1810 2515 1937 2552; x_wconf 86' lang='lat' dir='ltr'>Christi,</span> <span class='ocrx_word' id='word_1_770' title='bbox 1962 2516 2019 2556; x_wconf 91' lang='lat' dir='ltr'>qui</span> <span class='ocrx_word' id='word_1_771' title='bbox 2042 2515 2137 2546; x_wconf 90' lang='lat' dir='ltr'>simul</span> <span class='ocrx_word' id='word_1_772' title='bbox 2161 2520 2226 2546; x_wconf 88' lang='lat' dir='ltr'>erat</span> <span class='ocrx_word' id='word_1_773' title='bbox 2249 2515 2350 2546; x_wconf 88' lang='lat' dir='ltr'>viator</span> <span class='ocrx_word' id='word_1_774' title='bbox 2373 2521 2404 2546; x_wconf 89' lang='lat' dir='ltr'>et</span> <span class='ocrx_word' id='word_1_775' title='bbox 2420 2525 2567 2557; x_wconf 86' lang='lat' dir='ltr'>compre-</span> 
     </span>
     <span class='ocr_line' id='line_1_119' title="bbox 1502 2559 1629 2590; baseline 0 -1"><span class='ocrx_word' id='word_1_776' title='bbox 1502 2559 1629 2590; x_wconf 91' lang='lat' dir='ltr'>hensor.</span> 
     </span>
    </p>

    <p class='ocr_par' dir='ltr' id='par_1_27' title="bbox 1502 2602 2567 2687">
     <span class='ocr_line' id='line_1_120' title="bbox 1558 2602 2567 2645; baseline 0.004 -12"><span class='ocrx_word' id='word_1_777' title='bbox 1558 2602 1673 2634; x_wconf 89' lang='lat' dir='ltr'>Cetera</span> <span class='ocrx_word' id='word_1_778' title='bbox 1694 2603 1790 2634; x_wconf 91' lang='lat' dir='ltr'>huius</span> <span class='ocrx_word' id='word_1_779' title='bbox 1813 2603 1944 2634; x_wconf 87' lang='lat' dir='ltr'>rationis</span> <span class='ocrx_word' id='word_1_780' title='bbox 1967 2603 2107 2634; x_wconf 88' lang='lat' dir='ltr'>discussa</span> <span class='ocrx_word' id='word_1_781' title='bbox 2126 2609 2200 2634; x_wconf 88' lang='lat' dir='ltr'>sunt</span> <span class='ocrx_word' id='word_1_782' title='bbox 2223 2604 2369 2645; x_wconf 90' lang='lat' dir='ltr'>superius</span> <span class='ocrx_word' id='word_1_783' title='bbox 2384 2605 2411 2640; x_wconf 65' lang='lat'>*,</span> <span class='ocrx_word' id='word_1_784' title='bbox 2436 2614 2511 2636; x_wconf 85' lang='lat' dir='ltr'>cum</span> <span class='ocrx_word' id='word_1_785' title='bbox 2527 2604 2567 2637; x_wconf 85' lang='lat' dir='ltr'>de</span> 
     </span>
     <span class='ocr_line' id='line_1_121' title="bbox 1502 2648 1869 2687; baseline 0.003 -10"><span class='ocrx_word' id='word_1_786' title='bbox 1502 2648 1600 2687; x_wconf 85' lang='lat' dir='ltr'>gratia</span> <span class='ocrx_word' id='word_1_787' title='bbox 1622 2652 1790 2678; x_wconf 89' lang='lat' dir='ltr'>tractatum</span> <span class='ocrx_word' id='word_1_788' title='bbox 1814 2653 1869 2678; x_wconf 91' lang='lat' dir='ltr'>est.</span> 
     </span>
    </p>

    <p class='ocr_par' dir='ltr' id='par_1_28' title="bbox 1500 2690 2567 3304">
     <span class='ocr_line' id='line_1_122' title="bbox 1558 2690 2566 2732; baseline 0.004 -11"><span class='ocrx_word' id='word_1_789' title='bbox 1558 2691 1594 2722; x_wconf 90' lang='lat'>11.</span> <span class='ocrx_word' id='word_1_790' title='bbox 1620 2691 1655 2721; x_wconf 92' lang='lat' dir='ltr'>In</span> <span class='ocrx_word' id='word_1_791' title='bbox 1677 2691 1886 2732; x_wconf 87' lang='lat' dir='ltr'>responsione</span> <span class='ocrx_word' id='word_1_792' title='bbox 1902 2691 1942 2722; x_wconf 90' lang='lat' dir='ltr'>ad</span> <span class='ocrx_word' id='word_1_793' title='bbox 1957 2690 2137 2722; x_wconf 89' lang='lat' dir='ltr'>secundum</span> <span class='ocrx_word' id='word_1_794' title='bbox 2153 2691 2296 2723; x_wconf 89' lang='lat' dir='ltr'>eiusdem</span> <span class='ocrx_word' id='word_1_795' title='bbox 2312 2692 2444 2729; x_wconf 89' lang='lat' dir='ltr'>articuli,</span> <span class='ocrx_word' id='word_1_796' title='bbox 2469 2693 2566 2726; x_wconf 84' lang='lat' dir='ltr'>habes</span> 
     </span>
     <span class='ocr_line' id='line_1_123' title="bbox 1502 2735 2567 2776; baseline 0.004 -11"><span class='ocrx_word' id='word_1_797' title='bbox 1502 2735 1541 2765; x_wconf 91' lang='lat' dir='ltr'>ab</span> <span class='ocrx_word' id='word_1_798' title='bbox 1564 2735 1707 2766; x_wconf 90' lang='lat' dir='ltr'>Auctore</span> <span class='ocrx_word' id='word_1_799' title='bbox 1730 2735 1926 2766; x_wconf 86' lang='lat' dir='ltr'>solutionem</span> <span class='ocrx_word' id='word_1_800' title='bbox 1941 2735 2026 2766; x_wconf 88' lang='lat' dir='ltr'>illius</span> <span class='ocrx_word' id='word_1_801' title='bbox 2042 2737 2248 2776; x_wconf 87' lang='lat' dir='ltr'>quaestionis,</span> <span class='ocrx_word' id='word_1_802' title='bbox 2268 2746 2309 2767; x_wconf 89' lang='lat' dir='ltr'>an</span> <span class='ocrx_word' id='word_1_803' title='bbox 2324 2737 2422 2768; x_wconf 86' lang='lat' dir='ltr'>virtus</span> <span class='ocrx_word' id='word_1_804' title='bbox 2438 2737 2567 2769; x_wconf 85' lang='lat' dir='ltr'>heroica</span> 
     </span>
     <span class='ocr_line' id='line_1_124' title="bbox 1502 2778 2566 2822; baseline 0.005 -14"><span class='ocrx_word' id='word_1_805' title='bbox 1502 2778 1625 2809; x_wconf 87' lang='lat' dir='ltr'>differat</span> <span class='ocrx_word' id='word_1_806' title='bbox 1635 2779 1742 2819; x_wconf 88' lang='lat' dir='ltr'>specie</span> <span class='ocrx_word' id='word_1_807' title='bbox 1754 2789 1772 2809; x_wconf 91' lang='lat' dir='ltr'>a</span> <span class='ocrx_word' id='word_1_808' title='bbox 1783 2779 1898 2810; x_wconf 89' lang='lat' dir='ltr'>virtute</span> <span class='ocrx_word' id='word_1_809' title='bbox 1911 2780 2127 2810; x_wconf 88' lang='lat' dir='ltr'>communiter</span> <span class='ocrx_word' id='word_1_810' title='bbox 2138 2779 2230 2811; x_wconf 90' lang='lat' dir='ltr'>dicta.</span> <span class='ocrx_word' id='word_1_811' title='bbox 2255 2780 2340 2812; x_wconf 88' lang='lat' dir='ltr'>Hinc</span> <span class='ocrx_word' id='word_1_812' title='bbox 2357 2781 2443 2812; x_wconf 86' lang='lat' dir='ltr'>enim</span> <span class='ocrx_word' id='word_1_813' title='bbox 2458 2786 2566 2822; x_wconf 85' lang='lat' dir='ltr'>aperte</span> 
     </span>
     <span class='ocr_line' id='line_1_125' title="bbox 1502 2822 2567 2866; baseline 0.004 -14"><span class='ocrx_word' id='word_1_814' title='bbox 1502 2823 1599 2853; x_wconf 90' lang='lat' dir='ltr'>habes</span> <span class='ocrx_word' id='word_1_815' title='bbox 1617 2828 1740 2863; x_wconf 88' lang='lat' dir='ltr'>partem</span> <span class='ocrx_word' id='word_1_816' title='bbox 1756 2823 1944 2863; x_wconf 87' lang='lat' dir='ltr'>negativam,</span> <span class='ocrx_word' id='word_1_817' title='bbox 1969 2822 2046 2854; x_wconf 90' lang='lat' dir='ltr'>dum</span> <span class='ocrx_word' id='word_1_818' title='bbox 2063 2823 2177 2854; x_wconf 89' lang='lat' dir='ltr'>dicitur</span> <span class='ocrx_word' id='word_1_819' title='bbox 2193 2824 2282 2864; x_wconf 92' lang='lat' dir='ltr'>quod</span> <span class='ocrx_word' id='word_1_820' title='bbox 2298 2834 2363 2855; x_wconf 90' lang='lat' dir='ltr'>non</span> <span class='ocrx_word' id='word_1_821' title='bbox 2379 2824 2490 2866; x_wconf 69' lang='lat' dir='ltr'>differt</span> <span class='ocrx_word' id='word_1_822' title='bbox 2504 2824 2567 2856; x_wconf 78' lang='lat' dir='ltr'>nisi</span> 
     </span>
     <span class='ocr_line' id='line_1_126' title="bbox 1500 2867 2565 2908; baseline 0.003 -11"><span class='ocrx_word' id='word_1_823' title='bbox 1500 2867 1675 2898; x_wconf 83' lang='lat' dir='ltr'>secundum</span> <span class='ocrx_word' id='word_1_824' title='bbox 1697 2867 1926 2908; x_wconf 48' lang='lat' dir='ltr'>perfectiorem</span> <span class='ocrx_word' id='word_1_825' title='bbox 1949 2867 2089 2898; x_wconf 84' lang='lat' dir='ltr'>modum.</span> <span class='ocrx_word' id='word_1_826' title='bbox 2124 2868 2180 2898; x_wconf 88' lang='lat' dir='ltr'>Est</span> <span class='ocrx_word' id='word_1_827' title='bbox 2203 2878 2279 2908; x_wconf 83' lang='lat' dir='ltr'>ergo</span> <span class='ocrx_word' id='word_1_828' title='bbox 2303 2868 2487 2900; x_wconf 87' lang='lat' dir='ltr'>excellentia</span> <span class='ocrx_word' id='word_1_829' title='bbox 2509 2869 2565 2900; x_wconf 86' lang='lat' dir='ltr'>he-</span> 
     </span>
     <span class='ocr_line' id='line_1_127' title="bbox 1502 2910 2565 2947; baseline 0.003 -6"><span class='ocrx_word' id='word_1_830' title='bbox 1502 2911 1588 2941; x_wconf 88' lang='lat' dir='ltr'>roica</span> <span class='ocrx_word' id='word_1_831' title='bbox 1615 2911 1649 2941; x_wconf 91' lang='lat' dir='ltr'>in</span> <span class='ocrx_word' id='word_1_832' title='bbox 1671 2910 1789 2947; x_wconf 93' lang='lat' dir='ltr'>modo,</span> <span class='ocrx_word' id='word_1_833' title='bbox 1820 2921 1888 2941; x_wconf 92' lang='lat' dir='ltr'>non</span> <span class='ocrx_word' id='word_1_834' title='bbox 1915 2912 1948 2941; x_wconf 94' lang='lat' dir='ltr'>in</span> <span class='ocrx_word' id='word_1_835' title='bbox 1977 2911 2102 2942; x_wconf 89' lang='lat' dir='ltr'>formali</span> <span class='ocrx_word' id='word_1_836' title='bbox 2130 2911 2306 2943; x_wconf 85' lang='lat' dir='ltr'>differentia</span> <span class='ocrx_word' id='word_1_837' title='bbox 2332 2913 2400 2943; x_wconf 89' lang='lat' dir='ltr'>sita.</span> <span class='ocrx_word' id='word_1_838' title='bbox 2435 2913 2476 2943; x_wconf 91' lang='lat' dir='ltr'>Et</span> <span class='ocrx_word' id='word_1_839' title='bbox 2501 2913 2565 2944; x_wconf 89' lang='grc'>1100</span> 
     </span>
     <span class='ocr_line' id='line_1_128' title="bbox 1501 2955 2565 2997; baseline 0.002 -12"><span class='ocrx_word' id='word_1_840' title='bbox 1501 2955 1625 2986; x_wconf 90' lang='lat' dir='ltr'>Auctor</span> <span class='ocrx_word' id='word_1_841' title='bbox 1649 2955 1739 2995; x_wconf 87' lang='lat' dir='ltr'>quasi</span> <span class='ocrx_word' id='word_1_842' title='bbox 1762 2955 1876 2995; x_wconf 88' lang='lat' dir='ltr'>probat</span> <span class='ocrx_word' id='word_1_843' title='bbox 1899 2965 1936 2986; x_wconf 91' lang='lat' dir='ltr'>ex</span> <span class='ocrx_word' id='word_1_844' title='bbox 1960 2955 2054 2986; x_wconf 87' lang='lat' dir='ltr'>simili</span> <span class='ocrx_word' id='word_1_845' title='bbox 2079 2956 2164 2996; x_wconf 86' lang='lat' dir='ltr'>apud</span> <span class='ocrx_word' id='word_1_846' title='bbox 2186 2956 2366 2987; x_wconf 86' lang='lat' dir='ltr'>Plotinum:</span> <span class='ocrx_word' id='word_1_847' title='bbox 2397 2956 2452 2987; x_wconf 91' lang='lat' dir='ltr'>ubi</span> <span class='ocrx_word' id='word_1_848' title='bbox 2478 2962 2565 2997; x_wconf 83' lang='lat' dir='ltr'>patet</span> 
     </span>
     <span class='ocr_line' id='line_1_129' title="bbox 1502 2997 2564 3036; baseline 0.002 -7"><span class='ocrx_word' id='word_1_849' title='bbox 1502 3008 1569 3029; x_wconf 91' lang='lat' dir='ltr'>non</span> <span class='ocrx_word' id='word_1_850' title='bbox 1597 3008 1665 3029; x_wconf 91' lang='lat' dir='ltr'>esse</span> <span class='ocrx_word' id='word_1_851' title='bbox 1687 2997 1897 3030; x_wconf 86' lang='lat' dir='ltr'>differentiam</span> <span class='ocrx_word' id='word_1_852' title='bbox 1920 2999 2106 3036; x_wconf 87' lang='lat' dir='ltr'>formalem,</span> <span class='ocrx_word' id='word_1_853' title='bbox 2135 2999 2191 3031; x_wconf 85' lang='lat' dir='ltr'>sed</span> <span class='ocrx_word' id='word_1_854' title='bbox 2217 3000 2346 3031; x_wconf 87' lang='lat' dir='ltr'>maioris</span> <span class='ocrx_word' id='word_1_855' title='bbox 2375 3005 2407 3031; x_wconf 91' lang='lat' dir='ltr'>et</span> <span class='ocrx_word' id='word_1_856' title='bbox 2432 3001 2564 3031; x_wconf 88' lang='lat' dir='ltr'>minoris</span> 
     </span>
     <span class='ocr_line' id='line_1_130' title="bbox 1502 3043 2564 3084; baseline 0.001 -11"><span class='ocrx_word' id='word_1_857' title='bbox 1502 3043 1707 3084; x_wconf 86' lang='lat' dir='ltr'>perfectionis</span> <span class='ocrx_word' id='word_1_858' title='bbox 1730 3048 1864 3074; x_wconf 88' lang='lat' dir='ltr'>tantum.</span> <span class='ocrx_word' id='word_1_859' title='bbox 1889 3043 1929 3074; x_wconf 90' lang='lat' dir='ltr'>Et</span> <span class='ocrx_word' id='word_1_860' title='bbox 1953 3049 2110 3074; x_wconf 88' lang='lat' dir='ltr'>consonat</span> <span class='ocrx_word' id='word_1_861' title='bbox 2123 3045 2239 3074; x_wconf 90' lang='lat' dir='ltr'>rationi</span> <span class='ocrx_word' id='word_1_862' title='bbox 2254 3043 2398 3084; x_wconf 83' lang='lat' dir='ltr'>fugienti,</span> <span class='ocrx_word' id='word_1_863' title='bbox 2414 3043 2454 3074; x_wconf 82' lang='lat' dir='ltr'>ad</span> <span class='ocrx_word' id='word_1_864' title='bbox 2468 3044 2564 3075; x_wconf 85' lang='lat' dir='ltr'>instar</span> 
     </span>
     <span class='ocr_line' id='line_1_131' title="bbox 1502 3087 2564 3128; baseline 0.001 -11"><span class='ocrx_word' id='word_1_865' title='bbox 1502 3093 1643 3122; x_wconf 89' lang='lat' dir='ltr'>naturae,</span> <span class='ocrx_word' id='word_1_866' title='bbox 1659 3087 1882 3127; x_wconf 89' lang='lat' dir='ltr'>pluralitatem,</span> <span class='ocrx_word' id='word_1_867' title='bbox 1899 3088 1955 3118; x_wconf 89' lang='lat' dir='ltr'>ubi</span> <span class='ocrx_word' id='word_1_868' title='bbox 1971 3097 2073 3118; x_wconf 90' lang='lat' dir='ltr'>unum</span> <span class='ocrx_word' id='word_1_869' title='bbox 2089 3087 2213 3119; x_wconf 87' lang='lat' dir='ltr'>sufficit.</span> <span class='ocrx_word' id='word_1_870' title='bbox 2231 3087 2365 3118; x_wconf 82' lang='lat' dir='ltr'>Constat</span> <span class='ocrx_word' id='word_1_871' title='bbox 2376 3087 2462 3118; x_wconf 89' lang='lat' dir='ltr'>enim</span> <span class='ocrx_word' id='word_1_872' title='bbox 2473 3087 2564 3128; x_wconf 89' lang='lat' dir='ltr'>quod</span> 
     </span>
     <span class='ocr_line' id='line_1_132' title="bbox 1503 3130 2563 3172; baseline 0 -10"><span class='ocrx_word' id='word_1_873' title='bbox 1503 3131 1542 3162; x_wconf 91' lang='lat' dir='ltr'>ad</span> <span class='ocrx_word' id='word_1_874' title='bbox 1558 3137 1665 3162; x_wconf 88' lang='lat' dir='ltr'>actum</span> <span class='ocrx_word' id='word_1_875' title='bbox 1682 3130 1874 3162; x_wconf 83' lang='lat' dir='ltr'>fortitudinis</span> <span class='ocrx_word' id='word_1_876' title='bbox 1890 3137 2189 3172; x_wconf 87' lang='lat' dir='ltr'>quantumcumque</span> <span class='ocrx_word' id='word_1_877' title='bbox 2204 3131 2325 3163; x_wconf 88' lang='lat' dir='ltr'>celsum</span> <span class='ocrx_word' id='word_1_878' title='bbox 2340 3130 2456 3162; x_wconf 86' lang='lat' dir='ltr'>suffieit</span> <span class='ocrx_word' id='word_1_879' title='bbox 2474 3130 2563 3162; x_wconf 85' lang='lat' dir='ltr'>forti-</span> 
     </span>
     <span class='ocr_line' id='line_1_133' title="bbox 1502 3173 2563 3215; baseline 0.001 -10"><span class='ocrx_word' id='word_1_880' title='bbox 1502 3174 1621 3206; x_wconf 90' lang='lat' dir='ltr'>tudinis</span> <span class='ocrx_word' id='word_1_881' title='bbox 1636 3175 1785 3206; x_wconf 83' lang='lat' dir='ltr'>latitudo:</span> <span class='ocrx_word' id='word_1_882' title='bbox 1802 3175 1884 3206; x_wconf 89' lang='lat' dir='ltr'>sicut</span> <span class='ocrx_word' id='word_1_883' title='bbox 1895 3176 1928 3206; x_wconf 92' lang='lat' dir='ltr'>in</span> <span class='ocrx_word' id='word_1_884' title='bbox 1944 3175 2138 3207; x_wconf 87' lang='lat' dir='ltr'>naturalibus</span> <span class='ocrx_word' id='word_1_885' title='bbox 2149 3175 2294 3206; x_wconf 81' lang='lat' dir='ltr'>videmus</span> <span class='ocrx_word' id='word_1_886' title='bbox 2306 3173 2395 3215; x_wconf 89' lang='lat' dir='ltr'>quod</span> <span class='ocrx_word' id='word_1_887' title='bbox 2410 3174 2450 3205; x_wconf 83' lang='lat' dir='ltr'>ad</span> <span class='ocrx_word' id='word_1_888' title='bbox 2461 3184 2563 3215; x_wconf 81' lang='lat' dir='ltr'>quan-</span> 
     </span>
     <span class='ocr_line' id='line_1_134' title="bbox 1502 3217 2562 3260; baseline 0.001 -10"><span class='ocrx_word' id='word_1_889' title='bbox 1502 3225 1714 3260; x_wconf 86' lang='lat' dir='ltr'>tumcumque</span> <span class='ocrx_word' id='word_1_890' title='bbox 1737 3219 1978 3251; x_wconf 85' lang='lat' dir='ltr'>illuminationis</span> <span class='ocrx_word' id='word_1_891' title='bbox 1993 3225 2101 3251; x_wconf 86' lang='lat' dir='ltr'>actum</span> <span class='ocrx_word' id='word_1_892' title='bbox 2129 3218 2244 3256; x_wconf 79' lang='lat' dir='ltr'>sufficit</span> <span class='ocrx_word' id='word_1_893' title='bbox 2258 3217 2392 3250; x_wconf 80' lang='lat' dir='ltr'>latitudo</span> <span class='ocrx_word' id='word_1_894' title='bbox 2414 3218 2562 3256; x_wconf 83' lang='lat' dir='ltr'>luminis;</span> 
     </span>
     <span class='ocr_line' id='line_1_135' title="bbox 1503 3261 2560 3304; baseline 0 -10"><span class='ocrx_word' id='word_1_895' title='bbox 1503 3269 1534 3294; x_wconf 89' lang='lat' dir='ltr'>et</span> <span class='ocrx_word' id='word_1_896' title='bbox 1550 3262 1590 3294; x_wconf 90' lang='lat' dir='ltr'>ad</span> <span class='ocrx_word' id='word_1_897' title='bbox 1612 3269 1719 3294; x_wconf 91' lang='lat' dir='ltr'>actum</span> <span class='ocrx_word' id='word_1_898' title='bbox 1735 3262 1962 3304; x_wconf 81' lang='lat' dir='ltr'>frigefactionis</span> <span class='ocrx_word' id='word_1_899' title='bbox 1984 3263 2118 3294; x_wconf 84' lang='lat' dir='ltr'>latitudo</span> <span class='ocrx_word' id='word_1_900' title='bbox 2142 3262 2283 3303; x_wconf 80' lang='lat' dir='ltr'>frigoris;</span> <span class='ocrx_word' id='word_1_901' title='bbox 2306 3267 2337 3292; x_wconf 89' lang='lat' dir='ltr'>et</span> <span class='ocrx_word' id='word_1_902' title='bbox 2361 3262 2405 3293; x_wconf 86' lang='lat' dir='ltr'>sic</span> <span class='ocrx_word' id='word_1_903' title='bbox 2421 3261 2461 3293; x_wconf 88' lang='lat' dir='ltr'>de</span> <span class='ocrx_word' id='word_1_904' title='bbox 2483 3263 2560 3295; x_wconf 76' lang='lat' dir='ltr'>aliis.</span> 
     </span>
    </p>

    <p class='ocr_par' dir='ltr' id='par_1_29' title="bbox 1501 3304 2562 3611">
     <span class='ocr_line' id='line_1_136' title="bbox 1558 3304 2562 3348; baseline 0 -10"><span class='ocrx_word' id='word_1_905' title='bbox 1558 3307 1609 3338; x_wconf 89' lang='lat'>111.</span> <span class='ocrx_word' id='word_1_906' title='bbox 1634 3307 1669 3338; x_wconf 88' lang='lat' dir='ltr'>In</span> <span class='ocrx_word' id='word_1_907' title='bbox 1692 3308 1902 3348; x_wconf 89' lang='lat' dir='ltr'>responsione</span> <span class='ocrx_word' id='word_1_908' title='bbox 1925 3306 1964 3338; x_wconf 87' lang='lat' dir='ltr'>ad</span> <span class='ocrx_word' id='word_1_909' title='bbox 1987 3308 2125 3342; x_wconf 85' lang='lat' dir='ltr'>tertium,</span> <span class='ocrx_word' id='word_1_910' title='bbox 2149 3305 2274 3337; x_wconf 85' lang='lat' dir='ltr'>adverte</span> <span class='ocrx_word' id='word_1_911' title='bbox 2297 3304 2387 3346; x_wconf 88' lang='lat' dir='ltr'>quod</span> <span class='ocrx_word' id='word_1_912' title='bbox 2409 3306 2443 3338; x_wconf 85' lang='lat' dir='ltr'>in</span> <span class='ocrx_word' id='word_1_913' title='bbox 2465 3307 2562 3338; x_wconf 84' lang='lat' dir='ltr'>virtu-</span> 
     </span>
     <span class='ocr_line' id='line_1_137' title="bbox 1502 3349 2561 3392; baseline 0 -10"><span class='ocrx_word' id='word_1_914' title='bbox 1502 3352 1587 3382; x_wconf 89' lang='lat' dir='ltr'>tibus</span> <span class='ocrx_word' id='word_1_915' title='bbox 1610 3361 1693 3392; x_wconf 84' lang='lat' dir='ltr'>quae</span> <span class='ocrx_word' id='word_1_916' title='bbox 1716 3357 1790 3382; x_wconf 89' lang='lat' dir='ltr'>sunt</span> <span class='ocrx_word' id='word_1_917' title='bbox 1812 3352 1999 3392; x_wconf 85' lang='lat' dir='ltr'>passionum</span> <span class='ocrx_word' id='word_1_918' title='bbox 2021 3349 2244 3386; x_wconf 71' lang='lat' dir='ltr'>moder-ativae,</span> <span class='ocrx_word' id='word_1_919' title='bbox 2267 3354 2303 3380; x_wconf 86' lang='lat' dir='ltr'>ut</span> <span class='ocrx_word' id='word_1_920' title='bbox 2325 3355 2399 3380; x_wconf 86' lang='lat' dir='ltr'>sunt</span> <span class='ocrx_word' id='word_1_921' title='bbox 2421 3350 2498 3381; x_wconf 79' lang='lat' dir='ltr'>istae</span> <span class='ocrx_word' id='word_1_922' title='bbox 2522 3350 2561 3382; x_wconf 89' lang='lat' dir='ltr'>de</span> 
     </span>
     <span class='ocr_line' id='line_1_138' title="bbox 1503 3393 2562 3436; baseline -0.001 -10"><span class='ocrx_word' id='word_1_923' title='bbox 1503 3396 1620 3436; x_wconf 89' lang='lat' dir='ltr'>quibus</span> <span class='ocrx_word' id='word_1_924' title='bbox 1643 3401 1690 3427; x_wconf 65' lang='lat' dir='ltr'>est</span> <span class='ocrx_word' id='word_1_925' title='bbox 1713 3404 1818 3427; x_wconf 85' lang='lat' dir='ltr'>sermo</span> <span class='ocrx_word' id='word_1_926' title='bbox 1842 3396 1904 3431; x_wconf 86' lang='lat' dir='ltr'>hic,</span> <span class='ocrx_word' id='word_1_927' title='bbox 1927 3394 1994 3427; x_wconf 89' lang='lat' dir='ltr'>duo</span> <span class='ocrx_word' id='word_1_928' title='bbox 2017 3393 2151 3426; x_wconf 84' lang='lat' dir='ltr'>inveniri</span> <span class='ocrx_word' id='word_1_929' title='bbox 2172 3398 2316 3433; x_wconf 76' lang='lat' dir='ltr'>possunt.</span> <span class='ocrx_word' id='word_1_930' title='bbox 2350 3393 2493 3425; x_wconf 87' lang='lat' dir='ltr'>Primum</span> <span class='ocrx_word' id='word_1_931' title='bbox 2515 3400 2562 3425; x_wconf 86' lang='lat' dir='ltr'>est</span> 
     </span>
     <span class='ocr_line' id='line_1_139' title="bbox 1502 3437 2562 3478; baseline -0.002 -7"><span class='ocrx_word' id='word_1_932' title='bbox 1502 3440 1587 3471; x_wconf 89' lang='lat' dir='ltr'>intus</span> <span class='ocrx_word' id='word_1_933' title='bbox 1616 3440 1649 3470; x_wconf 91' lang='lat' dir='ltr'>in</span> <span class='ocrx_word' id='word_1_934' title='bbox 1673 3440 1788 3470; x_wconf 82' lang='lat' dir='ltr'>anima.</span> <span class='ocrx_word' id='word_1_935' title='bbox 1824 3439 1864 3470; x_wconf 89' lang='lat' dir='ltr'>Et</span> <span class='ocrx_word' id='word_1_936' title='bbox 1887 3439 1950 3470; x_wconf 87' lang='lat' dir='ltr'>hoc</span> <span class='ocrx_word' id='word_1_937' title='bbox 1972 3443 2019 3469; x_wconf 85' lang='lat' dir='ltr'>est</span> <span class='ocrx_word' id='word_1_938' title='bbox 2048 3437 2179 3469; x_wconf 83' lang='lat' dir='ltr'>interior</span> <span class='ocrx_word' id='word_1_939' title='bbox 2208 3437 2373 3478; x_wconf 83' lang='lat' dir='ltr'>dispositio</span> <span class='ocrx_word' id='word_1_940' title='bbox 2402 3439 2562 3478; x_wconf 79' lang='lat' dir='ltr'>appetitus</span> 
     </span>
     <span class='ocr_line' id='line_1_140' title="bbox 1503 3480 2561 3524; baseline 0.001 -11"><span class='ocrx_word' id='word_1_941' title='bbox 1503 3484 1646 3519; x_wconf 88' lang='lat' dir='ltr'>humani,</span> <span class='ocrx_word' id='word_1_942' title='bbox 1670 3489 1706 3514; x_wconf 89' lang='lat' dir='ltr'>ut</span> <span class='ocrx_word' id='word_1_943' title='bbox 1728 3484 1772 3515; x_wconf 89' lang='lat' dir='ltr'>sic</span> <span class='ocrx_word' id='word_1_944' title='bbox 1796 3483 1834 3515; x_wconf 90' lang='lat' dir='ltr'>sit</span> <span class='ocrx_word' id='word_1_945' title='bbox 1850 3482 2021 3524; x_wconf 84' lang='lat' dir='ltr'>dispositus</span> <span class='ocrx_word' id='word_1_946' title='bbox 2042 3491 2083 3513; x_wconf 85' lang='lat' dir='ltr'>ne</span> <span class='ocrx_word' id='word_1_947' title='bbox 2099 3480 2213 3512; x_wconf 82' lang='lat' dir='ltr'>abduci</span> <span class='ocrx_word' id='word_1_948' title='bbox 2228 3481 2328 3522; x_wconf 88' lang='lat' dir='ltr'>possit</span> <span class='ocrx_word' id='word_1_949' title='bbox 2343 3491 2362 3511; x_wconf 82' lang='lat' dir='ltr'>a</span> <span class='ocrx_word' id='word_1_950' title='bbox 2376 3487 2463 3512; x_wconf 86' lang='lat' dir='ltr'>recto</span> <span class='ocrx_word' id='word_1_951' title='bbox 2487 3491 2561 3523; x_wconf 91' lang='lat' dir='ltr'>pro—</span> 
     </span>
     <span class='ocr_line' id='line_1_141' title="bbox 1502 3524 2561 3567; baseline 0 -10"><span class='ocrx_word' id='word_1_952' title='bbox 1502 3532 1572 3567; x_wconf 89' lang='lat' dir='ltr'>pter</span> <span class='ocrx_word' id='word_1_953' title='bbox 1595 3527 1767 3566; x_wconf 87' lang='lat' dir='ltr'>passiones.</span> <span class='ocrx_word' id='word_1_954' title='bbox 1796 3527 1836 3558; x_wconf 88' lang='lat' dir='ltr'>Et</span> <span class='ocrx_word' id='word_1_955' title='bbox 1858 3526 1921 3557; x_wconf 89' lang='lat' dir='ltr'>hoc</span> <span class='ocrx_word' id='word_1_956' title='bbox 1945 3530 1991 3556; x_wconf 88' lang='lat' dir='ltr'>est</span> <span class='ocrx_word' id='word_1_957' title='bbox 2013 3524 2196 3566; x_wconf 85' lang='lat' dir='ltr'>simpliciter</span> <span class='ocrx_word' id='word_1_958' title='bbox 2218 3525 2430 3556; x_wconf 85' lang='lat' dir='ltr'>necessarium</span> <span class='ocrx_word' id='word_1_959' title='bbox 2454 3526 2561 3557; x_wconf 88' lang='lat' dir='ltr'>haberi</span> 
     </span>
     <span class='ocr_line' id='line_1_142' title="bbox 1501 3568 2561 3611; baseline 0.002 -12"><span class='ocrx_word' id='word_1_960' title='bbox 1501 3579 1558 3610; x_wconf 91' lang='lat' dir='ltr'>per</span> <span class='ocrx_word' id='word_1_961' title='bbox 1581 3571 1739 3601; x_wconf 86' lang='lat' dir='ltr'>virtutem.</span> <span class='ocrx_word' id='word_1_962' title='bbox 1764 3570 1805 3601; x_wconf 85' lang='lat' dir='ltr'>Et</span> <span class='ocrx_word' id='word_1_963' title='bbox 1827 3569 1935 3611; x_wconf 83' lang='lat' dir='ltr'>quoad</span> <span class='ocrx_word' id='word_1_964' title='bbox 1957 3569 2020 3600; x_wconf 90' lang='lat' dir='ltr'>hoc</span> <span class='ocrx_word' id='word_1_965' title='bbox 2043 3577 2156 3600; x_wconf 86' lang='lat' dir='ltr'>omnes</span> <span class='ocrx_word' id='word_1_966' title='bbox 2178 3568 2314 3599; x_wconf 84' lang='lat' dir='ltr'>morales</span> <span class='ocrx_word' id='word_1_967' title='bbox 2338 3570 2467 3600; x_wconf 63' lang='lat' dir='ltr'>virtutes</span> <span class='ocrx_word' id='word_1_968' title='bbox 2490 3579 2561 3601; x_wconf 92' lang='lat' dir='ltr'>mo-</span> 
     </span>
    </p>
   </div>
   <div class='ocr_carea' id='block_1_19' title="bbox 2594 655 2806 736">
    <p class='ocr_par' dir='ltr' id='par_1_30' title="bbox 2594 655 2806 736">
     <span class='ocr_line' id='line_1_143' title="bbox 2596 655 2806 677; baseline 0.005 -1.123"><span class='ocrx_word' id='word_1_969' title='bbox 2596 655 2654 676; x_wconf 80' lang='lat' dir='ltr'>·Cf.</span> <span class='ocrx_word' id='word_1_970' title='bbox 2669 655 2771 677; x_wconf 60' lang='grc' dir='ltr'>Μαι-011.</span> <span class='ocrx_word' id='word_1_971' title='bbox 2781 655 2806 677; x_wconf 85' lang='grc'>111</span> 
     </span>
     <span class='ocr_line' id='line_1_144' title="bbox 2594 681 2806 710; baseline 0.005 -8"><span class='ocrx_word' id='word_1_972' title='bbox 2594 681 2751 710; x_wconf 77' lang='lat' dir='ltr'>Somn.Sc1&#39;p.</span> <span class='ocrx_word' id='word_1_973' title='bbox 2765 682 2806 704; x_wconf 81' lang='lat' dir='ltr'>lib.</span> 
     </span>
     <span class='ocr_line' id='line_1_145' title="bbox 2595 707 2744 736; baseline 0.007 -7"><span class='ocrx_word' id='word_1_974' title='bbox 2595 707 2612 734; x_wconf 88' lang='lat'>1,</span> <span class='ocrx_word' id='word_1_975' title='bbox 2628 714 2679 736; x_wconf 82' lang='lat' dir='ltr'>cap.</span> <span class='ocrx_word' id='word_1_976' title='bbox 2693 713 2744 730; x_wconf 82' lang='grc'>11111</span> 
     </span>
    </p>
   </div>
   <div class='ocr_carea' id='block_1_20' title="bbox 2595 1353 2737 1382">
    <p class='ocr_par' dir='ltr' id='par_1_31' title="bbox 2595 1353 2737 1382">
     <span class='ocr_line' id='line_1_146' title="bbox 2595 1353 2737 1382; baseline 0 -6"><span class='ocrx_word' id='word_1_977' title='bbox 2595 1355 2605 1365; x_wconf 88' lang='grc'><em>·</em></span> <span class='ocrx_word' id='word_1_978' title='bbox 2619 1353 2687 1377; x_wconf 76' lang='lat' dir='ltr'>ven.</span> <span class='ocrx_word' id='word_1_979' title='bbox 2702 1359 2737 1382; x_wconf 79' lang='lat'>²7·</span> 
     </span>
    </p>
   </div>
   <div class='ocr_carea' id='block_1_21' title="bbox 2595 1454 2738 1484">
    <p class='ocr_par' dir='ltr' id='par_1_32' title="bbox 2595 1454 2738 1484">
     <span class='ocr_line' id='line_1_147' title="bbox 2595 1454 2738 1484; baseline 0.014 -8"><span class='ocrx_word' id='word_1_980' title='bbox 2595 1456 2606 1467; x_wconf 78' lang='lat'>⁸</span> <span class='ocrx_word' id='word_1_981' title='bbox 2621 1454 2688 1477; x_wconf 74' lang='lat' dir='ltr'>Vei-1.</span> <span class='ocrx_word' id='word_1_982' title='bbox 2702 1460 2738 1484; x_wconf 82' lang='lat'>²9·</span> 
     </span>
    </p>
   </div>
   <div class='ocr_carea' id='block_1_22' title="bbox 2595 1563 2807 1591">
    <p class='ocr_par' dir='ltr' id='par_1_33' title="bbox 2595 1563 2807 1591">
     <span class='ocr_line' id='line_1_148' title="bbox 2595 1563 2807 1591; baseline 0 -6"><span class='ocrx_word' id='word_1_983' title='bbox 2595 1564 2606 1575; x_wconf 73' lang='lat'>⁸</span> <span class='ocrx_word' id='word_1_984' title='bbox 2620 1563 2669 1591; x_wconf 86' lang='lat' dir='ltr'>Qu.</span> <span class='ocrx_word' id='word_1_985' title='bbox 2679 1569 2718 1590; x_wconf 70' lang='lat' dir='ltr'>xv,</span> <span class='ocrx_word' id='word_1_986' title='bbox 2731 1567 2775 1586; x_wconf 71' lang='lat' dir='ltr'>art.</span> <span class='ocrx_word' id='word_1_987' title='bbox 2786 1569 2807 1585; x_wconf 81' lang='lat'>2.</span> 
     </span>
    </p>
   </div>
   <div class='ocr_carea' id='block_1_23' title="bbox 2595 1771 2794 1821">
    <p class='ocr_par' dir='ltr' id='par_1_34' title="bbox 2595 1771 2810 1821">
     <span class='ocr_line' id='line_1_149' title="bbox 2595 1771 2794 1821; baseline 0.005 -1"><span class='ocrx_word' id='word_1_988' title='bbox 2595 1771 2810 1821; x_wconf 51' lang='grc'>1311111--</span> 
     </span>
    </p>
   </div>
   <div class='ocr_carea' id='block_1_24' title="bbox 2844 0 2872 3970">
    <p class='ocr_par' dir='ltr' id='par_1_35' title="bbox 2844 0 2872 3970">
     <span class='ocr_line' id='line_1_150' title="bbox 2844 0 2872 3970; baseline 0 0"><span class='ocrx_word' id='word_1_989' title='bbox 2844 0 2872 3970; x_wconf 95' lang='lat' dir='ltr'> </span> 
     </span>
    </p>
   </div>
  </div>
 </body>
</html>
