2872 3970
236 1095 258 1110 2.

475 293 548 329 502

471 371 707 410 beneficium
734 373 932 409 collatum:
967 371 1036 408 illis
1064 371 1204 408 scilicet
1229 370 1297 430 qui
1324 370 1402 407 iam
1430 369 1535 406 suffi-

473 425 616 463 cienter
634 424 783 474 purgati
802 432 929 470 erant;
958 426 1020 461 vel
1039 424 1154 461 etiarn
1181 423 1262 472 qui,
1282 422 1379 460 dum
1407 422 1536 459 adhuc
1589 421 1677 459 ideo
1705 433 1787 459 non
1805 428 1956 471 oportet
1973 421 2081 470 quod
2106 432 2176 470 per
2193 420 2439 460 descensum
2435 420 2596 468 Christi
2591 421 2653 461 ad

472 478 667 524 viverent,
696 484 921 515 meruerunt
947 489 1017 526 per
1052 477 1173 513 fidem
1206 483 1242 512 et
1278 474 1534 520 dilectionem,

474 538 510 568 et
527 536 540 552 ⁸
569 529 818 568 devotionem
845 530 894 567 ad
922 537 1088 567 mortem
1118 528 1274 572 Christi,
1304 535 1366 574 ut,
1395 539 1444 564 eo
1470 527 1536 565 de-

474 583 698 630 scendente,
737 582 988 620 liberarentur
1024 594 1047 619 a
1086 580 1290 630 temporali
1330 578 1538 629 purgatorii

474 648 660 686 poena..

528 690 586 726 An
605 701 794 726 SECUNDUM
813 699 994 725 morannum
1014 687 1121 736 quod
1140 686 1261 723 virtus
1290 685 1430 723 Christi
1449 697 1539 734 ope-

475 749 580 778 ratur
606 741 646 778 in
675 740 919 778 sacramentis
956 752 1027 788 per
1064 739 1231 776 modum
1267 737 1475 775 sanationis
1503 745 1540 775 et

475 793 702 843 expiationis
720 792 934 830 cuiusdam.
957 792 1068 830 Unde
1089 798 1374 828 sacramentum
1389 791 1539 828 Eucha-

477 846 599 883 ristiae
629 846 760 883 liberat
795 845 973 882 homines
1002 857 1024 882 a
1051 844 1272 894 purgatorio
1308 843 1539 892 inquantum

477 907 531 936 est
559 899 759 948 quoddam
787 897 1018 935 sacrificium
1046 896 1336 934 satisfactorium
1361 907 1433 946 pro
1450 907 1543 946 pec·

476 959 571 990 cat0.
609 952 826 989 Descensus
863 958 994 988 autern
1030 950 1169 987 Christi
1204 950 1254 987 ad
1288 949 1428 988 inferos
1460 961 1541 986 non

444 1007 447 1010 ’
476 1003 544 1041 fuit
577 1002 856 1041 satisfactorius.
895 1003 1140 1052 Operabatur
1170 1010 1301 1042 tamen
1327 1001 1368 1039 in
1403 1001 1542 1040 virtute

236 1063 248 1072 ¹·
259 1062 306 1090 Qu.
317 1067 396 1088 xrvm,
408 1064 449 1082 art.

476 1057 677 1106 passionis,
706 1069 806 1106 quae
834 1055 903 1094 fuit
931 1055 1192 1100 satisfactoria,
1222 1063 1265 1093 ut
1292 1066 1409 1104 supra
1427 1055 1447 1077 ’¹‘
1474 1056 1542 1093 ha-

476 1109 600 1147 bitum
620 1117 694 1146 est:
725 1109 793 1146 sed
821 1117 900 1147 erat
919 1108 1163 1146 satisfactoria
1177 1107 1216 1146 in
1235 1107 1412 1157 generali,
1432 1106 1543 1145 cuius

476 1161 658 1199 virtutem
687 1162 888 1212 oportebat
915 1161 1096 1212 applicari
1134 1161 1183 1199 ad
1216 1171 1543 1215 unumquemque

530 1293 553 1328 ε)
573 1293 747 1323 dilectionem,
767 1297 802 1319 et.
819 1307 838 1313 -
857 1294 918 1319 Om.
938 1293 1001 1318 ΡΠ).

1153 1381 1490 1414 Commentario
1511 1380 1765 1413 Cardinalis
1786 1379 1990 1413 Caietani

482 1481 647 1544 Tmsms
679 1471 790 1501 clarus.
814 1488 836 1492 -
867 1470 901 1500 ln
926 1479 1062 1510 corpore
1090 1469 1172 1500 duae
1205 1475 1280 1500 sunt
1307 1469 1544 1501 conclusiones.

540 1516 645 1546 Prima
669 1521 732 1545 est:
763 1515 900 1545 Animae
924 1514 956 1544 in
982 1514 1183 1555 purgatorio
1217 1518 1293 1544 tunc
1324 1513 1404 1544 tales
1434 1513 1546 1554 quales
1599 1518 1631 1543 et
1652 1513 1725 1544 illos
1753 1513 1826 1553 qui,
1850 1513 1925 1543 licet
1953 1512 2099 1543 absolute
2122 1511 2227 1542 adhuc
2257 1511 2390 1542 fuissent
2419 1511 2454 1542 in
2476 1520 2499 1552 ρ

479 1565 556 1591 sunt
570 1560 646 1590 illae
661 1569 744 1600 quae
760 1568 846 1589 nunc
861 1558 904 1589 ibi
922 1558 1115 1594 detinentur,
1134 1567 1198 1588 non
1213 1558 1359 1600 fuerunt
1372 1567 1436 1598 per
1453 1557 1546 1588 Chri-

480 1605 520 1635 sti
536 1604 721 1635 descensum
738 1603 902 1634 liberatae.
918 1620 941 1624 —
964 1601 1111 1633 Secunda
1134 1607 1196 1632 est:
1221 1602 1358 1633 Animae
1374 1602 1406 1632 in
1416 1611 1546 1644 purga-

482 1649 566 1679 torio
592 1648 672 1678 tales
695 1653 771 1678 tunc
801 1647 912 1688 quales
934 1651 1010 1677 sunt
1039 1656 1122 1687 quae
1145 1656 1231 1677 nunc
1255 1645 1449 1682 liberantur,
1465 1646 1546 1687 fue-

482 1698 560 1723 runt
575 1702 639 1733 per
665 1692 785 1731 Christi
816 1691 1002 1722 descensum
1026 1691 1190 1722 liberatae.

536 1728 691 1767 Probatur
715 1741 849 1776 utraque
868 1735 973 1766 simul.
997 1735 1105 1765 Passio
1130 1732 1247 1765 Christi
1267 1743 1336 1764 non
1351 1734 1447 1765 habet
1461 1739 1545 1764 tran-

482 1782 633 1817 sitoriam,
651 1780 706 1811 sed
722 1781 948 1820 sempiternam
965 1780 1124 1810 virtutem.
1149 1779 1234 1819 Ergo
1258 1788 1327 1809 non
1342 1779 1453 1809 habuit
1468 1784 1546 1813 tunc

482 1826 638 1856 maiorem
662 1824 836 1855 efficaciam
859 1833 957 1864 quam
980 1833 1078 1854 nunc.
1102 1823 1199 1863 Ergo,
1225 1825 1284 1853 ete.

537 1869 739 1901 Antecedens
762 1869 924 1908 probatur,
941 1867 984 1899 ad
1007 1867 1089 1898 Heb.
1106 1877 1136 1898 x.
1159 1885 1183 1889 -
1205 1865 1354 1898 Secunda
1367 1875 1444 1897 vero
1468 1875 1547 1897 con-

483 1913 650 1953 sequentia
676 1912 839 1953 probatur.
863 1911 949 1950 Quia
970 1911 1141 1942 descensus
1157 1909 1275 1942 Christi
1290 1909 1331 1941 ad
1345 1909 1464 1941 inferos
1487 1909 1548 1940 fuit

483 1957 518 1988 in
539 1958 656 1988 virtute
678 1956 835 1997 passionis
858 1964 934 1986 suae
958 1955 1166 1986 liberatorius.

540 2001 577 2031 11.
602 2000 740 2031 Adverte
762 2000 814 2030 hic
838 1999 927 2040 quod
950 2000 1082 2036 Auctor,
1108 2004 1192 2029 certa
1215 2003 1361 2035 sectatus,
1384 1997 1463 2038 quid
1481 1997 1548 2028 effi-

485 2046 590 2076 caciae
614 2044 731 2076 Christi
763 2043 933 2075 descensus
957 2043 997 2074 ad
1019 2042 1138 2074 inferos
1160 2044 1194 2074 in
1217 2043 1402 2083 purgatorio
1435 2041 1546 2073 tradit:

485 2089 603 2121 addens
629 2090 662 2119 in
685 2089 895 2128 responsione
927 2087 967 2118 ad
998 2088 1140 2127 primum
1171 2086 1307 2118 alterum
1337 2095 1439 2127 genus
1471 2091 1548 2116 tunc

484 2139 704 2174 purgatorum.
728 2133 774 2163 Ita
789 2132 879 2172 quod
895 2131 960 2162 duo
977 2132 1070 2172 ponit
1084 2141 1201 2171 genera
1218 2131 1426 2162 liberatorum
1440 2140 1459 2160 a
1473 2140 1549 2171 pur-

485 2178 608 2218 gatorio
624 2177 658 2208 in
682 2176 838 2208 descensu
855 2175 991 2207 Christi:
1016 2175 1136 2206 scilicet
1160 2181 1190 2206 et
1213 2175 1285 2206 illos
1302 2175 1358 2216 qui
1373 2180 1451 2205 tunc
1473 2184 1549 2215 pur-

1157 290 1421 338 QUAESTIO
1449 289 1533 333 LII,
1562 288 1856 329 ARTICULUS
1872 289 1965 331 Vlss

1590 381 1660 418 per
1687 368 1832 418 aliquid
1859 368 2072 418 specialiter
2097 368 2161 406 ad
2173 368 2305 418 ipsum
2330 368 2555 418 pertinens.
2538 368 2582 394 Ψ
2603 369 2654 408 Et
2678 367 2766 420 ΩΨ(

1590 474 1750 514 inferos
1747 485 1909 512 omnes
1923 473 2062 511 fuerint
2089 486 2114 511 a
2138 473 2360 523 purgatorio
2387 473 2579 514 Ιίὴατιτίω
2736 487 2767 520 255

1612 527 1701 564 An
1727 538 1887 565 ‘remum
1912 538 2096 565 mannhun
2124 526 2245 576 quod
2255 525 2317 564 illi„
2330 526 2517 570 defecata
2514 538 2552 565 a
2570 526 2653 576 quir«
2697 561 2699 564 .

1591 580 1664 617 bus
1693 578 1875 617 Christus
1895 578 2069 616 anania
2083 579 2341 623 hocmundo
2355 578 2655 618 ‹homffiij
2695 611 2700 617 .

1591 632 1710 678 rabat,
1739 633 2109 681 erantfpersonale's,
2129 631 2287 681 proprie
2314 631 2655 682 adwunumquerns
2697 663 2699 666 Α
2759 633 2761 635 ’

1592 697 1669 734 que
1697 684 1940 734 pertinentes.
1980 684 2266 727 Sed-exclusio*
2281 696 2305 722 a
2327 683 2657 733 gloria-*Deteret
2685 729 2688 733 ι

1592 737 1754 787 quidam
1771 737 1940 775 defectus
1957 736 2142 785 generalis
2159 736 2353 786 pertinens
2372 737 2422 775 ad
2439 743 2560 776 totam
2583 737 2655 775 hu-

1593 802 1752 828 manam
1771 797 1960 828 naturam.
1992 790 2039 826 Et
2058 789 2146 827 ideo
2168 789 2270 831 nihil
2285 789 2466 840 prohibet
2485 801 2560 836 ,eos
2587 801 2656 840 qul

1594 851 1701 880 erant
1727 842 1768 880 in
1794 842 2028 893 purgatorio,
2048 854 2118 892 per
2144 838 2341 880 Christum
2369 854 2451 880 esse
2479 841 2637 880 liberato

1594 896 1642 933 ab
1669 895 1899 933 exclusione
1917 907 1942 932 a
1968 895 2097 943 gloria,
2118 906 2199 932 non
2227 902 2357 932 autem
2384 907 2408 932 a
2430 902 2538 933 reatu
2564 907 2656 945 poe-
2698 937 2699 940 Ἴ

1595 961 1667 987 nae
1695 947 1920 999 purgatorii,
1949 948 2016 998 qui
2052 947 2215 998 pertinet
2242 948 2291 985 ad
2318 947 2521 998 proprium
2557 947 2606 1004 de

1596 1009 1713 1040 ctum.
1744 1000 1850 1040 Sicut
1868 1013 1893 1039 e
1909 1012 2098 1042 converso
2117 1000 2237 1040 sancti
2244 996 2396 1048 Patres,
2411 1008 2504 1047 ante
2519 947 2660 1049 Chri}

1597 1055 1829 1102 adventum,
1867 1052 2012 1094 liberati
2043 1061 2159 1093 sunt
2168 1065 2216 1091 a
2230 1053 2398 1104 propriis
2425 1052 2664 1103 desedimus,

1597 1119 1677 1145 non
1696 1115 1828 1145 autem
1855 1119 1878 1144 a
1894 1105 2047 1158 defectu
2072 1102 2287 1179 communi,
2305 1105 2404 1179 sicut
2420 1100 2582 1156 supra*
2591 1094 2663 1145 Q

1597 1168 1703 1198 ctum
1731 1167 1797 1198 est.
1908 1176 1910 1178 ’
2127 1175 2130 1182 ¹
2642 1154 2686 1202 ³2¹⁶*

1597 1469 1762 1509 gationem
1784 1477 1876 1500 suam
1906 1441 2118 1509 impleverant
2149 1437 2365 1500 exsolvendo
2377 1466 2510 1498 debias
2510 1459 2665 1508 W&

2499 1510 2663 1552 mensorio

1598 1557 1815 1598 permansuri,
1840 1562 1926 1587 tanta
1948 1561 2057 1587 tamen
2088 1555 2149 1587 fuit
2172 1565 2286 1587 eorum
2309 1554 2439 1587 devotio
2473 1554 2514 1586 ad
2545 1552 2664 1587 Christi
2695 1555 2702 1557 ‘

1598 1606 1738 1634 mortem
1760 1610 1818 1632 seu
1840 1600 2106 1652 redemptionem,
2130 1605 2167 1631 ut
2188 1601 2363 1631 memerint
2379 1600 2414 1630 in
2436 1599 2496 1631 hae
2517 1598 2583 1635 viu
2600 1606 2664 1641 ρο·
2696 1608 2698 1611 ’

1598 1640 1649 1677 siti
1672 1641 1779 1685 quod,
1790 1641 1932 1676 Christo
1955 1643 2169 1675 descendente
2192 1643 2232 1675 ad
2254 1643 2391 1680 inferos,
2414 1643 2529 1684 plenae
2550 1642 2665 1675 ὤθει·
2691 1654 2700 1665 2

1598 1689 1695 1721 tionis
1718 1689 1860 1721 fructum
1881 1689 2082 1730 reciperent.
2092 1688 2134 1720 Et
2154 1687 2334 1720 secundum
2347 1688 2446 1724 hoc,
2584 1686 2665 1719 'ter

1599 1732 1715 1764 dicitur
1730 1732 1820 1774 quod
1832 1733 1988 1770 Christus,
2001 1730 2196 1764 descendens
2212 1731 2252 1763 ad
2266 1730 2396 1768 inferos,
2408 1720 2513 1763 multo·
2542 1731 2670 1774 inpar-A
2699 1769 2700 1772 Ἴ

1598 1778 1723 1818 gatorio
1747 1778 1915 1810 existentes
1942 1777 2000 1818 qui
2028 1786 2096 1807 non
2126 1782 2193 1808 tam
2216 1777 2280 1808 cito
2307 1775 2440 1808 fuissent
2465 1774 2603 1812 liberati,
2625 1780 2677 1808 ex>

1599 1821 1729 1862 speciali
1760 1822 1859 1862 gratia
1882 1821 2053 1852 descensus
2079 1821 2129 1851 sui
2151 1821 2305 1852 liberavit.
2337 1819 2602 1853 Consentaneum
2618 1816 2666 1850 πὶ·

1600 1865 1733 1907 quidem
1756 1871 1803 1897 est
1817 1871 1855 1897 ut
1868 1865 1990 1897 multae
2011 1874 2168 1906 personae
2182 1865 2386 1911 propinquae
2399 1869 2466 1897 tun,
2597 1879 2650 1905 ¹4¹:

1601 1909 1728 1947 Christi,
1753 1913 1826 1941 ante
1848 1910 1956 1950 ipsum
1977 1914 2135 1946 mortuae,
2150 1909 2357 1950 praeparatae
2377 1907 2452 1944 sint
2462 1908 2517 1942 ⁸⁵³
2576 1902 2584 1911 “

1600 1953 1695 1984 simili
1710 1950 1899 1985 devotione·
1915 1958 1952 1984 ut
1963 1951 2046 1984 sicut
2060 1960 2194 1984 nascens
2206 1948 2400 1985 Simeonem
2409 1956 2440 1983 et
2483 1989 2487 1992 Ἴ

1600 1996 1702 2028 sectos
1724 1997 1846 2028 invenit
1857 1998 1884 2034 Ψ,
1901 2003 1933 2028 et
1946 1996 2092 2028 Pastor-es
2107 2001 2140 2027 et
2154 1996 2268 2037 Magos
2290 1994 2505 2048 praeparabat⁴

1602 2046 1707 2072 essent
1729 2021 1965 2072 consolatione
1973 2041 2143 2072 nativitatis
2165 2041 2275 2072 suae·
2277 2041 2345 2077 ‚ita
2365 2033 2568 2078 mortens-⁸·
2573 2049 2614 2074 ;;
2627 2057 2641 2071 ,1

1601 2086 1671 2119 lum
1693 2085 1801 2116 Patres
1822 2091 1951 2116 sanctos
1965 2084 2135 2126 perfectos,
2151 2084 2208 2115 sed
2229 2085 2328 2123 etiam
2345 2085 2380 2120 in
2394 2057 2594 2126 m

1603 2130 1674 2161 ciali
1697 2128 1871 2161 devotione
1893 2134 2096 2170 praeparatos
2114 2129 2246 2165 invenit,
2270 2129 2327 2171 qui
2349 2128 2439 2169 digni
2452 2132 2619 2179 Q

1602 2173 1698 2205 solari
1721 2183 1760 2205 ex
1783 2173 1940 2204 descensu
1962 2173 2002 2204 ad
2024 2171 2144 2204 inferos
2166 2172 2547 2230 1ί1.·»εειιιτοι·ίο.,Ἣ
2540 2175 2669 2231 &Qash
