2872 3970
121 857 134 868 ⁸
141 855 178 878 ef.
185 860 228 877 nrt.
236 863 254 882 ι,
260 855 330 877 Com-

122 886 192 905 meat.
203 882 275 904 Caiet.
283 888 305 904 n.
316 888 331 903 ι.

124 1859 133 1870 ·
147 1858 183 1880 cf.
201 1864 264 1880 num.
277 1864 318 1880 vn.

122 2298 133 2310 ⁸
146 2298 183 2320 ef.
198 2305 262 2320 num.
277 2305 299 2320 x.

22 2948 56 2983 τέ’
74 2964 75 2968 ’
127 2957 138 2970 ”
149 2958 200 2980 Art.
214 2964 235 2980 2.

126 3047 138 3059 '⁴
151 3047 186 3070 Cf.
202 3054 266 3075 num.
280 3054 312 3070 xt.

1092 250 1354 296 QUAESTIO
1385 251 1416 296 Ι,
1446 250 1737 287 ARTICULUS
1767 251 1795 286 II

357 329 501 379 aliquid
528 329 760 379 perfectum,
790 341 811 366 a
841 341 920 378 quo
959 336 1206 374 sustentetur,
1237 329 1325 365 inde
1363 336 1418 364 est

358 383 465 432 quod
492 382 620 421 omnis
647 382 734 431 puri
771 381 940 419 hominis
973 381 1170 418 satisfactio
1208 381 1418 418 efficaciam

359 435 473 473 habet
500 448 523 472 a
551 435 799 472 satisfactione
829 434 979 471 Christi.

411 490 468 525 An
496 500 654 525 TERTmM
682 499 863 524 mcsNDUM
896 487 1002 536 quod
1031 487 1156 533 Deus,
1185 487 1419 524 assumendo

359 553 533 587 carnem,
564 553 675 577 suam
711 540 948 576 maiestatem
983 552 1062 576 non
1097 540 1253 576 minuit:
1290 547 1325 576 et
1353 551 1422 588 per

2488 263 2525 287 lI

1473 340 1711 377 consequens
1749 340 1829 365 non
1866 328 2051 365 minuitur
2088 329 2182 365 ratio
2220 329 2451 365 reverentiae
2489 329 2536 365 ad

1473 381 1613 430 ipsum.
1644 382 1762 428 Quae
1791 389 1950 429 augetur
1976 393 2045 430 per
2077 389 2327 429 augmentum
2356 381 2536 430 cognitio-

1475 434 1532 471 nis
1560 434 1691 482 ipsius.
1722 435 1780 471 Ex
1799 435 1875 471 hoc
1902 442 2031 471 autem
2060 434 2166 482 quod
2191 434 2302 470 nobis
2331 435 2536 484 appropin-

1476 499 1594 535 quare
1613 487 1735 524 voluit
1753 499 1821 535 per
1840 487 1962 524 carnis
1982 487 2297 535 assumptionem,
2319 488 2438 536 magis
2466 500 2537 524 nos

1477 540 1525 576 ad
1554 552 1594 575 se
1622 540 1935 588 cognoscendum
1964 540 2120 576 attraxit.

1033 636 1366 668 Oommentaria
1389 635 1642 669 cardinalis
1665 636 1865 668 Caietani

390 725 409 745 N
433 715 526 745 titulo
550 714 672 744 articuli
695 713 836 750 secundi,
853 719 930 744 nota
954 714 1043 754 quod
1062 715 1095 744 in
1118 715 1181 744 hoc
1202 715 1334 745 articulo
1353 724 1421 744 non

363 727 385 788 l
405 760 566 799 quaeritur
589 758 749 793 absolute,
773 767 814 788 an
842 758 948 788 Deum
974 759 1130 788 incarnari
1153 758 1248 789 fuerit
1278 768 1422 788 necessa-

358 804 451 838 rium,
476 808 512 833 ut
534 803 567 832 in
590 803 695 842 primo
719 801 852 832 articulo
882 801 943 831 fuit
967 803 1111 842 quaestio
1136 802 1174 832 de
1197 802 1422 832 incarnationis

359 847 581 877 convenientia
596 846 740 876 absolute
755 846 788 875 *t
813 845 869 876 sed
885 847 1046 885 quaeritur
1060 847 1112 876 hic
1136 846 1175 876 de
1190 847 1367 876 necessario
1384 846 1423 876 ad

359 896 482 921 certum
497 890 606 926 finem,
622 890 743 920 scilicet
765 891 997 930 reparationem
1015 891 1198 920 humanam.
1224 890 1424 929 Supponitur

359 935 445 965 enim
456 935 508 964 hic
520 943 621 974 genus
632 934 812 963 humanum
837 934 963 973 lapsum
979 934 1151 974 perdidisse
1167 934 1301 964 salutem
1317 943 1421 963 suam:

358 983 390 1008 et
413 978 575 1018 quaeritur
598 987 638 1007 an
661 977 700 1007 ad
723 978 956 1017 reparationem
979 978 1078 1017 ipsius
1093 978 1307 1008 necessarium
1329 977 1424 1007 fuerit

358 1022 466 1052 Deum
488 1021 653 1052 incarnari.
689 1022 730 1051 Et
751 1022 832 1051 scito
857 1021 947 1061 quod
970 1023 1114 1061 quaestio
1147 1023 1205 1052 ista
1234 1027 1383 1051 tractatur
1406 1031 1423 1050 a

358 1066 510 1106 Magistro
527 1065 762 1096 Sententiarum
777 1066 811 1095 in
828 1065 868 1095 ΙΙΙ
885 1065 983 1101 Sem„
1001 1065 1070 1096 dist.
1084 1076 1137 1095 xx:
1154 1071 1300 1105 respectu
1316 1071 1424 1095 tamen

358 1110 516 1150 passionis
541 1109 668 1140 Christi.

415 1154 452 1184 11.
477 1154 512 1184 ln
536 1163 671 1192 corpore
702 1153 825 1183 articuli
849 1158 988 1193 quatuor
1015 1153 1107 1183 fiunt.
1138 1154 1264 1188 Primo,
1292 1153 1424 1192 ponitur

359 1197 520 1228 distinctio
544 1197 729 1227 bimembris
752 1196 792 1227 de
815 1198 993 1227 necessario
1017 1197 1056 1226 ad
1079 1198 1220 1236 aliquem
1243 1197 1352 1227 finem.

413 1241 575 1276 Secundo,
598 1241 686 1270 iuxta
708 1241 849 1280 primum
865 1241 1057 1276 membrum,
1081 1242 1213 1280 ponitur
1228 1241 1331 1280 prima
1347 1250 1424 1270 con-

359 1285 461 1315 clusio
485 1285 640 1324 negativa.
665 1285 706 1314 Et
727 1285 881 1324 probatur
904 1294 941 1314 ex
964 1285 1086 1314 ratione
1103 1285 1227 1314 divinae
1251 1285 1423 1324 potentiae.

414 1329 544 1364 Tertio,
568 1328 656 1358 iuxta
687 1327 866 1358 secundum
895 1329 1093 1364 membrum,
1124 1329 1256 1369 ponitur
1284 1328 1425 1358 secunda

359 1373 526 1403 conclusio
551 1371 745 1402 affirmativa.
769 1372 810 1402 Et
832 1373 995 1412 probatur,
1019 1372 1115 1402 simul
1138 1382 1213 1402 curn
1232 1373 1345 1412 prima,
1369 1382 1425 1402 au-

359 1417 503 1447 ctoritate
526 1417 708 1456 Augustini.

413 1461 548 1498 Quarto,
565 1461 719 1500 probatur
734 1460 802 1490 sola
818 1460 958 1491 secunda
974 1460 1141 1490 conclusio
1161 1460 1335 1499 tripliciter.
1358 1460 1425 1490 Pri-

358 1514 425 1541 mo,
438 1504 477 1535 de
493 1505 626 1535 utilitate
643 1503 682 1534 ad
698 1505 939 1544 promotionem
951 1503 990 1534 ad
1010 1505 1134 1534 bonurn
1146 1504 1352 1544 quintuplex:
1366 1505 1425 1534 sci-

358 1549 433 1579 licet
454 1548 540 1585 fidei,
556 1549 635 1588 spei,
652 1548 797 1583 caritatis,
819 1549 925 1588 operis
949 1549 1035 1584 recti,
1053 1554 1084 1578 et
1103 1548 1200 1578 divini
1225 1549 1386 1578 consortii.
1402 1567 1425 1570 -

359 1592 528 1628 Secundo,
552 1592 592 1623 de
621 1592 755 1622 utilitate
785 1593 940 1622 remotiva
969 1592 1044 1622 mali
1075 1593 1169 1622 etiam
1199 1592 1424 1632 quintuplicis:

359 1637 517 1667 servitutis
540 1636 726 1672 diabolicae,
750 1636 937 1667 deiectionis
960 1637 1121 1676 propriae,
1146 1637 1424 1676 praesumptionis,

359 1681 536 1720 superbiae,
559 1681 718 1710 servitutis
741 1681 873 1720 peccafi.
890 1699 912 1702 —
936 1680 1057 1716 Tertio,
1075 1681 1150 1720 quia
1173 1686 1247 1710 sunt
1269 1680 1425 1720 plurimae

360 1725 438 1755 aliae
461 1725 800 1764 incomprehensibiles
823 1724 948 1754 homini
972 1724 1131 1754 utilitates.

415 1768 456 1798 Et
480 1774 647 1799 contextus
671 1769 791 1798 litterae
815 1768 916 1807 clarus
940 1774 986 1798 est
1008 1768 1109 1798 valde.

416 1813 467 1842 III.
492 1812 527 1842 In
550 1813 759 1852 responsione
782 1811 822 1842 ad
845 1811 1024 1841 secundum
1048 1811 1191 1842 eiusdem
1221 1811 1354 1841 secundi
1378 1820 1424 1840 ar-

359 1857 459 1892 ticuli,
477 1856 580 1888 dubia.
595 1855 696 1886 multa
719 1861 893 1885 occurrunt
912 1855 995 1885 circa
1017 1855 1118 1885 multa
1140 1856 1184 1885 ibi
1208 1855 1291 1885 dicta
1306 1856 1332 1885 ὓ.
1369 1855 1425 1884 Di-

360 1906 476 1931 cuntur
498 1899 658 1939 siquidem
681 1900 725 1929 ibi
749 1905 897 1939 quatuor.
932 1899 1058 1935 Primo,
1083 1899 1173 1939 quod
1198 1908 1306 1939 purus
1328 1899 1423 1928 homo

360 1954 425 1975 non
442 1945 552 1984 potuit
579 1943 793 1984 sufficienter,
818 1943 1030 1984 adaequando
1054 1943 1180 1983 culpam
1213 1943 1423 1978 commissam,

358 1988 549 2029 satisfacere
558 1997 623 2028 pro
641 1993 786 2028 peccato.
803 2005 823 2009 -
848 1987 1009 2022 Secundo,
1027 1987 1117 2027 quod
1139 1997 1204 2017 una
1226 1987 1321 2017 huius
1345 1987 1424 2017 ratio

360 2037 408 2063 est
430 2033 507 2072 quia
526 2037 696 2072 peccatum
720 2036 836 2062 contra
857 2031 962 2061 Deum
986 2031 1188 2061 commissum
1211 2031 1305 2061 habet
1323 2040 1425 2070 quan-

359 2076 435 2107 dam
462 2075 652 2117 infinitatem
681 2085 723 2106 ex·
747 2075 871 2116 offensa
897 2075 1026 2105 divinae
1048 2075 1232 2105 maiestatis.
1257 2092 1278 2097 -
1302 2075 1423 2110 Tertio,

360 2119 451 2161 quod
477 2120 657 2161 satisfactio
683 2119 803 2149 Christi
825 2124 873 2149 est
888 2120 1036 2161 perfecta
1059 2119 1233 2149 secundum
1263 2118 1425 2159 adaequa-

361 2165 480 2195 tionem
502 2163 545 2194 ad
559 2164 687 2203 culpam
703 2163 915 2194 commissam.
931 2180 952 2186 -
968 2164 1102 2201 Quarto,
1120 2162 1210 2203 quod
1233 2163 1336 2193 omnis
1345 2163 1426 2203 puri

359 2208 499 2239 hominis
512 2207 692 2248 satisfactio
705 2207 883 2248 efficaciam
895 2207 988 2237 habet
998 2217 1019 2237 a
1030 2207 1253 2248 satisfactione
1267 2206 1424 2236 Christi.—

361 2252 403 2283 Et
424 2252 543 2283 horum
565 2251 689 2291 singula
711 2261 783 2282 suas
806 2252 923 2281 habent
945 2251 1152 2281 obiectiones.

417 2295 539 2326 Contra
561 2296 702 2335 primum
725 2294 883 2335 siquidem
906 2296 1009 2334 arguit
1031 2295 1147 2325 Scotus
1162 2295 1195 2329 ὕ,
1219 2295 1253 2324 in
1269 2295 1312 2324 IV
1328 2294 1424 2330 Sent„

362 2340 431 2371 dist.
448 2350 498 2375 xv,
516 2349 570 2379 qu.
587 2349 607 2369 1.
632 2338 809 2369 Satisfactio
827 2345 873 2369 est
894 2338 1029 2369 redditio
1053 2339 1280 2379 aequivalentis
1299 2348 1358 2378 pro
1375 2348 1426 2368 ae-

361 2384 546 2424 quivalenti.
581 2383 643 2413 Sed
667 2388 825 2423 quantum
855 2383 977 2413 malum
1000 2382 1061 2413 fuit
1089 2383 1210 2413 aversio
1234 2392 1252 2412 a
1275 2382 1346 2412 Deo
1370 2393 1427 2423 per

361 2433 540 2468 peccatum,
564 2432 689 2457 tanturn
711 2428 836 2457 bonum
860 2433 906 2457 est
922 2427 1090 2457 conversio
1114 2426 1154 2457 ad
1177 2427 1283 2457 Deum
1302 2436 1359 2466 per
1375 2437 1426 2457 ca-

360 2473 495 2502 ritatem.
519 2472 604 2511 Ergo
627 2481 727 2511 purus
750 2472 851 2502 homo
875 2471 982 2511 potuit
1005 2471 1207 2510 aequivalens
1230 2470 1372 2501 reddere.

415 2515 588 2550 Praeterea,
603 2521 762 2555 quantum
778 2516 901 2545 bonum
917 2520 1028 2545 natum
1045 2514 1105 2545 fuit
1120 2515 1222 2545 inesse
1239 2515 1324 2544 actui
1339 2525 1425 2551 meo,

361 2564 486 2590 tantum
509 2559 643 2596 bonum,
660 2565 692 2589 et
705 2569 773 2589 non
795 2559 878 2599 plus,
899 2559 1027 2589 abstulit
1049 2564 1218 2598 peccatum
1240 2568 1361 2589 meum.
1385 2559 1426 2589 Et

361 2609 486 2634 tantum
501 2603 625 2633 bonum
640 2609 746 2644 potest
760 2604 863 2633 inesse
879 2603 963 2633 actui
982 2603 1135 2633 secundo.
1160 2603 1245 2642 Ergo
1262 2612 1318 2643 per
1333 2603 1425 2633 illum

362 2653 470 2678 actum
493 2647 628 2677 omnino
651 2647 854 2687 aequivalens
876 2646 1026 2677 redditur.

418 2691 539 2726 Tertio,-
556 2691 654 2726 Deus,
676 2690 716 2721 de
732 2691 875 2731 potentia
897 2691 1051 2727 absoluta,
1076 2691 1232 2731 potuisset
1255 2690 1328 2721 dare
1351 2701 1426 2731 pec-

362 2735 471 2770 catori,
494 2739 568 2774 post
583 2735 778 2765 attritionem
800 2740 953 2774 tanquam
969 2733 1214 2775 dispositionem
1229 2740 1260 2765 et
1275 2735 1424 2765 meritum

362 2779 402 2809 de
417 2788 574 2818 congruo,
590 2778 721 2818 gratiam
743 2788 800 2818 per
815 2788 913 2818 quam
936 2784 1044 2809 motus
1068 2779 1135 2809 eius
1152 2778 1241 2809 fieret
1264 2780 1424 2809 contritio.

362 2823 403 2853 Et
425 2823 470 2852 sic
493 2832 550 2862 per
572 2821 818 2852 satisfactionem
841 2822 1095 2862 aequivalentem
1117 2822 1284 2853 delevisset
1313 2832 1425 2862 pecca-

361 2873 448 2897 tum:
484 2867 559 2906 quia
582 2875 639 2906 per
661 2866 753 2896 illum
776 2872 883 2896 actum
914 2866 1097 2896 redderetur
1120 2867 1191 2896 Deo
1221 2867 1425 2907 aequivalens

361 2911 407 2941 illi
430 2911 519 2940 bono
543 2909 633 2950 quod
657 2909 784 2939 abstulit
806 2915 984 2950 peccatum.

417 2954 517 2984 Affert
540 2963 674 2993 quoque
698 2953 892 2992 Capreolus,
916 2954 950 2983 in
972 2964 1012 2983 xv
1036 2953 1239 2984 distinctione
1255 2955 1272 2971 ⁴*
1296 2954 1423 2992 Quarti,

362 3003 587 3038 argumentum
610 2997 759 3028 Aureoli:
784 2997 840 3027 sed
861 2998 896 3027 in
918 2997 1004 3027 idem
1026 2997 1107 3028 redit
1130 3007 1205 3028 cum
1229 2998 1329 3028 dicu's.

418 3042 470 3072 IV.
495 3041 616 3072 Contra
639 3041 817 3071 secundum
841 3040 961 3071 dictum
977 3042 1003 3077 *‚
1028 3042 1147 3071 scilicet
1170 3041 1259 3082 quod
1282 3042 1425 3083 infinitas

363 3086 506 3127 offensae
521 3090 635 3116 causat
654 3085 937 3125 impossibilitatem
952 3085 1174 3126 satisfaciendi
1183 3095 1271 3125 puro
1287 3086 1420 3121 homini,

363 3130 466 3170 arguit
496 3130 611 3161 Scotus
641 3129 770 3159 ibidem.
809 3128 841 3158 Si
864 3127 1002 3158 infinitas
1024 3128 1058 3158 in
1081 3135 1213 3168 peccato
1242 3130 1424 3168 prohiberet

362 3173 608 3204 satisfactionem
638 3173 839 3213 possibilem,
864 3172 958 3202 etiam
982 3172 1164 3211 prohiberet
1193 3182 1263 3203 eam
1286 3173 1423 3212 positam

362 3218 396 3248 in
418 3218 566 3258 passione
591 3217 717 3248 Christi.
742 3217 826 3254 Quia
842 3216 945 3256 passio
963 3215 1089 3251 Christi,
1113 3216 1208 3246 etiam
1231 3222 1361 3256 accepta
1375 3226 1423 3247 se-

363 3261 507 3292 cundum
529 3266 630 3292 totam
648 3261 804 3291 rationem
827 3260 930 3290 meriti
945 3259 979 3289 in
996 3269 1041 3294 ea,
1065 3259 1126 3290 fuit
1141 3259 1264 3290 bonum
1280 3259 1422 3290 finitum:

364 3306 439 3346 quia
453 3314 520 3336 non
537 3311 602 3336 erat
617 3306 741 3335 bonum
756 3306 942 3334 increatum.
964 3304 1031 3333 Nec
1047 3312 1104 3342 per
1119 3313 1318 3342 consequens
1334 3313 1423 3334 acce-

363 3354 469 3390 ptatur
491 3359 509 3379 a
532 3349 603 3379 Deo
618 3348 742 3379 infinite
759 3358 797 3378 ex
812 3354 900 3388 parte
917 3347 1049 3377 obiecti:
1075 3347 1150 3387 quia
1172 3356 1240 3377 non
1261 3346 1320 3377 fuit
1336 3347 1423 3377 Deus
1448 3356 1450 3374 1

363 3393 474 3424 beatus
496 3393 632 3423 amando
655 3393 743 3423 illam
766 3392 956 3432 passionem,
981 3392 1062 3421 sicut
1085 3396 1131 3421 est
1153 3391 1263 3421 beatus
1286 3391 1422 3421 amando

364 3437 531 3467 essentiam
554 3446 654 3467 suam.

418 3480 570 3520 Arguitur
590 3481 685 3510 etiam
708 3481 783 3520 quia
805 3479 943 3510 infinitas
968 3478 1106 3509 offensae
1129 3488 1196 3508 non
1219 3484 1266 3508 est
1284 3478 1422 3508 infinitas

364 3523 558 3564 simpliciter,
581 3524 637 3555 sed
659 3524 837 3555 secundum
861 3523 948 3564 quid.
982 3523 1066 3562 Ergo
1089 3531 1157 3552 non
1180 3522 1422 3553 satisfacientem

364 3566 524 3598 infinitum
548 3568 741 3608 simpliciter,
765 3574 801 3598 ut
825 3574 871 3598 est
893 3568 992 3597 Filius
1015 3567 1089 3602 Dei,
1113 3566 1167 3596 sed
1190 3565 1351 3596 infinitum
1374 3576 1422 3597 se-

1479 715 1621 745 cundum
1646 715 1724 755 quid
1747 716 1851 754 exigit.
1883 715 2027 753 Quilibet
2049 722 2155 746 autem
2179 716 2278 746 homo
2303 725 2410 746 amans
2434 715 2538 745 Deum

1449 789 1450 800 χ
1479 769 1517 789 ex
1532 760 1630 799 gratia
1652 769 1708 789 seu
1732 760 1858 789 caritate
1883 765 1929 790 est
1951 760 1996 789 sic
2019 769 2155 799 operans
2178 759 2339 789 infinitum
2362 759 2539 790 secundum

1479 803 1566 842 quid,
1591 809 1627 833 ut
1649 809 1743 843 patet.
1767 803 1843 833 Non
1859 813 1934 843 ergo
1952 813 1989 833 ex
2012 803 2167 834 infinitate
2188 803 2326 833 offensae
2350 804 2410 833 Dei
2433 803 2539 833 inferri

1479 853 1584 887 potest
1614 847 1781 877 efficaciter
1810 847 1933 877 infinita
1962 847 2100 877 efficacia
2131 847 2346 877 satisfacientis
2377 848 2421 877 sic
2451 848 2540 887 quod

1478 891 1517 920 sit
1540 892 1744 930 suppositum
1768 891 1922 927 divinum,
1947 901 1983 921 ac
2007 901 2063 931 per
2083 892 2146 921 hoc
2169 891 2330 921 infinitum
2346 891 2539 931 simpliciter.

1479 934 1578 972 Quod
1600 941 1708 965 tamen
1730 936 1763 964 in
1787 935 1888 965 littera
1910 935 1955 965 fit.

1533 979 1572 1008 V.
1597 978 1717 1008 Contra
1732 980 1860 1009 tertium
1876 981 1902 1014 ᾗ,
1919 979 2039 1009 scilicet
2055 979 2143 1019 quod
2162 979 2340 1020 satisfactio
2359 979 2479 1010 Christi
2496 985 2542 1010 est

1478 1022 1641 1063 condigna
1665 1023 1837 1053 secundum
1865 1024 2089 1063 aequalitatem
2112 1023 2155 1053 ad
2178 1024 2303 1063 culpam
2324 1024 2540 1059 commissam,

1479 1067 1617 1096 occurrit
1640 1067 1826 1102 Durandus,
1851 1067 1884 1096 in
1908 1067 1948 1096 III
1972 1067 2069 1102 Sent„
2094 1067 2163 1097 dist.
2180 1077 2229 1102 xx,
2247 1076 2301 1107 qu.
2326 1078 2357 1097 11.
2387 1067 2540 1103 Christus,

1478 1110 1671 1149 inquantum
1687 1111 1798 1145 homo,
1815 1111 1864 1140 vel
1880 1112 2002 1140 ratione
2019 1112 2176 1140 humanae
2193 1117 2332 1147 naturae,
2348 1121 2414 1141 non
2436 1113 2542 1151 potuit

1478 1153 1609 1183 reddere
1639 1155 1842 1193 aequivalens
1872 1154 2034 1184 beneficiis
2062 1155 2212 1184 omnibus
2236 1155 2274 1184 ab
2298 1156 2368 1194 ipso
2396 1156 2540 1195 receptis.

1479 1198 1565 1237 Ergo
1581 1207 1648 1227 non
1665 1199 1771 1237 potuit
1785 1198 1916 1228 reddere
1933 1199 2135 1237 aequivalens
2151 1208 2209 1238 pro
2230 1199 2368 1237 peccatis
2384 1200 2541 1229 humanae

1479 1247 1626 1272 naturae:
1651 1252 1711 1272 nec
1733 1243 1910 1281 ipsiusmet,
1934 1243 1959 1271 si
1982 1248 2153 1281 peccasset.
2170 1260 2191 1263 —
2215 1242 2416 1272 Antecedens
2440 1248 2540 1282 patet:

1480 1286 1556 1325 quia
1571 1285 1614 1315 ad
1629 1286 1707 1316 deos
1722 1291 1753 1315 et
1762 1291 1915 1325 parentes
1931 1287 1947 1302 ᾗ
1968 1295 2032 1315 ηοη
2043 1291 2151 1325 potest
2166 1286 2257 1316 reddi
2273 1287 2486 1326 aequivalens,
2508 1293 2542 1316 ut

1480 1330 1596 1360 dicitur
1611 1330 1682 1359 VIII
1705 1330 1808 1360 Ethic.
1826 1331 1842 1347 ᾗ
1858 1348 1879 1352 —
1903 1330 2142 1369 Consequentia
2166 1335 2211 1359 est
2240 1336 2326 1360 nota.
2357 1330 2443 1360 Tum
2468 1331 2542 1370 quia

1479 1373 1616 1403 redditio
1633 1374 1860 1413 aequivalentis
1884 1379 2011 1413 oportet
2035 1373 2124 1413 quod
2147 1374 2186 1403 sit
2205 1373 2244 1403 de
2260 1383 2327 1404 non
2343 1374 2418 1404 alias
2434 1374 2540 1404 debito

1479 1417 1524 1447 illi
1549 1418 1600 1447 cui
1624 1418 1773 1448 redditur.
1808 1418 1894 1448 Turn
1918 1418 2007 1458 quia,
2031 1419 2056 1447 si
2079 1423 2166 1448 actus
2191 1418 2306 1447 Christi
2337 1427 2403 1448 non
2428 1418 2542 1448 sufficit

1480 1461 1519 1491 ad
1534 1461 1779 1501 adaequandum
1800 1461 1965 1497 beneficia,
1983 1467 2105 1492 constat
2122 1461 2210 1501 quod
2230 1462 2308 1491 nihil
2324 1467 2468 1501 superest
2483 1463 2539 1492 sibi

1480 1515 1547 1545 quo
1571 1506 1672 1545 possit
1695 1506 1831 1536 aliorum
1856 1506 1964 1545 culpas
1988 1505 2174 1545 adaequare.

1534 1550 1584 1584 Et,
1602 1550 1678 1589 quia
1701 1549 1871 1580 Durandus
1894 1550 1927 1579 in
1951 1550 2053 1579 verbis
2082 1550 2147 1579 istis
2171 1550 2308 1579 insinuat
2332 1559 2364 1579 se
2388 1550 2478 1589 loqui
2501 1550 2540 1580 de

1480 1593 1607 1624 Christo
1631 1594 1804 1624 secundum
1827 1593 1913 1634 quod
1928 1594 2033 1628 homo,
2052 1594 2141 1633 quasi
2157 1593 2366 1623 abstrahendo
2387 1603 2404 1623 a
2420 1603 2541 1633 suppo-

1479 1638 1540 1667 sito
1565 1637 1684 1672 divino,
1709 1643 1795 1677 patet
1818 1638 2005 1677 oppositum
2029 1647 2095 1667 esse
2119 1637 2158 1666 de
2181 1642 2288 1667 mente
2312 1638 2390 1672 eius,
2415 1637 2491 1667 dum
2507 1638 2540 1668 in

1480 1681 1523 1711 IV
1545 1681 1643 1716 Sent„
1668 1681 1737 1711 dist.
1760 1692 1810 1716 xv,
1835 1691 1889 1720 qu.
1914 1691 1934 1715 1,
1957 1687 2022 1710 tam
2045 1681 2173 1710 tertium
2197 1690 2294 1720 quam
2318 1686 2466 1720 quartum
2490 1682 2540 1711 hic

1479 1725 1602 1754 dictum
1633 1726 1844 1764 impugnans,
1869 1724 1961 1754 dicit:
2001 1738 2013 1750 α
2034 1724 2174 1761 Quidam
2205 1724 2315 1754 dicunt
2338 1724 2444 1763 quod,
2468 1725 2541 1755 licet

1479 1769 1580 1798 homo
1605 1778 1642 1798 ex
1665 1778 1697 1798 se
1722 1778 1789 1798 non
1812 1769 1913 1807 possit
1935 1768 2111 1798 satisfacere
2135 1767 2297 1798 reddendo
2327 1769 2540 1807 aequivalens,

1480 1818 1586 1852 potest
1609 1818 1715 1842 tamen
1746 1822 1783 1842 ex
1814 1813 1876 1842 hoc
1901 1812 1991 1851 quod
2020 1812 2078 1841 sibi
2109 1813 2364 1842 communicatur
2392 1813 2541 1842 meritum

1480 1857 1636 1896 passionis
1650 1855 1777 1891 Christi,
1791 1855 1880 1895 quod
1896 1855 1955 1885 fuit
1971 1856 2080 1895 aliquo
2097 1855 2196 1885 modo
2212 1855 2383 1886 infinitum.
2405 1856 2466 1886 Sed
2478 1858 2540 1895 pri-

1479 1909 1571 1930 mum
1587 1914 1600 1926 ι»
1620 1900 1754 1938 (scilicet
1770 1899 1860 1939 quod
1872 1900 1980 1929 nullus
1991 1901 2091 1939 possit
2107 1899 2237 1930 reddere
2253 1900 2455 1939 aequivalens
2467 1901 2541 1930 sirn—

1480 1944 1616 1983 pliciter)
1644 1958 1657 1969 «
1674 1943 1798 1974 videtur
1821 1944 1935 1974 melius
1952 1943 2082 1974 dictum.
2111 1944 2195 1981 Quia
2214 1953 2272 1974 nec
2296 1944 2363 1983 ipse
2387 1943 2540 1979 Christus,

1480 1988 1659 2018 secundum
1684 1987 1773 2027 quod
1804 1988 1921 2023 homo,
1946 1988 2052 2027 potuit
2081 1988 2152 2018 Deo
2182 1987 2311 2017 reddere
2339 1988 2541 2027 aequivalens

1480 2031 1643 2062 beneficiis
1666 2032 1813 2071 acceptis.
1839 2031 1924 2062 Cum
1948 2041 2023 2071 ergo
2041 2031 2197 2071 quidquid
2214 2037 2278 2061 erat
2301 2032 2332 2061 in
2350 2031 2476 2062 Christo
2494 2042 2541 2062 se-

1480 2075 1623 2106 cundum
1653 2076 1826 2105 humanam
1849 2081 2008 2111 naturam,
2036 2081 2116 2105 esset
2138 2081 2244 2106 totum
2267 2075 2442 2114 obligatum
2470 2076 2540 2106 Deo

1479 2125 1510 2149 et
1533 2120 1562 2149 ei
1587 2119 1740 2154 debitum,
1765 2129 1831 2149 non
1848 2120 1954 2159 potuit
1970 2129 2037 2149 esse
2053 2119 2223 2149 satisfactio
2248 2119 2286 2149 de
2303 2119 2465 2159 condigno
2482 2130 2540 2159 pro

1479 2173 1689 2203 quocumque
1706 2169 1848 2203 peccato,
1866 2163 2098 2193 considerando
2119 2169 2263 2193 naturam
2287 2164 2392 2202 operis
2408 2164 2458 2194 vel
2479 2165 2539 2194 rei:

1479 2207 1535 2237 sed
1550 2207 1656 2237 solum
1673 2207 1850 2237 secundum
1866 2207 2034 2246 gratuitam
2051 2208 2303 2247 acceptationem
2323 2208 2392 2237 Dei.
2413 2221 2426 2234 »
2453 2208 2541 2238 Haec

1479 2252 1541 2281 ille.
1574 2252 1636 2281 Ubi
1660 2257 1761 2290 patet,
1786 2261 1823 2281 ex
1846 2252 1909 2281 hoc
1932 2251 2003 2290 ipso
2034 2251 2124 2291 quod
2151 2252 2318 2290 impugnat
2346 2252 2540 2291 positionem

1467 2294 1639 2325 *dicentem
1662 2295 1751 2334 quod
1782 2294 1951 2325 satisfactio
1976 2295 2094 2325 Christi
2126 2301 2172 2325 est
2195 2295 2333 2330 infinita,
2362 2295 2451 2335 quod
2473 2305 2540 2325 non

1478 2340 1623 2379 loquitur
1646 2338 1684 2369 de
1709 2339 1836 2369 Christo
1860 2338 2039 2368 secundum
2059 2339 2149 2378 quod
2171 2339 2271 2368 homo
2296 2339 2506 2369 abstrahendo
2523 2349 2540 2369 a

1478 2383 1648 2423 supposito
1672 2383 1797 2413 divino:
1834 2383 1988 2422 quoniam
2018 2383 2135 2422 positio
2159 2382 2212 2412 illa
2238 2388 2325 2412 tenet
2351 2382 2540 2413 infinitatem

1479 2437 1546 2457 esse
1570 2428 1603 2456 in
1626 2436 1723 2466 opere
1740 2426 1857 2456 Christi
1880 2427 2022 2456 humano
2039 2426 2180 2466 quidem,
2204 2426 2259 2456 sed
2282 2426 2403 2456 ratione
2419 2436 2540 2466 suppo-

1478 2472 1539 2507 siti,
1557 2472 1648 2501 cuius
1669 2477 1715 2500 est
1732 2471 1864 2511 operari.
1890 2470 1951 2500 Sed
1974 2471 2117 2510 loquitur
2133 2470 2171 2500 de
2188 2470 2305 2500 Christi
2327 2470 2539 2501 satisfactione

1478 2525 1575 2555 quam
1592 2515 1751 2545 mediante
1770 2520 1881 2544 natura
1897 2520 2057 2554 assumpta
2073 2513 2185 2549 effecit,
2203 2519 2266 2544 tam
2286 2514 2399 2553 gratias
2415 2515 2538 2554 agendo

1478 2569 1576 2599 quarn
1600 2558 1808 2599 adaequando
1832 2564 1971 2598 peccata.

1532 2603 1585 2633 V1.
1611 2603 1732 2633 Contra
1749 2608 1897 2643 quartum
1918 2602 2038 2632 dictum
2054 2603 2080 2638 ἦ
2101 2602 2220 2632 scilicet
2236 2602 2325 2642 quod
2348 2602 2450 2632 omnis
2472 2602 2538 2632 alia

1476 2647 1656 2688 satisfactio
1673 2647 1791 2687 efficax
1806 2651 1852 2676 est
1867 2655 1908 2676 ex
1927 2646 2147 2687 satisfactione
2165 2646 2292 2681 Christi,
2306 2647 2442 2676 occurrit
2457 2647 2540 2686 ipse-

1477 2697 1544 2721 met
1566 2691 1706 2725 Auctor,
1730 2691 1763 2720 in
1788 2690 1830 2720 IV
1851 2690 1951 2725 Sent.,
1977 2690 2046 2720 dist.
2063 2700 2112 2726 xv,
2138 2699 2191 2729 qu.
2209 2700 2229 2725 1,
2254 2696 2308 2720 art.
2328 2700 2356 2725 2,
2382 2690 2420 2720 ad
2440 2697 2467 2725 1,
2492 2689 2538 2720 di-

1478 2745 1568 2765 cens:
1594 2735 1660 2764 Alii
1682 2735 1792 2765 dicunt
1814 2734 1900 2774 quod
1921 2734 2016 2764 etiam
2032 2739 2185 2774 quantum
2206 2734 2249 2763 ad
2263 2734 2462 2764 aversionem
2472 2743 2537 2774 pro

1472 2784 1606 2819 peccato
1629 2779 1780 2819 satisfieri
1796 2783 1904 2818 potest
1926 2778 2042 2808 virtute
2068 2778 2173 2807 meriti
2199 2778 2327 2813 Christi,
2350 2777 2437 2817 quod
2459 2788 2538 2818 quo-

1477 2823 1648 2853 dammodo
1669 2823 1828 2863 infinitum
1842 2822 1924 2863 fuit.
1947 2822 1991 2851 Et
2013 2822 2044 2851 in
2061 2822 2122 2851 hoc
2145 2821 2225 2851 idem
2242 2821 2326 2851 redit
2347 2821 2433 2861 quod
2442 2822 2538 2861 prius

1477 2867 1595 2898 dictum
1619 2872 1666 2897 est
1689 2866 1821 2906 (scilicet
1845 2865 1934 2905 quod
1957 2875 2022 2895 non
2047 2870 2152 2904 potest
2167 2864 2343 2895 satisfacere
2359 2865 2536 2896 secundum

1477 2911 1710 2950 aequalitatem,
1727 2909 1782 2939 sed
1798 2909 1975 2939 secundum
1991 2909 2243 2948 acceptationem
2266 2908 2436 2948 divinam):
2461 2910 2537 2949 quia

1471 2964 1534 2995 per
1538 2955 1641 2995 fidem
1658 2953 1849 2983 Mediatoris
1863 2953 1973 2993 gratia
1989 2952 2065 2982 data
2081 2957 2127 2982 est
2142 2952 2349 2985 credentibus.
2373 2953 2409 2983 Si
2431 2958 2535 2983 tamen

1476 2998 1542 3029 alio
1567 2998 1661 3028 modo
1677 2998 1818 3038 gratiam
1835 2996 1935 3031 daret,
1959 2996 2123 3036 sufficeret
2136 2997 2314 3037 satisfactio
2330 3006 2392 3036 per
2407 2997 2536 3027 modum

1470 3042 1683 3082 praedictum.
1708 3041 1769 3071 Ubi
1793 3046 1880 3080 patet
1895 3040 1984 3079 quod
2006 3040 2130 3070 Auctor
2151 3039 2237 3070 idem
2258 3040 2309 3070 dat
2325 3040 2480 3070 iudicium
2496 3040 2535 3071 de

1476 3085 1688 3115 satisfactione
1704 3094 1784 3119 mea,
1802 3084 1866 3113 sive
1882 3084 2016 3113 habeam
2031 3084 2162 3123 gratiam
2178 3094 2234 3123 per
2247 3083 2343 3114 fidem
2360 3084 2430 3114 Iesu
2444 3084 2535 3115 Chri-

1476 3130 1524 3164 sti,
1549 3130 1613 3158 sive
1637 3127 1763 3158 aliunde
1787 3128 1936 3158 haberem
1958 3128 2099 3167 gratiam.
2124 3128 2171 3158 Ac
2195 3137 2251 3167 per
2267 3129 2339 3163 hoc,
2363 3138 2429 3158 non
2446 3127 2480 3158 fit
2497 3138 2534 3158 ex

1476 3172 1687 3203 satisfactione
1712 3171 1828 3202 Christi
1851 3171 2042 3201 satisfaciens
2065 3172 2258 3211 simpliciter,
2283 3172 2338 3202 sed
2361 3172 2466 3202 solum
2486 3182 2534 3202 se-

1477 3216 1619 3247 cundum
1642 3216 1911 3255 acceptationem:
1943 3215 2034 3245 cuius
2057 3216 2243 3255 oppositum
2275 3217 2326 3246 hic
2350 3215 2464 3246 docere
2488 3217 2533 3246 vi-

1476 3260 1577 3290 detur.
1602 3260 1642 3289 Et
1664 3259 1808 3289 similiter
1829 3269 1896 3289 non
1919 3258 1955 3289 fit
1978 3269 2015 3289 ex
2038 3259 2250 3290 satisfactione
2267 3259 2383 3290 Christi
2406 3259 2531 3290 efficax:

1476 3304 1567 3334 cuius
1591 3304 1778 3343 oppositum
1801 3313 1945 3343 expresse
1969 3304 2020 3333 hic
2044 3303 2147 3333 docet.

1530 3347 1598 3377 V11.
1621 3346 1673 3377 Ad
1687 3348 1803 3377 horum
1816 3347 2015 3382 evidentiam,
2029 3346 2255 3377 advertendum
2269 3353 2315 3377 est
2330 3347 2419 3386 quod
2435 3357 2532 3387 quae-

1476 3391 1536 3421 stio
1561 3390 1600 3421 de
1623 3390 1835 3421 satisfactione
1859 3401 1917 3430 pro
1942 3396 2074 3430 peccato
2097 3391 2155 3421 tria
2170 3391 2264 3421 habet
2286 3391 2319 3421 in
2342 3391 2405 3421 hoc
2425 3391 2531 3431 Opere

1475 3435 1556 3465 loca.
1573 3435 1697 3465 Primus
1714 3440 1760 3465 est
1771 3435 1834 3470 hic,
1847 3435 1902 3465 ubi
1919 3434 1957 3465 de
1974 3435 2158 3465 necessitate
2174 3435 2399 3465 incarnationis
2411 3445 2470 3475 pro
2483 3445 2530 3466 re-

1476 3478 1616 3518 parando
1632 3479 1775 3509 humano
1798 3488 1913 3518 genere
1929 3483 2093 3514 tractatur;
2118 3478 2276 3508 secundus
2296 3484 2342 3508 est
2357 3478 2487 3510 inferius
2503 3480 2529 3514 *,

1476 3523 1531 3553 ubi
1547 3522 1586 3553 de
1602 3523 1786 3553 necessitate
1810 3523 1964 3563 passionis
1989 3522 2105 3552 Christi
2121 3528 2285 3558 tractatum
2310 3523 2419 3553 tertius
2436 3529 2483 3553 est
2497 3523 2530 3553 in

1474 3572 1608 3597 tractatu
1625 3566 1664 3597 de
1680 3572 1877 3597 sacramento
1897 3566 2122 3606 poenitentiae,
2141 3566 2197 3596 ubi
2209 3565 2247 3596 de
2260 3566 2349 3596 tertia
2365 3567 2448 3597 illius
2460 3577 2529 3606 par—

2569 984 2579 995 ·
2593 983 2627 1005 Cs.
2644 989 2707 1005 num.
2723 990 2764 1005 κη.

2570 1296 2578 1302 ·
2592 1294 2616 1315 Ρι
2629 1294 2684 1321 quia
2696 1293 2746 1315 Deo
2757 1296 2780 1315 et

2566 1320 2711 1347 parentibus.

2570 1349 2578 1356 ⁴
2587 1347 2619 1367 Ca
2638 1361 2643 1367 .
2652 1352 2696 1371 xiv.
2706 1352 2727 1367 n.
2736 1353 2759 1372 4.
2768 1358 2778 1362 -

2569 1373 2593 1394 S.
2608 1353 2652 1394 Tph.
2668 1373 2719 1394 lect.
2731 1379 2778 1394 xiv.

2567 2610 2576 2619 ⁸
2591 2609 2626 2631 Cf.
2647 2615 2710 2631 num.
2726 2617 2777 2633 κω.

2559 3483 2567 3492 ·
2578 3481 2623 3508 Qu.
2633 3486 2693 3507 iti-vt,
2702 3485 2741 3502 art.
2751 3487 2767 3502 ι.
