2872 3970
879 270 1142 317 QUAESTIO
1171 273 1328 319 XXXII,
1358 272 1650 310 ARTICULUS
1678 274 1723 310 III

213 351 359 398 dicatur
376 357 584 399 conceptus
602 349 651 386 de
671 348 812 398 Spiritu
829 349 979 395 Sancto,
996 349 1146 386 videtur
1165 350 1270 398 quod

213 404 308 441 faeta
335 402 380 439 sit
413 401 635 439 commixtio
664 402 857 450 quaedam
885 401 1046 450 Spiritus
1076 403 1203 439 Sancti
1236 410 1271 439 et

213 454 392 493 materiae
411 467 530 504 quam
545 453 659 502 Virgo
679 453 921 490 ministravit:
942 455 1049 503 quod
1068 462 1170 503 patet
1189 467 1270 491 esse

0 541 9 562 z
212 507 360 546 falsum.
389 507 482 544 Non
509 518 598 554 ergo
629 506 801 543 ChriStus
829 506 942 543 debet
960 507 1034 543 dici
1061 515 1270 556 conceptus

213 559 268 598 de.-
290 559 432 609 Spiritu
458 560 611 596 Sancto.

220 612 340 650 ..sim
364 623 508 649 comm.
526 623 592 648 EST
618 611 727 660 quod
754 611 890 648 dicitur
907 612 1041 648 Matth.
1063 624 1072 648 1
1091 611 1130 648 *ε
1160 617 1269 649 Ante-

119 661 157 687 Ὗ
213 665 598 715 quamconvenirent,
627 666 775 701 inventa
795 670 846 701 est
873 666 910 700 in
930 670 1032 701 utero
1060 666 1199 701 habens
1225 665 1270 702 de

13 751 19 760 ,
53 743 55 746 ⁴
211 717 347 769 Spirae
372 718 520 754 Sanan.

216 769 486 810 „Respoumto
521 780 703 807 mcENDUM
739 769 846 818 quod
874 769 1074 818 conceptio
1109 781 1188 806 non
1216 777 1269 806 at-

134 828 187 877 ’μ’
210 819 386 863 tribuitur
411 821 482 858 soli
500 821 651 870 corpori
671 821 822 868 Christi,
849 821 916 858 sed
936 821 1050 859 etiam
1069 822 1140 871 ipsi
1161 822 1269 859 Chri-

127 894 130 896 ·
146 882 158 901 2·
211 882 278 913 stoi
287 873 439 911 ratione.
451 873 571 922 ipsius
588 874 770 923 corporiS.
801 875 843 911 In
863 874 1005 923 Spiritu
1025 882 1154 911 autem
1175 875 1268 912 San-

130 917 155 979 ἶ
211 927 427 976 moduplex
444 926 630 963 habitudo
647 927 910 964 consideratur
927 935 1102 976 respectu
1117 927 1266 964 Christi.

127 979 155 1012 ss
210 980 314 1018 Nam
333 979 382 1016 ad
399 978 529 1028 ipsum
557 978 698 1016 Filium
724 979 807 1026 Dei,
828 979 895 1028 qui
914 979 1052 1016 dicitur
1076 992 1158 1016 esse
1178 992 1268 1016 con-

131 1044 154 1082 ᾖ,
210 1039 353 1082 eaptus,
372 1031 488 1068 habet
506 1031 772 1069 habitudinem
787 1032 1199 1069 consubstantialitatis:
1220 1033 1269 1069 ad

210 1096 350 1134 eorpus
368 1091 498 1121 autem
526 1084 608 1121 eius
630 1084 746 1121 habet
775 1084 1042 1121 habitudinem
1061 1097 1198 1122 causae
1218 1085 1269 1121 ef-

209 1136 380 1175 ficientis.
422 1137 529 1174 Haec
563 1145 692 1174 autem
726 1137 958 1186 praepositio
986 1138 1032 1174 de
1064 1145 1268 1186 utramque

198 1186 475 1228 ¹habitudinem
502 1189 691 1238 designat:
727 1189 824 1226 sicut
851 1201 942 1226 cum
961 1189 1125 1226 dicimus
1144 1190 1269 1226 homi-

209 1253 303 1280 nem
328 1241 496 1291 aliquem
516 1246 533 1263 α
559 1242 606 1279 de
622 1254 689 1279 suo
698 1248 819 1292 patre.
854 1243 903 1279 Et
930 1241 1017 1279 ideo
1037 1243 1268 1279 convenien-

135 1292 162 1344 J?-
180 1301 191 1317 ’Δ
209 1302 270 1333 ter
297 1294 423 1332 dicere
457 1306 666 1343 possumus
694 1294 890 1332 Christum
927 1307 1009 1331 esse
1037 1303 1268 1344 conceptum

127 1345 178 1391 ff„
208 1346 265 1386 de
282 1346 428 1396 Spiritu
461 1347 619 1394 Sancto,
649 1348 724 1384 hoc
760 1348 880 1384 modo
918 1347 1025 1396 quod
1060 1347 1228 1384 efficacia
1254 1346 1269 1378 β

127 1395 154 1419 “’
210 1399 371 1450 Spiritus
398 1399 527 1437 Sancti
553 1400 735 1437 referatur
762 1400 811 1437 ad
838 1411 979 1449 corpus
1007 1408 1266 1449 assumptum,

209 1452 575 1491 msubstantialitas
603 1453 651 1490 ad
679 1464 887 1502 personam
914 1460 1187 1490 assumentem.

138 1503 145 1514 ¹
258 1506 317 1543 An
341 1517 476 1543 rmMUM
495 1517 592 1542 ERGO
620 1517 801 1543 nicENDUM
829 1506 937 1555 quod
955 1517 1096 1554 corpus
1116 1505 1266 1554 Christi,

207 1557 299 1608 quia
325 1569 406 1595 non
427 1565 482 1595 est
500 1558 820 1595 consubstantiale
839 1557 1007 1607 Spiritui
1013 1559 1166 1605 Sancto,
1187 1570 1264 1595 non

207 1610 361 1660 proprie
387 1618 512 1670 potest
532 1611 606 1648 dici
633 1611 681 1648 de
701 1610 843 1660 Spiritu
864 1611 1003 1648 Sancto
1023 1618 1264 1660 conceptum,

145 1680 190 1705 κ
206 1663 274 1701 s‘ed
307 1663 427 1723 magis
460 1676 510 1701 ex
546 1665 681 1713 Spiritu
717 1666 872 1701 Sancto:
909 1663 1004 1700 sicut
1038 1664 1266 1701 Ambrosius

206 1715 305 1763 Μ,
327 1715 368 1753 in
387 1715 483 1753 libro
503 1717 548 1754 de
566 1718 702 1766 Spiritu
721 1718 856 1754 Sancto
874 1716 914 1753 *z
950 1714 1060 1759 Quod
1076 1729 1126 1754 ex
1143 1717 1266 1766 aliquo

137 1775 181 1825 ]Τ
206 1774 268 1815 est,
282 1774 351 1806 aut.
372 1781 422 1806 ex
446 1771 647 1806 substantia
675 1775 738 1806 aut
765 1781 815 1806 ex
831 1745 1008 1819 potestate
1026 1771 1102 1806 eius
1121 1775 1192 1806 est:
1219 1782 1268 1806 ex

257 1879 286 1916 α)
304 1881 435 1907 hominem
454 1881 577 1914 aliquem.
589 1894 608 1900 —
620 1888 676 1906 esse
688 1881 819 1906 hominem
838 1881 952 1913 aliquem
965 1881 994 1910 F.
1007 1881 1139 1906 hominem
1152 1881 1266 1913 aliquem

179 1949 180 1952 Ἴ
204 1922 262 1943 0⁸oe
278 1917 360 1942 tertia.

211 1950 285 1986 β)
302 1952 429 1986 efficacia.
445 1965 466 1971 —
482 1951 624 1986 efficientia
642 1951 662 1976 F
681 1956 707 1976 et
724 1952 797 1976 tertia
815 1957 916 1984 praeter
935 1951 953 1976 1.

2312 275 2385 312 335

1324 353 1534 396 substantia,
1563 353 1653 387 sicut
1684 352 1810 397 Filius,
1839 354 1902 400 qui
1926 365 1950 389 a
1977 354 2089 389 Patre
2115 359 2187 396 est;
2214 365 2264 390 ex
2284 359 2385 402 pote-

1323 409 1424 449 state,
1452 405 1543 440 sicut
1570 416 1620 440 ex
1646 405 1728 440 Deo
1757 407 1895 450 omnia,
1925 417 1995 453 quo
2023 406 2134 442 modo
2163 411 2195 442 et
2223 407 2259 442 in
2281 412 2385 442 utero

1324 457 1448 492 habuit
1475 458 1607 493 Maria
1634 468 1683 492 ex
1710 458 1846 505 Spiritu
1875 459 2020 493 Sancto.

1376 509 1433 544 An
1453 521 1640 545 SECUNDUM
1654 520 1834 545 DiCENDUM
1854 509 1961 557 quod
1988 521 2104 558 super
2131 510 2207 546 hoc
2234 510 2386 547 videtur

1324 573 1405 597 esse
1434 561 1626 609 quaedam
1654 561 1849 598 diversitas
1869 561 2096 611 Hieronymi
2125 562 2172 598 ad
2193 563 2383 610 quosdam

1324 613 1416 650 alios
1445 614 1649 659 Doctores,
1686 613 1752 662 qui
1773 622 1953 662 ‚asserunt
1986 614 2169 663 Spiritum
2199 616 2383 652 Sanctum

1323 665 1362 702 in
1377 665 1627 715 conceptione
1641 665 1755 702 fuisse
1769 678 1840 715 pro
1856 666 2012 703 semine.
2034 666 2132 703 Dicit
2146 667 2248 704 enim
2265 668 2383 717 Chry-

1324 725 1527 764 sostomus‚
1556 731 1667 768 super
1693 720 1826 755 Matth.
1847 719 1881 755 *τ
1914 720 2114 769 Unigenito
2142 721 2217 756 Dei
2242 722 2279 756 in
2307 722 2383 757 Vir-

1322 772 1449 820 ginem
1478 772 1692 820 ingressuro
1719 773 1914 819 praecessit
1942 774 2096 821 Spiritus
2124 773 2298 809 Sanctus.-
2324 778 2382 818 ut,

1317 823 1562 872 praecedente
1585 825 1720 873 Spiritu
1740 825 1886 870 Sancto,
1916 826 1952 860 in
1972 826 2298 872 sanctificationem
2320 837 2383 862 na

1321 882 1446 912 scatur
1476 877 1639 913 Christus
1657 881 1673 904 Υ
1699 877 1900 913 secundum
1927 889 2079 926 corpus,
2113 878 2299 914 divinitate
2331 879 2383 914 in-

1321 929 1512 977 grediente
1541 941 1616 978 pro
1642 930 1791 965 semine.
1830 930 1878 966 Et
1905 930 2168 966 Damascenus
2206 929 2314 976 dicit,
2343 930 2383 966 in

2412 732 2622 784 Molghlrgpgffiffi
2595 759 2602 780 1

2411 784 2434 805 ln
2437 788 2470 806 ter
2460 785 2535 812 ropp.
2525 765 2621 813 omit-ys.-

1322 981 1367 1017 III
1395 980 1491 1018 libro
1510 981 1548 1017 *ε
1583 981 1823 1018 obumbravit
1840 994 1951 1031 super
1969 984 2086 1031 ipsam
2105 983 2180 1019 Dei
2197 984 2383 1032 Sapientia
2410 993 2425 1040 ‘i
2454 1000 2467 1014 e
2519 1000 2532 1015 e
2566 1000 2604 1015 rt

1322 1039 1356 1069 et
1390 1035 1521 1079 Virtus,
1551 1034 1647 1070 velut
1674 1034 1838 1071 divinum
1864 1046 2001 1071 semen.

1376 1086 1452 1122 Sed
1468 1086 1543 1123 hoc
1557 1086 1605 1122 de
1620 1085 1716 1122 facili
1732 1086 1900 1123 solvitur.
1922 1087 2025 1133 Quia
2044 1088 2260 1124 secundum
2275 1087 2383 1136 quod

1323 1138 1362 1174 in
1398 1138 1545 1174 semine
1573 1138 1788 1186 intelligitur
1814 1138 1934 1175 virtus
1962 1139 2102 1186 activa,
2132 1140 2185 1176 sic
2218 1139 2382 1189 Chryso-

1322 1198 1470 1227 stomus
1499 1198 1535 1226 et
1557 1191 1822 1227 Damascenus
1848 1199 2073 1240 comparant
2101 1192 2237 1229 semini
2266 1192 2382 1241 Spiri-

1321 1251 1405 1280 tum
1425 1243 1611 1280 Sanctum
1630 1241 1654 1289 ⁶,
1675 1244 1736 1279 vel
1765 1243 1879 1280 etiam
1908 1243 2060 1290 Filium,
2085 1244 2152 1293 qui
2181 1252 2235 1281 est
2262 1246 2383 1281 Virtus

1321 1296 1499 1332 Altissimi
1514 1295 1544 1331 ³¹³.
1576 1295 1801 1332 Secundum
1820 1304 1950 1332 autem
1975 1297 2081 1344 quod
2101 1297 2139 1333 in
2159 1296 2303 1333 semine
2330 1296 2383 1333 in·
2412 1307 2420 1315 ·
2480 1313 2492 1328 a
2555 1314 2566 1329 r
2581 1314 2606 1329 ec

1320 1347 1495 1396 telligitur
1509 1348 1717 1385 substantia
1735 1349 1944 1397 corporalis
1959 1361 2058 1397 quae
2078 1349 2117 1386 in
2133 1349 2383 1398 conceptione

1321 1408 1612 1447 transmutatur,
1647 1409 1758 1448 negat
1785 1401 2048 1451 Hieronymus
2077 1402 2261 1451 Spiritum
2290 1402 2384 1439 San-

1322 1461 1428 1490 ctum
1454 1453 1569 1490 fuisse
1597 1465 1669 1502 pro
1697 1453 1855 1491 semine.

1375 1507 1432 1543 An
1466 1517 1624 1543 TERTRJM
1652 1518 1833 1543 DICENDUM
1861 1507 1979 1555 quod,
2007 1507 2103 1544 sicut
2139 1506 2228 1543 dicit
2254 1508 2384 1556 Augu-

1322 1558 1453 1605 stinus,
1483 1558 1522 1595 in
1549 1559 1739 1595 Enchirid.
1759 1558 1790 1606 ²⁸,
1820 1571 1900 1596 non
1933 1560 2073 1596 eodem
2101 1560 2221 1597 modo
2249 1559 2385 1597 dicitur
2412 1570 2422 1579 ·
2456 1575 2469 1590 a

1323 1611 1496 1648 Christus
1524 1619 1733 1660 conceptus
1761 1619 1827 1648 aut
1854 1619 1966 1649 natus
1993 1613 2041 1649 de
2067 1612 2208 1661 Spiritu
2231 1613 2383 1659 Sancto,

1322 1672 1359 1701 et
1386 1665 1434 1700 de
1463 1663 1587 1701 Maria
1604 1664 1777 1711 Virgine:
1807 1676 1899 1701 nam
1923 1665 1970 1701 de
1989 1665 2112 1702 Maria
2131 1665 2284 1713 Virgine
2303 1678 2384 1703 ma-

1321 1716 1507 1762 terialiter,
1527 1716 1576 1753 de
1596 1716 1739 1765 Spiritu
1758 1717 1898 1753 Sancto
1918 1717 2101 1754 effective.
2130 1719 2178 1754 Et
2197 1717 2284 1755 ideo
2304 1730 2384 1756 non

1322 1769 1456 1806 habuit
1484 1768 1547 1806 hic
1574 1770 1704 1805 locurn
1732 1769 1966 1806 commixtio.

1374 1879 1401 1914 γ)
1424 1880 1553 1905 Christus.
1570 1893 1589 1898 -
1606 1880 1706 1905 scilicet
1727 1880 1847 1905 Christus
1866 1880 1938 1904 tertia
1957 1886 2057 1912 praeter
2075 1881 2093 1906 1.

1374 1915 1398 1949 ὅ)
1418 1916 1514 1940 εεηιίκὶ
1532 1915 1662 1947 Spiritum
1684 1915 1821 1941 Sanctum.
1840 1929 1859 1934 —-
1877 1915 1977 1946 Tertia;
2001 1923 2086 1941 semen
2107 1916 2223 1948 Spiritui
2241 1917 2349 1942 Sancto.
2367 1931 2387 1935 —

1321 1951 1372 1975 Pro
1391 1951 1499 1979 Filium,
1519 1951 1588 1975 Filio
1607 1951 1647 1976 ed.
1667 1958 1691 1975 a.

880 2029 1214 2062 Commentaria
1237 2028 1489 2062 Cardinalis
1510 2029 1712 2061 Caietani

266 2120 373 2141 rrimus
397 2111 479 2141 circa
505 2111 731 2150 proprietatem
752 2110 925 2141 locutionis
955 2114 1111 2140 versatur:
1137 2115 1168 2139 et
1190 2119 1265 2149 pro-

151 2144 159 2160 ''
209 2121 384 2196 Tpterea,
401 2164 441 2185 an
457 2154 519 2185 dici
535 2154 656 2191 debeat,
672 2155 842 2194 quaeritur.
866 2154 908 2184 Et
928 2154 1071 2184 consistit
1085 2158 1152 2183 tota
1169 2162 1266 2193 quae-

130 2182 176 2237 ἕξιν
206 2199 268 2230 stin
289 2199 368 2230 haec
391 2199 425 2229 in
447 2198 500 2228 illa
522 2199 759 2238 praepositione
782 2198 830 2228 de.

134 2237 137 2240 ⁴
162 2250 175 2252 ’·
210 2252 222 2267 ³
260 2242 298 2274 ln
318 2251 454 2283 corpore
473 2243 596 2273 articuli
617 2252 682 2273 una
698 2247 744 2273 est
759 2242 941 2272 conclusio:
969 2241 1204 2272 conuenienter
1218 2241 1265 2271 di—

206 2291 279 2319 an
294 2295 467 2328 possumus
492 2286 654 2317 Christum
680 2291 866 2326 conceptum
888 2295 956 2316 esse
977 2285 1017 2316 de
1039 2285 1160 2325 Spiritu
1184 2285 1266 2315 San-

37 2349 63 2363 ε
149 2338 194 2368 ug
207 2334 268 2363 σω.
290 2330 445 2362 Probatur
467 2335 498 2361 et
518 2329 701 2361 declaratur.
721 2330 870 2361 Probatio
887 2335 942 2360 est.
962 2330 998 2359 In
1014 2329 1132 2370 Spiritu
1149 2329 1265 2360 Sancto

54 2370 59 2379 ⁸
127 2398 130 2399 ν
146 2370 166 2414 ἶ
174 2390 195 2412 0„
207 2368 324 2416 duplex
344 2380 391 2406 est
412 2374 567 2405 habitudo
584 2374 623 2405 ad
639 2374 803 2405 Christum
819 2379 1029 2414 conceptum:
1055 2373 1173 2404 scilicet
1189 2383 1266 2403 con-

49 2431 54 2440 ⁵
193 2419 485 2455 ‘substantialitatix
502 2424 534 2449 et
549 2419 736 2449 causalitatis
753 2417 924 2448 effectivae.
941 2418 1026 2457 Ergo
1039 2418 1266 2448 convenienter

1318 2114 1424 2149 potest
1440 2108 1502 2139 dici
1525 2115 1701 2149 conceptus
1717 2108 1756 2139 de
1773 2109 1892 2149 Spiritu
1909 2110 2035 2140 Sancto.
2052 2129 2075 2133 —
2090 2111 2292 2142 Antecedens
2309 2122 2384 2152 pro-

1318 2154 1420 2183 batur.
1436 2152 1522 2190 Quia
1533 2153 1704 2192 conceptio
1717 2153 1895 2183 attribuitur
1910 2163 1977 2184 non
1989 2155 2095 2185 solum
2111 2157 2239 2195 corpori
2256 2155 2382 2192 Christi,

1319 2196 1375 2227 sed
1406 2197 1501 2227 etiam
1527 2197 1588 2236 ipsi
1615 2196 1742 2227 Christo
1774 2198 1896 2227 ratione
1920 2199 2072 2237 corporis.
2096 2217 2119 2221 -
2143 2199 2383 2240 Consequentia

1319 2241 1480 2280 probatur.
1505 2240 1590 2278 Quia
1613 2241 1806 2280 praepositio
1831 2241 1870 2271 de
1892 2247 2060 2282 utramque
2080 2242 2211 2273 denotat
2225 2243 2383 2274 habitudi-

1319 2294 1411 2315 nem:
1439 2290 1476 2315 ut
1498 2290 1585 2324 patet
1608 2285 1827 2325 exemplariter
1850 2295 1925 2315 cum
1948 2286 2046 2316 Filius
2070 2286 2130 2317 Dei
2153 2286 2193 2317 de
2215 2287 2306 2318 Patre
2328 2298 2383 2328 ge-

1320 2329 1405 2359 nitus
1429 2329 1552 2359 dicitur.

1375 2373 1554 2403 Declaratio
1567 2378 1614 2402 est
1629 2372 1718 2412 quod
1734 2373 2040 2404 consubstantialitas
2052 2373 2092 2404 ad
2106 2383 2278 2414 personam
2290 2375 2383 2406 Chri-

1320 2417 1377 2452 sti,
1403 2416 1570 2447 efficientia
1593 2416 1632 2446 ad
1656 2425 1772 2456 corpus
1796 2416 1913 2447 Christi
1935 2417 2098 2448 referenda
2122 2423 2177 2448 est.

1006 2561 1324 2604 ARTICULUS
1353 2561 1583 2603 TERTIUS

350 2655 507 2688 UTRUM
530 2655 720 2688 SPiRITUS
743 2655 941 2687 SANCTUS
964 2655 1138 2686 DEBEAT
1162 2654 1250 2685 D1C1
1273 2654 1417 2685 PATER
1441 2653 1614 2685 cams‘m
1638 2653 1878 2686 SECUNDUM
1901 2655 2230 2686 HUMANITATEM

159 2735 160 2738 ’
213 2731 219 2749 5
236 2735 240 2738 “’
266 2733 307 2759 ’111
326 2733 409 2764 Sent„
429 2733 486 2760 dist.
504 2741 538 2765 iv,
557 2741 601 2766 qu.
619 2741 638 2764 1,
657 2738 703 2758 art.
724 2740 747 2762 2,
767 2733 816 2766 qu²
837 2739 860 2764 1,
882 2740 909 2764 2;
931 2733 1032 2765 Expos.
1052 2733 1103 2758 litt.
1110 2740 1119 2762 ,·
1137 2732 1171 2756 lV
1188 2732 1264 2757 Cont.
1287 2733 1373 2760 Gent„
1391 2739 1446 2764 cap.
1466 2738 1548 2762 vau;
1570 2732 1714 2763 Compend.
1732 2731 1829 2761 Theoi„
1850 2739 1904 2764 cap.
1924 2740 2032 2763 ccxx111;
2054 2733 2082 2757 In
2102 2732 2208 2763 Marna„
2222 2741 2276 2766 cap.
2292 2741 2308 2760 ¹.

215 2866 218 2880 ²
316 2837 389 2926 ,gii
418 2865 579 2926 Spiritus
604 2866 766 2904 Sanctus
785 2866 921 2903 debeat
939 2865 1013 2903 dici
1031 2873 1138 2914 pater
1158 2864 1266 2901 Chri-

230 2904 464 2966 .?V3r.³1(sti
490 2919 706 2959 secundum
739 2917 1028 2956 humanitatem.
1072 2917 1175 2964 Quia
1210 2929 1266 2954 se-

218 2939 383 3005 ’λθ-Αἲξ»
374 2964 593 3009 &cundum
621 2970 915 3020 Philosophum,
944 2970 984 3007 in
1007 2970 1103 3007 libro
1131 2970 1177 3007 de
1199 2970 1266 3007 Ge-

134 3020 175 3061 ’ᾗ
210 3029 324 3061 wat.
343 3024 507 3061 Animal.
522 3023 552 3070 *,
580 3029 686 3073 pater
713 3024 774 3061 dat
795 3025 1022 3073 principium
1041 3024 1199 3060 activum
1227 3024 1264 3059 in

143 3081 148 3089 '
284 3078 458 3122 eratione,
486 3082 606 3113 mater
631 3088 721 3114 vero
748 3077 930 3113 ministrat
953 3078 1158 3112 materiam.
1189 3076 1266 3112 Sed

147 3161 198 3180 se.
289 3136 327 3166 ta
343 3128 460 3178 Virgo
489 3128 625 3165 dicitur
652 3136 773 3165 mater
801 3127 940 3165 Christi
966 3135 1123 3177 propter
1148 3136 1265 3165 mate—

209 3172 309 3222 riam
332 3193 452 3231 quam
471 3180 510 3218 in
529 3180 778 3240 conceptione
798 3180 879 3217 eius
898 3179 1133 3217 ministravit.
1164 3181 1265 3228 Ergo

140 3223 173 3276 f}
210 3223 360 3277 videtur
391 3234 498 3283 quod
526 3233 640 3270 etiam
669 3233 830 3282 Spiritus
858 3233 1020 3270 Sanctus
1038 3232 1165 3292 possit
1192 3232 1266 3269 dici

55 3288 67 3301 ’
211 3292 316 3335 pater
334 3286 427 3334 eius,
446 3293 603 3335 propter
621 3286 697 3324 hoc
715 3286 822 3334 quod
841 3285 909 3322 fuit
927 3285 1159 3334 principium
1178 3285 1265 3322 acti-

129 3347 182 3389 ,ᾗ
210 3348 306 3376 vum
332 3338 372 3376 in
399 3338 649 3388 conceptione
676 3338 805 3387 ipsius.

146 3387 155 3396 ⁴
265 3401 300 3427 2.
333 3392 571 3438 PRAETEREA,
608 3391 703 3428 sicut
739 3398 886 3427 mentes
921 3390 1084 3427 aliorum
1119 3398 1265 3427 sancto-

129 3427 143 3465 's'
213 3446 302 3481 rum'
326 3443 538 3482 formantur
564 3456 634 3493 per
662 3443 845 3493 Spiritum
867 3444 1062 3488 Sanctum,
1082 3442 1132 3480 ita
1151 3443 1264 3480 etiam

138 3501 158 3525 ἰ
213 3505 351 3544 corpus
375 3496 513 3534 Christi
541 3505 595 3534 est
622 3509 691 3546 per
711 3495 894 3546 Spiritum
914 3496 1098 3533 Sanctum
1126 3497 1264 3533 forma-

212 3552 306 3584 tum.
335 3548 411 3586 Sed
439 3549 500 3586 alii
527 3549 655 3597 sancti,
684 3556 840 3598 propter
866 3548 1099 3598 praedictam
1127 3549 1264 3587 forma-

415 2826 438 2851 D
452 2826 611 2852 TERTlUM
638 2826 691 2851 Slc
719 2825 954 2851 PROCEDITUR.
978 2812 1138 2850 Videtur
1159 2812 1265 2861 quod
1319 2811 1477 2858 tionem,
1498 2811 1678 2848 dicuntur
1696 2811 1763 2848 filii
1781 2812 1895 2848 totius
1915 2812 2124 2850 Trinitatis:
2148 2821 2184 2850 et
2201 2826 2271 2863 per
2289 2816 2379 2852 'con-

1320 2876 1485 2913 sequens
1510 2863 1670 2912 Spiritus
1691 2864 1827 2901 Sancti.
1857 2864 2016 2901 Videtur
2035 2878 2124 2913 ergo
2145 2867 2251 2915 quod
2272 2867 2379 2906 Chri-

1320 2924 1399 2953 stus
1427 2916 1564 2953 debeat
1586 2916 1659 2952 dici
1678 2916 1780 2953 filius
1801 2916 1961 2966 Spiritus
1981 2918 2118 2965 Sancti,
2148 2918 2379 2968 inquantum

1320 2981 1460 3017 corpus
1489 2968 1570 3005 eius
1599 2976 1653 3005 est
1682 2968 1823 3017 Spiritu
1852 2970 1991 3007 Sancto
2019 2970 2237 3008 formatum.
2269 2989 2274 2994 ·

1375 3021 1408 3058 3.
1439 3022 1669 3066 PRAETEREA,
1692 3021 1798 3057 Deus
1817 3021 1953 3058 dicitur
1971 3030 2078 3071 pater
2096 3032 2226 3061 noster
2243 3037 2378 3062 secun-

1319 3074 1414 3110 dum
1444 3074 1520 3110 hoc
1547 3073 1654 3122 quod
1682 3085 1753 3110 nos
1780 3074 1881 3111 fecit:
1912 3076 2127 3113 secundum
2155 3076 2248 3114 illud
2268 3078 2375 3115 Deut.

1319 3137 1412 3162 xxxn
1431 3125 1469 3162 *ε
1500 3126 1640 3162 Nonne
1658 3127 1734 3175 ipse
1761 3132 1811 3163 est
1831 3132 1942 3176 pater
1968 3133 2060 3175 tuus,
2083 3131 2146 3178 qui
2157 3130 2316 3179 possedit
2344 3138 2378 3169 et
2405 3142 2416 3153 ·
2452 3148 2464 3163 e

1309 3179 1404 3226 fecit
1432 3184 1465 3214 et
1489 3179 1627 3215 creavit
1644 3178 1709 3214 te?
1737 3179 1813 3216 Sed
1833 3179 1993 3228 Spiritus
2014 3181 2174 3219 Sanctus
2192 3182 2278 3220 fecit
2295 3195 2377 3222 cor-

1319 3242 1392 3280 pus
1422 3229 1571 3277 Christi,
1601 3239 1643 3267 ut
1670 3230 1815 3268 dictum
1844 3240 1898 3269 est
1916 3232 1946 3270 ²⁸.
1977 3234 2078 3282 Ergo
2103 3235 2263 3284 Spiritus
2283 3236 2378 3273 San-

1319 3291 1400 3319 ctus
1435 3282 1548 3319 debet
1576 3283 1648 3319 dici
1680 3291 1788 3332 pater
1815 3262 1953 3322 Christi
1990 3287 2205 3325 secundum
2236 3300 2378 3338 corpus

1319 3335 1367 3371 ab
1396 3335 1479 3384 ipso
1507 3335 1726 3373 formatum

1373 3388 1446 3425 SED
1475 3400 1618 3425 CONTRA
1645 3401 1710 3425 EST
1729 3391 1836 3438 quod
1854 3391 2088 3439 Augustinus
2116 3392 2213 3440 dicit,
2243 3394 2282 3430 in
2303 3396 2376 3432 En-

1319 3441 1448 3477 chirid.
1473 3440 1510 3477 *z
1549 3442 1670 3478 Natus
1707 3449 1757 3479 est
1797 3444 1959 3480 Christus
1994 3445 2038 3481 de
2072 3447 2206 3494 Spiritu
2242 3448 2414 3484 Sancto

1320 3505 1393 3530 non
1421 3495 1512 3530 sicut
1527 3495 1652 3542 filius.-
1680 3501 1713 3531 et
1739 3496 1784 3532 de
1810 3498 1941 3533 Maria
1977 3499 2129 3547 Virgine
2155 3500 2246 3536 sicut
2256 3500 2373 3548 filius.

1371 3547 1594 3583 RESPONDEO
1622 3559 1801 3586 DICENDUM
1830 3549 1935 3598 quod
1964 3550 2122 3588 nomina
2144 3552 2375 3600 paternitatis

2405 3246 2415 3255 ⁸
2428 3246 2479 3267 Art.
2496 3253 2514 3272 ι,
2529 3251 2549 3267 2.

2428 3459 2484 3487 Cap.
2499 3465 2538 3481 xi..
