2872 3970
69 368 137 396 lus
151 371 185 398 V;
200 377 218 392 ι
226 370 271 392 τι..

91 410 99 416 κ
109 403 183 421 ,ηιμ
193 397 271 418 -.Did

71 1370 120 1407 scs·
133 1373 183 1393 not.
197 1379 222 1401 μ..

59 1985 66 2003 ν’
83 1988 149 2012 Ven.
164 1995 198 2012 21.

61 2622 119 2649 Ps‘.
129 2631 199 2652 xxxx,
211 2630 269 2646 vers.

997 291 1258 337 QUAESTIO
1289 292 1393 339 XVI,
1422 292 1713 330 ARTICULUS
1741 293 1771 329 II

299 368 388 400 Sicut
411 369 506 405 enim,
531 369 616 408 apud
638 369 852 404 Aristotelem,
877 368 1086 408 IMetaphys.
1103 369 1134 404 *ἢ
1159 369 1243 399 ratio
1268 370 1299 399 in
1323 379 1358 399 se

142 429 203 452 ,αιμ
210 429 271 450 xm,
289 412 385 454 falsa
415 413 454 443 de
477 413 567 443 nullo
595 418 642 443 est
664 422 757 447 vera,
785 413 828 442 ita
850 412 929 442 ratio
959 421 1016 451 per
1039 421 1072 442 se
1094 422 1162 442 non
1185 422 1249 443 una
1278 413 1357 443 nihil

297 465 356 496 per
378 465 412 486 se
435 465 538 486 unum
560 456 600 486 de
622 466 655 486 se
677 455 827 486 verificat.
851 455 891 485 Et
914 455 1015 486 simile
1039 462 1085 485 est
1109 455 1147 486 de
1170 456 1237 491 ista,
1265 456 1357 486 Chri-

297 504 365 530 stus
388 505 435 530 est
452 501 558 535 homo,
583 505 614 530 et
629 500 696 536 ista,
720 499 830 530 Homo
846 499 938 529 albus
953 504 1000 530 est
1014 499 1188 530 coloratus.
1212 517 1233 522 —
1257 500 1356 536 Haec,

297 543 439 583 inquam,
462 553 531 574 non
546 544 682 574 obstant.
705 543 800 581 Quia,
824 542 932 583 quoad
947 551 1025 578 rem,
1044 543 1189 574 Christus
1204 543 1358 583 significat

298 596 397 618 unam
419 596 477 627 per
498 597 532 618 se
556 593 586 617 et
608 588 642 617 in
664 596 698 618 se
720 587 934 627 hypostasim:
958 586 1053 616 homo
1077 587 1168 617 albus
1191 592 1298 617 autem
1317 588 1357 617 si-

298 630 427 670 gnificat
448 631 645 671 hypostasim
668 639 767 660 unam
789 639 847 670 per
869 630 1026 666 accidens,
1051 631 1164 661 accidit
1182 631 1268 661 enim
1284 632 1358 661 sub-

297 674 383 705 iecto
405 674 558 705 albedinis
581 683 648 704 esse
671 675 838 704 hominem
861 680 892 704 et
915 683 932 704 e
956 680 1075 705 contra.
1099 674 1218 712 Quoad
1237 684 1358 714 propo—

298 718 447 748 sitionem
463 727 606 758 quoque,
629 718 694 748 iarn
712 717 834 748 dictum
850 723 896 748 est
919 717 1008 757 quod
1027 719 1104 749 istae
1120 719 1358 758 propositiones

298 760 448 792 dicuntur
469 771 526 801 per
541 771 574 792 se
589 766 736 802 respectu
752 762 920 802 suppositi,
945 767 976 792 et
990 771 1058 792 non
1074 767 1220 802 respectu
1236 761 1358 793 formae

298 804 421 836 deitatis
443 804 646 845 significatae.
681 805 892 845 Suppositum
922 811 1029 836 autem
1058 812 1104 836 est
1126 807 1159 836 in
1183 815 1216 836 se
1245 816 1302 846 per
1324 816 1357 837 se

297 858 416 880 unum:
441 850 516 889 quia
534 858 602 879 non
618 854 665 880 est
686 850 747 880 nisi
762 850 940 890 hypostasis
957 855 1082 880 aeterna
1097 850 1169 880 Filii
1184 850 1254 885 Dei,
1275 859 1357 890 quae

298 902 336 923 ex
357 898 503 933 tempore
526 898 573 923 est
594 893 739 933 ipsamet,
763 894 929 924 immutata
945 894 1089 930 omnino,
1106 894 1283 934 hypostasis
1298 894 1358 924 hu-

296 945 401 968 mana.
425 936 466 967 Et
487 936 562 967 ideo
586 937 708 976 optime
723 946 780 977 per
795 947 829 967 se
845 937 884 967 de
899 938 955 967 illo
971 937 1170 977 praedicatur
1188 943 1253 968 tam
1268 938 1358 968 Deus

297 989 396 1020 quam
417 981 532 1011 homo:
553 981 632 1011 nihil
654 981 761 1011 minus
785 990 882 1021 quarn
905 982 931 1011 si
947 987 1028 1012 esset
1043 983 1138 1012 unius
1160 982 1286 1012 illarum
1302 991 1357 1011 na-

296 1029 439 1055 turarum
461 1030 586 1055 tantum
608 1025 796 1065 hypostasis.
820 1025 972 1056 Extensio
996 1025 1164 1065 siquidem,
1189 1035 1245 1055 seu
1269 1035 1358 1055 com-

296 1069 435 1099 munitas
457 1069 556 1108 ipsius
580 1068 619 1099 ad
643 1068 720 1099 duas
743 1074 880 1105 naturas,
904 1069 983 1099 nihil
1005 1069 1088 1100 tollit
1111 1069 1150 1100 de
1165 1070 1357 1109 proprietate

297 1111 441 1143 eiusdem
463 1118 610 1153 respectu
633 1113 852 1152 singularium.

351 1156 404 1186 IX.
428 1156 464 1186 In
486 1157 696 1196 responsione
719 1156 759 1187 ad
778 1162 936 1197 quartum,
961 1156 1096 1188 dubium
1112 1157 1259 1192 occurrit,
1277 1166 1357 1196 quo-

296 1199 383 1230 niam
411 1201 578 1240 responsio
607 1201 666 1230 ista
694 1200 819 1231 videtur
851 1201 1067 1232 contradicere
1099 1201 1262 1231 doctrinae
1293 1202 1356 1231 iam

296 1244 421 1274 habitae
448 1250 479 1275 et
506 1254 655 1275 enervare
683 1245 779 1275 illam.
814 1245 897 1275 Nam
923 1246 949 1275 si
971 1245 1066 1275 homo
1097 1245 1295 1285 praedicatur
1318 1245 1357 1275 de

296 1287 368 1318 Deo
391 1288 513 1319 ratione
535 1289 707 1324 relationis,
731 1294 767 1319 ut
789 1289 823 1319 in
845 1289 904 1319 hac
927 1290 1137 1328 responsione
1161 1289 1284 1324 dicitur,
1309 1298 1357 1319 se-

297 1332 405 1372 quitur
427 1332 517 1372 quod
538 1332 827 1373 non-praedicatur
850 1333 1055 1363 essentialiter
1077 1334 1159 1363 sicut
1181 1334 1303 1372 speeies
1319 1332 1358 1363 de

296 1385 354 1407 sua
376 1376 550 1417 hypostasi,
566 1377 649 1407 utin
665 1377 874 1416 responsione
897 1376 936 1407 ad
959 1377 1100 1417 primum
1124 1377 1245 1407 dictum
1269 1382 1315 1407 est
1330 1378 1356 1407 ὕ.

2391 305 2460 332 201

1411 370 1605 400 Praedicatio
1630 379 1770 410 namque
1794 371 1911 410 speciei
1934 371 2092 401 humanae
2116 371 2154 401 de
2174 381 2228 401 sua
2245 372 2406 412 hypostasi
2422 377 2468 402 est

1412 419 1443 444 et
1466 414 1637 444 essentialis
1661 419 1692 444 et
1715 415 1936 450 substantialis,
1960 424 2027 444 non
2050 415 2186 451 relativa,
2210 421 2245 445 ut
2268 422 2363 455 patet.

1466 457 1516 487 Ad
1532 458 1595 488 hoc
1618 458 1732 488 dicitur
1756 458 1844 498 quod
1867 459 1990 488 Auctor
2013 468 2079 488 non
2096 458 2172 488 dixit
2197 459 2284 498 quod
2307 461 2396 495 unio,
2420 469 2467 489 ra-

1411 501 1499 531 tione
1523 502 1613 531 cuius
1641 507 1687 531 est
1710 502 1768 531 ista
1790 502 1999 541 praedicatio,
2030 508 2076 532 est
2099 503 2208 532 relatio
2239 509 2292 533 aut
2323 503 2466 534 relativa:

1412 544 1467 575 sed
1490 545 1567 575 dixit
1597 544 1686 585 quod
1713 546 1900 575 relationem
1925 546 2091 586 importat,
2123 547 2186 576 hoc
2209 552 2271 582 est,
2296 551 2449 577 connotat
2456 554 2469 584 ,·

1411 589 1600 628 importatur
1623 589 1709 619 enim
1732 598 1799 619 non
1815 590 1921 619 solum
1937 599 1985 619 res
2001 589 2183 629 significata,
2207 590 2263 620 sed
2286 597 2466 621 connotata.

1411 632 1452 662 Et
1475 638 1659 672 propterea,
1690 633 1765 663 licet
1786 633 1865 663 unio
1889 638 2019 663 naturae
2043 634 2201 664 humanae
2232 634 2270 664 ad
2294 634 2399 664 Deum
2430 636 2468 664 sit

1411 677 1631 712 substantialis,
1657 677 1731 716 quia
1747 682 1853 707 tamen
1871 683 2024 707 connotat
2039 678 2235 713 relationem,
2259 677 2332 708 ideo
2348 687 2468 708 nomen

1411 719 1628 760 praedicatum
1651 720 1829 750 secundum
1852 721 1938 751 illam
1962 731 2028 751 non
2047 722 2189 761 sequitur
2212 722 2353 761 regulam
2377 722 2468 752 abso-

1411 764 1554 794 lutorum
1578 765 1616 794 ab
1640 770 1779 794 aeterno.

1465 808 1568 838 Altius
1584 814 1691 848 posset
1707 809 1825 848 exponi
1841 809 1918 839 haec
1935 810 2100 848 responsio
2116 809 2252 839 dicendo
2270 809 2358 849 quod
2373 810 2467 840 homo

1411 851 1608 890 praedicatur
1638 851 1677 882 de
1708 852 1778 882 Deo
1810 854 1932 883 ratione
1962 853 2091 883 unionis
2120 854 2153 883 in
2181 862 2335 892 persona,
2371 863 2468 894 quam

1411 896 1566 926 unionem
1596 901 1719 926 constat
1749 906 1787 926 ex
1816 906 1911 936 supra
1930 898 1946 913 ⁴*
1974 896 2064 927 dictis
2094 896 2383 938 fundamentaliter*
2401 907 2468 928 esse

1411 939 1647 969 substantialem
1660 963 1667 975 ,
1702 939 1874 970 formaliter
1901 941 2071 970 relativam.
2105 940 2167 971 Sed
2199 941 2390 980 praedicatio
2423 947 2469 972 est

1410 983 1532 1013 ratione
1555 984 1683 1013 unionis
1708 983 1962 1020 fundamentalis,
1987 994 2069 1024 quae
2087 983 2280 1024 significatur
2303 994 2359 1024 per
2374 986 2469 1015 unio-

1411 1036 1485 1056 nem
1509 1026 1695 1062 formaliter,
1720 1033 1755 1057 ut
1778 1027 1952 1058 differentia
1974 1038 2032 1068 per
2054 1029 2280 1068 proprietatem
2303 1031 2469 1060 consuevit

1410 1070 1588 1110 significari.
1622 1071 1662 1100 Et
1685 1072 1760 1111 quia
1783 1071 1835 1101 illa
1859 1071 2102 1102 fundamentalis
2125 1073 2221 1108 unio,
2253 1082 2334 1112 quae
2358 1073 2469 1104 fundat

1410 1114 1679 1154 praedicationem
1701 1116 1804 1150 istam,
1828 1115 1922 1145 habet
1938 1116 2072 1146 modum
2088 1117 2252 1146 relativum
2272 1116 2380 1156 quoad
2395 1117 2467 1153 hoc,

1411 1157 1517 1198 quod,
1542 1158 1581 1188 de
1604 1167 1691 1188 novo
1714 1159 1818 1198 posita
1847 1160 1880 1189 in
1904 1169 2040 1199 persona
2063 1159 2184 1195 divina,
2214 1160 2334 1190 nullam
2357 1161 2391 1190 in
2415 1161 2468 1191 illa

1410 1203 1622 1232 mutationem
1645 1203 1737 1241 ponit
1767 1203 1828 1232 nisi
1850 1203 2011 1233 relativam
2042 1203 2194 1234 relatione
2220 1213 2286 1233 non
2309 1204 2383 1234 reali
2414 1205 2469 1235 sed

1411 1246 1559 1281 rationis,
1591 1246 1663 1276 ideo
1687 1246 1807 1276 dictum
1831 1252 1877 1276 est
1908 1246 1996 1286 quod
2021 1247 2207 1277 relationem
2232 1248 2391 1287 importat.
2426 1249 2467 1278 Et

1410 1289 1484 1319 ideo
1507 1299 1574 1319 non
1598 1290 1740 1329 sequitur
1759 1290 1901 1329 regulam
1917 1291 2137 1320 absolutorum
2153 1292 2190 1320 ab
2207 1297 2350 1321 aeterno:
2376 1301 2467 1331 quae,

1411 1334 1437 1363 si
1461 1333 1500 1363 de
1523 1343 1609 1363 novo
1634 1340 1872 1374 apponerentur
1895 1340 1949 1364 aut
1970 1335 2157 1365 tollerentur
2179 1345 2196 1365 a
2215 1335 2296 1371 Deo,
2320 1337 2468 1366 mutatio-

1411 1386 1487 1407 nem
1509 1378 1542 1407 in
1566 1378 1636 1417 ipso
1660 1383 1825 1418 ponerent.

1058 1549 1375 1609 ARTICULUS
1406 1549 1704 1591 SECUNDUS

909 1651 1065 1682 UTRUM
1089 1651 1208 1682 HAEC
1233 1651 1299 1682 SIT
1323 1651 1455 1681 VERA:
1479 1650 1619 1681 HOMO
1641 1651 1729 1680 EST
1747 1651 1868 1680 DEUS

1141 1738 1171 1762 111
1192 1738 1274 1766 Sent„
1295 1737 1352 1761 dist.
1371 1745 1414 1767 vn,
1434 1745 1478 1769 qu.
1498 1745 1515 1768 1,
1535 1742 1581 1762 art.
1604 1744 1626 1762 i.

414 1863 445 1882 ,s
505 1845 527 1869 D
542 1844 730 1869 SECUNDUM
750 1845 802 1869 εις
822 1845 1055 1870 paoeemrun.
1071 1832 1232 1869 Videtur
1250 1833 1356 1881 quod

422 1880 424 1893 *
440 1857 486 1935 {J
451 1885 601 1929 dhaec
636 1884 681 1921 sit
714 1885 824 1922 falsa:
861 1886 991 1922 Homo
1026 1891 1076 1922 est
1111 1886 1221 1922 Deus.
1255 1887 1357 1921 Deus

316 1943 356 1990 (γ
455 1944 477 1987 (2
491 1937 609 1974 enim
629 1945 684 1974 est
707 1949 852 1974 nomen
876 1937 1249 1975 incommunicabile.
1280 1938 1356 1975 Sed

332 1984 591 2040 '›'1'1‘'J‘N.Sap
626 2003 685 2028 xw
711 1990 732 2012 '³‘
766 1990 1100 2040 reprehenduntur
1133 1990 1355 2028 idololatrae

296 2043 344 2080 de
363 2043 439 2080 hoc
464 2042 572 2092 quod
598 2043 692 2080 istud
718 2056 853 2081 nomen
881 2045 994 2090 Deus,
1015 2043 1114 2093 quod
1139 2050 1189 2081 est
1217 2046 1356 2080 incom-

295 2095 528 2142 municabile,
548 2096 660 2146 lignis
687 2102 720 2133 et
746 2097 928 2146 lapidibus
951 2098 1212 2146 imposuerunt.
1242 2097 1355 2144 Ergo,

295 2147 379 2198 pari
405 2148 563 2195 ratione,
583 2148 735 2186 videtur
762 2161 844 2186 esse
863 2148 1136 2186 inconveniens
1155 2150 1262 2199 quod
1281 2150 1357 2186 hoc

296 2212 441 2237 nomen
468 2202 570 2238 Deus
596 2201 837 2250 praedicetur
864 2202 911 2238 de
939 2201 1110 2238 homine.

351 2264 386 2290 2.
415 2254 652 2300 PRAETEREA,
682 2253 872 2304 quidquid
899 2254 1140 2304 praedicatur
1167 2254 1214 2290 de
1249 2266 1356 2303 prae-

297 2305 440 2353 dicato,
469 2305 710 2355 praedicatur
737 2307 784 2343 de
813 2307 983 2344 subiecto
1003 2307 1034 2344 ³¹².
1075 2307 1152 2345 Sed
1180 2308 1275 2344 haec
1303 2315 1358 2344 est

296 2371 405 2396 vera:
433 2359 535 2396 Deus
563 2365 613 2396 est
638 2361 768 2406 Pater,
797 2361 870 2404 vel,
899 2361 1001 2397 Deus
1028 2366 1078 2397 est
1109 2361 1279 2397 Trinitas.
1317 2360 1358 2398 Si

297 2423 387 2460 ergo
406 2412 503 2448 haec
525 2411 571 2448 sit
589 2424 692 2458 vera,
707 2414 837 2450 Homo
864 2419 914 2450 est
933 2414 1048 2456 Deus;
1066 2412 1218 2449 videtur
1243 2413 1357 2450 etiam

297 2464 404 2514 quod
430 2465 527 2502 haec
554 2464 599 2501 sit
626 2477 729 2512 vera,
749 2467 879 2502 Homo
907 2472 958 2502 est
983 2467 1105 2512 Pater,
1134 2467 1207 2512 vel,
1227 2467 1357 2503 Homo

297 2523 348 2554 est
370 2517 541 2554 Trinitas.
554 2557 556 2559 ,
571 2517 679 2564 Quas
699 2517 857 2567 quidem
876 2526 978 2567 patet
1005 2530 1086 2555 esse
1105 2518 1225 2556 falsas.
1256 2519 1356 2567 Ergo

297 2577 334 2606 et
359 2569 538 2619 primam.

353 2622 386 2659 3.
416 2622 651 2670 PRAETEREA,
681 2622 720 2660 in
753 2624 906 2661 Psalmo
926 2624 946 2646 ³¹⁶
974 2624 1127 2661 dicitur:
1164 2625 1254 2662 Non
1290 2626 1358 2661 erit

297 2676 335 2712 in
354 2680 388 2711 te
406 2675 494 2711 deus
519 2687 656 2712 recens.
689 2676 766 2713 Sed
784 2677 905 2714 homo
926 2685 981 2714 est
999 2677 1186 2726 quiddam
1205 2689 1354 2714 recens:

297 2739 378 2764 non
396 2726 500 2765 enim
521 2727 693 2765 Christus
721 2740 873 2778 semper
891 2730 959 2767 fuit
978 2731 1110 2767 homo.
1140 2731 1242 2778 Ergo
1262 2730 1357 2766 haec

297 2788 352 2817 est
379 2780 489 2817 falsa:
519 2781 649 2817 Homo
677 2787 728 2818 est
754 2782 866 2820 Deus.

351 2833 425 2870 SED
454 2844 598 2870 CONTRA
629 2845 695 2870 Esr
729 2835 836 2883 quod
870 2834 1007 2872 dicitur
1033 2837 1143 2872 Rom.
1174 2848 1208 2872 1x
1226 2835 1264 2871 *ε
1294 2837 1358 2873 Ex

297 2887 425 2936 quihus
444 2891 494 2922 est
515 2886 679 2922 Christus
696 2887 896 2924 secundum
914 2900 1078 2934 carnem,
1099 2890 1162 2937 qui
1179 2894 1229 2925 est
1246 2900 1357 2937 super

297 2939 423 2976 omnia
450 2939 552 2975 Deus
583 2939 789 2976 benedictus
817 2942 853 2976 in
881 2942 1039 2978 saecula.
1077 2941 1154 2978 Sed
1183 2940 1356 2978 Christus

297 2991 512 3029 secundum
532 3003 688 3028 carnem
707 2999 762 3028 est
781 2992 913 3029 homo.
934 2994 1036 3042 Ergo
1055 2994 1150 3030 haec
1170 3001 1224 3030 est
1243 3005 1353 3030 vera:

295 3045 426 3083 Homo
454 3050 505 3081 est
531 3045 643 3081 Deus.

336 3089 573 3135 'RESPONDEO
608 3109 789 3135 DICENDUM
821 3097 947 3146 quod,
977 3098 1173 3147 supposita
1199 3098 1354 3135 veritate

296 3149 495 3199 utriusque
523 3157 699 3196 naturae,
729 3149 880 3187 divinae
911 3149 1050 3187 scilicet
1077 3158 1113 3187 et
1140 3151 1352 3197 humanae,

297 3210 333 3240 et
359 3202 504 3240 unione
532 3201 571 3239 in
599 3214 764 3252 persona
787 3210 823 3239 et
841 3202 1047 3252 hypostasi,
1068 3204 1164 3240 haec
1191 3211 1246 3240 est
1264 3215 1355 3240 vera

297 3263 333 3293 et
358 3255 535 3305 propria,
562 3257 693 3293 Homo
725 3261 776 3292 est
802 3256 924 3301 Deus,
953 3254 1048 3292 sicut
1075 3262 1111 3292 et
1138 3255 1225 3302 ista,
1254 3256 1355 3292 Deus

297 3314 347 3346 est
365 3309 487 3347 homo.
517 3306 603 3345 Hoc
622 3307 726 3345 enim
753 3320 897 3344 nomen
925 3309 1036 3344 homo
1063 3315 1187 3357 potest
1211 3319 1352 3356 suppo-

297 3372 387 3399 nere
418 3372 490 3410 pro
518 3361 686 3410 qualibet
720 3360 914 3410 hypostasi
950 3361 1142 3397 humanae
1177 3367 1351 3396 naturae:

297 3421 333 3450 et
360 3413 410 3450 ita
436 3421 560 3463 potest
588 3426 805 3463 supponere
833 3426 903 3463 pro
931 3425 1095 3462 persona
1121 3411 1214 3458 Filii,
1235 3424 1353 3461 quam

297 3465 460 3504 dicimus
485 3478 567 3504 esse
586 3466 824 3516 hypostasim
852 3467 1045 3503 humanae
1073 3473 1241 3502 naturae.
1271 3465 1352 3502 Ma-

351 3585 378 3621 α)
397 3588 505 3614 scilicet.
523 3602 542 3607 —-
560 3589 590 3622 ζγ·
608 3589 690 3614 tertia.

437 3641 547 3665 Summi
565 3640 667 3666 Tuon.
687 3641 718 3666 D.
733 3641 847 3666 Tnomuz
866 3641 897 3666 T.
910 3641 974 3665 VIII.

1412 1832 1590 1869 nifestum
1623 1840 1678 1868 est
1710 1840 1839 1869 autem
1875 1834 1980 1881 quod
2015 1833 2061 1869 de
2090 1845 2253 1882 persona
2288 1834 2370 1870 Filii
2399 1835 2469 1872 Dei

1411 1897 1501 1921 vere
1522 1893 1558 1921 et
1575 1885 1728 1934 proprie
1757 1885 1998 1934 praedicatur
2025 1886 2099 1922 hoc
2118 1898 2262 1922 nomen
2280 1887 2402 1923 Deus:
2429 1896 2470 1924 ut

1412 1937 1451 1973 in
1479 1937 1608 1974 Prima
1636 1939 1745 1974 Parte
1765 1938 1784 1959 '¹‘
1811 1938 1987 1975 habitum
2015 1946 2080 1974 est.
2109 1939 2220 1976 Unde
2249 1938 2471 1988 relinquitur

1412 1990 1519 2039 quod
1547 1991 1643 2028 haec
1671 1990 1716 2027 sit
1744 2003 1834 2027 vera
1862 1999 1898 2027 et
1925 1991 2100 2040 propria:
2130 1993 2259 2028 Homo
2288 1998 2338 2028 est
2357 1994 2468 2030 Deus.

1465 2044 1522 2079 An
1538 2055 1671 2081 PRtMUM
1692 2056 1789 2080 ERGO
1808 2054 1989 2081 D1CENDUM
2008 2044 2115 2092 quod
2134 2044 2353 2081 idololatrae
2373 2045 2470 2082 attri-

1412 2096 1581 2133 buebant
1608 2108 1752 2133 nomen
1782 2096 1926 2133 deitatis
1948 2096 2137 2145 lapidibus
2156 2105 2192 2133 et
2210 2096 2317 2145 lignis
2337 2109 2470 2134 secun-

1413 2149 1508 2186 dum
1545 2150 1651 2197 quod
1687 2149 1725 2185 in
1761 2161 1830 2185 sua
1866 2157 2001 2186 natura
2038 2149 2347 2186 considerantur:
2380 2151 2470 2199 quia

1411 2202 1596 2250 putabant
1615 2201 1653 2238 in
1673 2201 1742 2238 illis
1761 2201 1904 2250 aliquid
1932 2201 2100 2238 numinis
2120 2214 2212 2238 esse.
2238 2203 2322 2239 Nos
2341 2211 2469 2240 autem

1412 2266 1492 2291 non
1525 2254 1765 2291 attribuimus
1802 2266 1947 2291 nomen
1979 2253 2124 2291 deitatis
2156 2254 2304 2291 homini
2336 2268 2469 2293 secun-

1412 2307 1508 2344 dum
1536 2308 1749 2344 humanam
1778 2315 1972 2344 naturam:
2003 2307 2068 2343 sed
2093 2308 2307 2344 secundum
2327 2320 2468 2357 suppo-

1412 2360 1527 2397 situm
1563 2368 1778 2406 aeternum,
1808 2360 1915 2408 quod
1947 2367 2001 2396 est
2033 2359 2147 2396 etiam
2180 2372 2250 2408 per
2283 2360 2468 2398 unionem

1412 2413 1656 2462 suppositum
1691 2414 1885 2450 humanae
1919 2420 2091 2457 naturae,
2122 2420 2163 2448 ut
2191 2412 2336 2449 dictum
2364 2420 2418 2449 est
2436 2413 2466 2450 ²¹⁸.

1465 2467 1522 2503 AD
1550 2477 1738 2503 SECUNDUM
1766 2477 1945 2502 DICENDUM
1973 2465 2079 2514 quod
2101 2466 2176 2501 hoc
2194 2477 2339 2501 nomen
2356 2467 2468 2503 Pater

1411 2518 1652 2568 praedicatur
1670 2519 1718 2555 de
1733 2519 1808 2555 hoc
1827 2517 1984 2554 nornine
2003 2519 2103 2554 Deus
2123 2517 2336 2554 secundum
2360 2518 2467 2566 quod

1412 2572 1488 2608 hoc
1522 2583 1666 2608 nomen
1693 2573 1795 2608 Deus
1829 2570 2010 2619 supponit
2041 2582 2111 2619 pro
2143 2582 2307 2618 persona
2334 2570 2464 2607 Patris.

1413 2623 1475 2662 Sic
1494 2632 1624 2661 autem
1643 2636 1723 2661 non
1741 2623 1980 2673 praedicatur
1999 2623 2046 2659 de
2065 2635 2228 2672 persona
2247 2621 2346 2659 Filii:
2377 2622 2467 2671 quia

1410 2689 1575 2726 persona
1613 2677 1695 2713 Filii
1733 2689 1811 2713 non
1849 2684 1904 2712 est
1939 2687 2103 2724 persona
2143 2674 2272 2712 Patris.
2315 2676 2362 2711 Et
2398 2687 2467 2723 per

1411 2741 1652 2778 consequens
1680 2741 1759 2766 non
1788 2736 1936 2778 oportet
1963 2728 2069 2777 quod
2097 2729 2172 2764 hoc
2195 2739 2337 2764 nomen
2355 2729 2467 2764 Pater

1410 2782 1649 2832 praedicetur
1667 2782 1714 2819 de
1733 2783 1809 2818 hoc
1831 2780 1988 2818 nomine
2008 2782 2129 2826 homo,
2150 2780 2196 2816 de
2220 2791 2299 2828 quo
2317 2779 2464 2828 praedi-

1411 2843 1517 2872 catur
1536 2836 1611 2871 hoc
1629 2846 1774 2871 nomen
1791 2835 1903 2879 Deus,
1923 2833 2151 2881 inquantum
2172 2832 2308 2868 scilicet
2324 2837 2340 2852 ‘²
2354 2833 2464 2870 homo

1411 2887 1592 2937 supponit
1619 2899 1690 2936 pro
1717 2898 1880 2936 persona
1909 2885 2002 2922 Filii.

1463 2941 1520 2976 AD
1534 2951 1691 2976 TERTIUM
1710 2950 1890 2975 DICENDUM
1906 2937 2023 2986 quod,
2040 2937 2122 2973 licet
2140 2938 2311 2974 humana
2330 2945 2465 2975 natura

1410 2993 1448 3029 in
1470 2992 1620 3029 Christo
1640 2991 1685 3028 sit
1703 2991 1888 3040 quiddam
1908 3001 2050 3035 recens,
2070 2997 2198 3026 tamen
2222 2989 2463 3038 suppositum

1410 3046 1603 3082 humanae
1631 3051 1788 3080 naturae
1817 3055 1895 3079 non
1923 3050 1978 3078 est
1996 3053 2137 3089 recens,
2159 3042 2224 3078 sed
2253 3050 2462 3079 aeternum.

1410 3098 1457 3134 Et
1490 3096 1580 3145 quia
1615 3097 1690 3132 hoc
1724 3107 1867 3132 nomen
1899 3096 1999 3131 Deus
2032 3106 2111 3131 non
2146 3094 2384 3143 praedicatur
2415 3095 2463 3132 de

1410 3149 1567 3186 homine
1603 3148 1746 3185 ratione
1782 3148 1974 3184 humanae
2008 3155 2183 3193 naturae,
2218 3147 2283 3184 sed
2318 3146 2462 3184 ratione

1409 3200 1612 3250 suppositi,
1649 3213 1728 3237 non
1764 3199 1934 3249 sequitur
1968 3200 2075 3249 quod
2107 3211 2300 3248 ponamus
2334 3200 2463 3236 Deum

1409 3262 1610 3291 recentem.
1626 3276 1651 3280 —
1667 3254 1898 3302 Sequeretur
1916 3260 2045 3290 autem
2060 3252 2090 3289 si
2103 3264 2337 3301 poneremus
2356 3252 2463 3300 quod

1408 3308 1518 3343 homo
1546 3306 1728 3355 supponit
1755 3305 1997 3355 suppositum
2029 3313 2218 3342 creatum:
2248 3304 2462 3341 secundum

1408 3359 1514 3408 quod
1543 3366 1691 3408 oportet
1722 3358 1847 3396 dicere
1876 3370 1941 3395 eos
1969 3358 2035 3408 qui
2063 3357 2101 3394 in
2131 3357 2280 3394 Christo
2312 3364 2462 3406 ponunt

1408 3412 1487 3448 duo
1516 3411 1712 3460 supposita
1729 3411 1759 3448 ²⁸.

2283 3636 2315 3661 26

2497 906 2560 932 ’Qu
2584 911 2608 930 ιι,
2629 909 2670 927 art
2685 912 2707 933 7,

2497 922 2626 953 Commeiit.
2642 938 2706 954 nuru.

2496 964 2529 979 ΙΙΙ.

2497 1947 2564 1999 LQu.
2575 1953 2653 1974 xxxix,
2664 1951 2706 1969 art.

2496 2417 2505 2426 ⁸
2519 2416 2544 2438 In
2560 2422 2665 2444 corpore.

2490 3407 2498 3415 ⁸
2513 3406 2548 3427 Cf.
2565 3412 2602 3433 qu.
2619 3412 2642 3430 ιι,
2656 3409 2697 3427 art.

2488 3438 2508 3460 3,
2524 3433 2544 3454 6.
