2872 3970
218 1784 227 1793 ⁸
233 1783 295 1804 Mor.
302 1780 427 1806 liinxvm,

233 1826 237 1830 .
246 1814 312 1830 vant
330 1808 427 1828 ahxxvn·

297 1851 301 1855 .
316 1824 387 1855 ιιιιιι

317 1861 330 1869 κ

441 284 511 309 120

1185 416 1500 459 ARTICULUS

1140 274 1402 322 QUAESTIO
1431 275 1515 320 vn,

1544 273 1836 311 ARTICULUS
1864 274 1915 310 XI

1535 416 1870 459 UNDECIMUS

1107 517 1262 548 UTRUM
1287 517 1451 548 GRATlA
1473 515 1645 548 CHRISTI
1668 516 1734 547 SIT
1758 516 1948 547 INFINITA

566 606 575 631 1
595 606 678 635 sent..
699 605 756 631 dist.
775 613 835 637 xvn,
855 613 900 638 qu.
920 612 947 636 ιι,
967 609 1013 630 ast.

1032 612 1057 636 4,
1076 604 1107 628 ad
1128 603 1155 634 3;
1176 604 1234 628 dist.
1252 611 1319 632 xmv.
1338 607 1384 629 art.
1405 602 1429 633 3,
1447 603 1479 628 ad
1501 610 1528 634 25
1548 603 1588 634 111,
1607 603 1666 629 dist.
1683 610 1738 634 xm,
1756 611 1799 636 qu.
1818 610 1836 634 1,
1855 608 1901 628 art.
1921 610 1945 634 2,
1965 603 2014 636 qu*
2034 610 2062 635 23
2083 603 2123 628 De
2148 603 2234 633 Ver-it„
2254 611 2298 636 qu.
2316 611 2382 635 xxix,
2400 609 2447 630 m.
2467 603 2481 628 3
2488 611 2498 635 ;

1104 638 1247 670 compend.
1270 638 1366 668 Theol„
1385 646 1440 670 cap.
1460 645 1525 663 ccxv
1532 645 1539 668 ;
1561 638 1590 662 In
1611 638 1693 667 Ioan.‚
1714 645 1768 670 cap.
1787 644 1824 670 111,
1843 639 1901 664 lect.
1919 646 1953 664 vi.

529 746 542 771 ν(
562 751 628 786 3(
654 742 676 766 o
690 740 899 766 unoacmum
913 739 965 764 s1c
976 738 1209 764 moenum-un.
1221 727 1382 764 Videtur
1395 726 1501 775 quod

476 772 631 840 (2323'3‘)
654 781 770 829 gratia
798 780 938 818 Christi
969 779 1015 816 sit
1046 779 1203 816 infinita.
1241 780 1371 817 Omne
1398 778 1502 815 enim

491 830 497 837 ⁴
526 830 538 834 “
599 823 890 870 immensum
927 840 982 869 est
1021 832 1227 869 infinitum.
1271 832 1347 869 Sed
1387 831 1503 879 gratia

501 900 512 911 ⁸
534 878 590 918 53.
613 877 645 921 X<
656 885 795 922 Christi
815 893 870 922 est
889 885 1094 921 immensa:
1120 884 1257 921 dicitur
1275 883 1379 920 enim
1399 885 1501 920 Ioan.

445 949 478 974 m
496 938 533 974 *z
563 938 653 974 Non
674 940 772 974 enim
792 938 842 974 ad
858 949 1071 974 mensuram
1100 937 1161 974 dat
1188 938 1288 973 Deus
1316 937 1502 986 Spiritum,

446 989 585 1026 scilicet
604 994 622 1011 ²
651 989 814 1027 Christo.
843 990 945 1037 Ergo
972 989 1089 1037 gratia
1109 988 1248 1026 Christi
1267 996 1322 1025 est
1345 988 1502 1025 infinita.

501 1053 535 1078 2.
566 1043 796 1089 PRAETEREA,
817 1042 974 1079 effectus
990 1041 1160 1078 infinitus
1178 1041 1414 1078 demonstrat
1431 1041 1505 1078 vir-

446 1102 568 1131 tutem
596 1094 796 1142 infinitam,
826 1106 926 1143 quae
947 1106 1026 1131 non
1048 1101 1171 1143 potest
1189 1093 1340 1131 fundari
1367 1093 1439 1130 nisi
1466 1093 1505 1130 in

448 1146 609 1183 essentia
637 1147 794 1184 infinita.
830 1147 905 1184 Sed
934 1147 1091 1184 effectus
1118 1146 1256 1194 gratiae
1286 1146 1424 1183 Christi
1452 1153 1507 1183 est

449 1198 637 1236 infinitus:
668 1199 834 1236 extendit
853 1199 957 1236 enim
976 1211 1016 1236 se
1044 1199 1092 1236 ad
1114 1200 1275 1236 salutem
1302 1198 1417 1236 totius
1435 1199 1506 1235 hu-

448 1251 554 1289 mani
581 1251 746 1300 generis3
785 1253 860 1302 ipse
887 1252 992 1289 enim
1019 1258 1069 1288 est
1091 1253 1304 1301 propitiatio
1326 1264 1400 1301 pro
1423 1263 1507 1300 pec-

448 1306 537 1341 catis
571 1303 710 1342 totiusss
738 1305 883 1350 mundi,
912 1312 954 1341 ut
981 1304 1118 1341 dicitur
1145 1304 1280 1341 lloan.
1298 1316 1318 1340 11
1336 1303 1367 1340 ²⁸.
1406 1304 1508 1351 Ergo

449 1357 566 1404 gratia
595 1357 734 1394 Christi
763 1364 818 1393 est
845 1357 1002 1394 infinita.

519 1409 552 1446 3.
582 1410 811 1455 PRAETEREA‚
833 1421 950 1446 omne
977 1409 1128 1446 finitum
1153 1421 1223 1458 per
1243 1408 1478 1445 additionem
1494 1413 1509 1436 Ὺ

450 1469 575 1510 potest
602 1461 802 1510 pervenire
822 1462 870 1498 ad
890 1461 1138 1510 quantitatem
1158 1461 1437 1510 cuiuscumque
1456 1460 1510 1497 rei

450 1513 590 1550 finitae.
629 1513 669 1551 Si
697 1525 786 1561 ergo
818 1513 934 1561 gratia
963 1513 1101 1550 Christi
1137 1521 1191 1550 est
1223 1513 1346 1560 finita,
1383 1520 1511 1561 posset

452 1566 603 1603 alterius
623 1565 790 1603 hominis
810 1566 926 1613 gratia
944 1574 1093 1602 tantum
1113 1577 1279 1602 crescere
1302 1566 1407 1614 quod
1427 1577 1511 1614 per-

451 1618 598 1655 veniret
632 1619 680 1655 ad
715 1618 980 1667 aequalitatem
1008 1618 1146 1665 gratiae
1176 1617 1325 1654 Christi.
1370 1618 1512 1654 Contra

590 790 612 799 ,>

453 1671 560 1720 quod
595 1670 731 1707 dicitur
766 1673 835 1708 Iob
861 1683 964 1707 xxvm
983 1670 1019 1707 *ε
1056 1672 1146 1708 Νοη
1182 1671 1447 1719 adaequabitur
1480 1671 1515 1706 ei

453 1736 588 1760 aurum
616 1724 674 1761 uel
700 1725 845 1769 vitrum,
866 1723 1080 1760 secundum
1111 1723 1217 1772 quod
1237 1722 1442 1770 Gregorius
1462 1722 1512 1758 ibi

455 1775 610 1824 exponit
628 1775 658 1812 ²¹⁸.
689 1776 789 1823 Ergo
818 1775 934 1823 gratia
963 1775 1101 1812 Christi
1129 1783 1183 1811 est
1212 1774 1369 1811 infinita.

422 1823 428 1833 '
510 1828 583 1864 SED
605 1840 749 1865 CONTRA
768 1840 832 1864 EST
860 1828 966 1876 quod
985 1827 1101 1874 gratia
1121 1826 1260 1864 Christi
1279 1825 1292 1848 δ
1320 1835 1375 1863 est
1403 1826 1512 1876 quid-

457 1880 547 1917 dam
575 1888 742 1917 creatum
773 1879 811 1916 in
840 1879 979 1916 anima.
1010 1880 1086 1916 Sed
1115 1891 1231 1916 omne
1260 1887 1430 1915 creatum
1458 1886 1513 1915 est

456 1932 627 1969 finitum:
664 1933 876 1969 secundum
898 1932 989 1969 illud
1009 1934 1093 1981 Sap.
1114 1944 1148 1968 xl
1166 1931 1204 1968 *ε
1238 1932 1373 1968 Omnia
1392 1933 1428 1967 in
1449 1944 1513 1968 nu-

456 1997 572 2030 mero,
588 1985 756 2034 pondere
773 1991 807 2021 et
834 1997 1007 2021 mensura
1031 1985 1244 2034 disposuisti.
1275 1985 1377 2031 Ergo
1397 1983 1514 2031 gratia

459 2037 598 2074 Christi
626 2049 705 2074 non
734 2045 788 2074 est
816 2037 973 2073 infinita.

511 2091 734 2126 Respouosso
758 2101 937 2126 mcENDUM
966 2089 1083 2138 quod,
1113 2089 1208 2125 sicut
1227 2101 1273 2125 ex
1293 2100 1408 2137 supra
1422 2088 1442 2110 '¹‘
1461 2088 1514 2125 di-

459 2142 525 2179 ctis
553 2150 666 2191 patet,
696 2142 734 2179 in
759 2142 909 2179 Christo
938 2149 1061 2191 potest
1089 2142 1230 2190 duplex
1248 2140 1365 2188 gratia
1392 2140 1515 2177 consi-

460 2194 594 2232 derari.
631 2196 716 2232 Una
743 2194 902 2243 quidem
934 2202 989 2231 est
1015 2193 1132 2242 gratia
1159 2193 1330 2231 unionis:
1367 2205 1468 2242 quae
1487 2198 1516 2240 Ε,

460 2247 556 2284 sicut
590 2259 705 2296 supra
738 2247 882 2284 dictum
915 2255 989 2294 est,
1019 2254 1073 2283 est
1105 2246 1233 2295 ipsum
1260 2245 1361 2282 uniri
1387 2258 1517 2294 perso-

459 2299 593 2336 naliter
619 2299 715 2336 Filio
743 2299 826 2346 Dei,
855 2299 961 2348 quod
980 2307 1035 2336 est
1062 2298 1173 2347 gratis
1192 2310 1419 2335 concessum
1447 2299 1518 2335 hu-

460 2364 598 2389 manae
627 2360 795 2389 naturae.
825 2352 874 2388 Et
900 2353 1000 2389 hanc
1020 2350 1178 2400 gratiam
1198 2358 1344 2388 constat
1362 2362 1443 2388 esse
1463 2350 1518 2388 in-

460 2404 626 2442 finitam:
657 2405 872 2442 secundum
900 2405 1007 2453 quod
1034 2404 1116 2454 ipsa
1135 2415 1300 2454 persona
1320 2403 1438 2441 Verbi
1465 2412 1520 2441 est

461 2457 620 2494 infinita.

514 2509 597 2547 Alia
624 2522 718 2546 vero
745 2517 802 2546 est
828 2509 944 2557 gratia
972 2509 1184 2546 habitualis
1222 2510 1333 2556 Quae
1362 2508 1520 2558 quidem

460 2570 585 2612 potest
612 2562 811 2611 dupliciter
838 2561 1080 2599 considerari.
1109 2563 1197 2598 Uno
1226 2562 1358 2608 modo,
1387 2573 1520 2598 secun-

462 2616 558 2652 dum
586 2615 693 2663 quod
721 2622 775 2651 est
803 2615 1002 2663 quoddam
1031 2626 1108 2651 ens.
1139 2615 1187 2651 Et
1214 2614 1267 2651 sic
1293 2626 1448 2651 necesse
1467 2622 1522 2651 est

463 2668 570 2717 quod
599 2667 645 2703 sit
671 2679 739 2703 ens
767 2666 932 2704 finitum.
962 2667 1030 2704 Est
1048 2666 1152 2703 enim
1176 2666 1215 2703 in
1234 2666 1363 2703 anima
1383 2666 1522 2703 Christi

464 2720 560 2757 sicut
588 2719 626 2756 in
655 2719 836 2756 subiecto.
866 2719 1006 2756 Anima
1025 2727 1154 2756 autem
1175 2719 1312 2756 Christi
1341 2726 1396 2756 est
1423 2731 1521 2756 crea-

463 2781 548 2810 tura
568 2772 771 2821 quaedam,
793 2772 938 2809 habens
957 2771 1203 2821 capacitatem
1222 2771 1381 2808 finitam.
1410 2772 1522 2809 Unde

465 2837 546 2862 esse
574 2825 724 2872 gratiae,
755 2837 845 2862 cum
873 2836 952 2861 non
975 2824 1131 2861 excedat
1157 2836 1273 2861 suum
1295 2823 1522 2872 subiectum,

466 2890 546 2915 non
574 2885 697 2926 potest
726 2890 807 2915 esse
835 2877 1040 2914 infinitum.

519 2929 604 2967 Alio
633 2931 752 2968 modo
780 2937 904 2979 potest
931 2929 1162 2967 considerari
1194 2929 1408 2966 secundum
1435 2941 1522 2978 pro-

467 2982 590 3031 priam
610 2982 798 3020 rationem
816 2982 966 3030 gratiae.
997 2983 1044 3019 Et
1063 2981 1116 3019 sic
1133 2981 1250 3030 gratia
1269 2982 1350 3030 ipsa
1368 2980 1381 3007 ζ
1401 2989 1524 3030 potest

468 3034 541 3071 dici
570 3035 728 3082 infinita,
757 3047 804 3072 eo
824 3036 930 3085 quod
952 3047 1032 3072 non
1051 3035 1247 3072 limitatur:
1278 3034 1368 3083 quia
1387 3034 1524 3070 scilicet

522 3171 538 3187 οι
569 3163 674 3188 scilicet.
692 3177 712 3181 -
728 3163 827 3188 scilicet
845 3164 952 3196 grathe
970 3165 1007 3193 bc,
1027 3165 1096 3190 Filio
1114 3165 1213 3190 scilicet
1232 3166 1260 3191 P.

524 3197 537 3230 β
569 3198 657 3223 totius.
675 3212 694 3216 -
714 3199 812 3223 nostris
830 3202 856 3223 et
875 3199 956 3224 totius
975 3200 1055 3225 tertia.

569 3233 741 3258 additionem.
759 3233 866 3265 -finiti
884 3235 951 3258 addit
970 3234 998 3259 P.
1015 3249 1034 3253 —
1054 3235 1103 3259 Pro
1122 3235 1160 3260 rei
1172 3235 1363 3269 finitae‚finiti
1379 3235 1459 3261 tertia.

570 3267 676 3293 Christi.
695 3281 714 3287 —-
732 3267 792 3293 Om.
811 3269 883 3292 tertia
902 3274 1002 3300 praeter
1020 3269 1038 3294 Ι.

524 3304 547 3335 ι)
566 3310 641 3335 quae.
659 3316 678 3321 -
696 3303 734 3327 Fa
752 3308 777 3327 et
795 3304 881 3333 tei-tin
900 3304 978 3334 quod.

525 3338 551 3372 ζ)
570 3339 635 3370 ipsa.
653 3352 672 3357 —-
692 3338 792 3363 Christi
811 3338 838 3363 Ρ.

525 3373 552 3406 η)
571 3376 680 3399 certam.
696 3387 715 3391 —
735 3373 828 3404 PsAE;
847 3376 973 3399 creatam.

1555 725 1670 762 habet
1697 725 1886 775 quidquid
1913 733 2037 775 potest
2053 726 2242 776 pertinere
2260 727 2308 764 ad
2327 727 2515 764 rationem
2533 737 2614 775 gra-

1555 777 1640 824 tiae,
1670 786 1707 814 et
1734 790 1815 815 non
1833 779 1946 815 datur
1963 779 1998 816 ei
2017 779 2233 816 secundum
2251 779 2420 829 aliquam
2438 787 2582 818 certam
2595 785 2615 808 ἢ

1557 842 1780 867 mensuram
1808 830 1847 867 id
1874 831 1980 880 quod
2000 832 2048 868 ad
2068 831 2255 868 rationem
2273 832 2412 880 gratiae
2463 832 2614 878 ertinet;

1558 894 1605 920 eo
1633 883 1759 932 quod,
1794 883 1995 920 secundum
2023 885 2255 934 propositum
2282 886 2430 935 gratiae
2487 886 2561 922 Dei
2575 885 2616 932 ²⁸²,
2645 923 2655 934 ,

1557 934 1667 972 cuius
1704 943 1759 972 est
1794 935 1952 983 gratiam
1988 947 2210 973 mensurare
2227 965 2236 983 ‚
2273 936 2390 984 gratia
2425 938 2619 974 confertur
2644 955 2676 976 w,

1558 987 1708 1024 animae
1738 987 1877 1024 Christi
1903 987 1999 1025 sicut
2026 988 2180 1025 cuidam
2198 988 2403 1026 universali
2429 989 2617 1039 principio

1557 1039 1838 1088 gratificationis
1866 1040 1904 1077 in
1926 1041 2099 1078 humana
2117 1047 2264 1087 natura,
2293 1042 2508 1080 secundum
2526 1041 2618 1080 illud

1559 1094 1720 1142 Ephes.1
1746 1092 1777 1139 ⁸⁸,
1811 1093 2040 1141 Gratificavit
2073 1105 2141 1130 nos
2175 1095 2211 1130 in
2247 1093 2376 1131 dilecto
2408 1094 2504 1131 Filio
2537 1105 2616 1139 suo.
2646 1103 2656 1114 ⁸

1561 1145 1667 1182 Sicut
1694 1144 1724 1181 si
1751 1145 1925 1182 dicamus
1944 1147 2071 1182 lucem
2096 1144 2185 1182 solis
2213 1157 2294 1182 esse
2317 1145 2518 1193 infinitam,
2538 1157 2619 1184 non

1561 1197 1720 1246 quidem
1756 1197 1972 1235 secundum
2009 1209 2125 1235 suum
2160 1209 2241 1234 esse
2254 1227 2263 1245 ,
2300 1198 2367 1235 sed
2404 1199 2620 1236 secundum

1562 1249 1749 1287 rationem
1759 1250 1873 1297 lucis,
1892 1250 1993 1299 >quia
2011 1250 2126 1287 habet
2146 1249 2335 1300 quidquid
2353 1257 2477 1300 potest
2495 1251 2544 1288 ad
2562 1262 2621 1289 ra-

1561 1302 1707 1339 tionem
1734 1302 1828 1339 lucis
1854 1301 2054 1352 pertinere.

1614 1356 1672 1391 Ao
1700 1366 1834 1392 ramum
1862 1366 1959 1392 ERGO
1987 1366 2167 1393 mesanum
2195 1356 2302 1404 quod
2330 1355 2368 1392 id
2395 1355 2503 1404 quod
2529 1355 2621 1393 dici-

1562 1414 1634 1454 tur,
1663 1409 1774 1444 Pater
1801 1420 1876 1444 non
1905 1408 1955 1444 ad
1979 1419 2193 1445 mensuram
2221 1408 2283 1445 dat
2310 1409 2485 1458 Spiritum
2512 1408 2620 1455 Filio,

1563 1471 1644 1496 uno
1673 1460 1793 1496 modo
1820 1459 2025 1509 exponitur
2051 1460 2099 1497 de
2127 1460 2231 1497 dono
2260 1460 2367 1509 quod
2386 1461 2492 1497 Deus
2511 1460 2623 1498 Pater

1564 1512 1613 1548 ab
1650 1519 1804 1548 aeterno
1842 1511 1946 1549 dedit
1979 1512 2096 1559 Filio,
2131 1512 2271 1550 scilicet
2305 1512 2477 1549 divinam
2513 1519 2622 1558 natu-

1566 1575 1660 1610 ram,
1681 1575 1780 1612 quae
1804 1571 1859 1600 est
1885 1564 2035 1601 donum
2056 1564 2260 1601 infinitum.
2295 1565 2406 1602 Unde
2430 1564 2622 1613 quaedam

1565 1617 1688 1663 glossa
1708 1618 1728 1638 ¹³
1756 1616 1863 1664 dicit,
1893 1616 2053 1653 ibidem:
2084 1623 2121 1653 ut
2148 1623 2268 1654 tantus
2293 1619 2338 1653 sit
2364 1617 2480 1654 Filius
2510 1629 2623 1666 quan-
2651 1627 2660 1637 ·

1566 1674 1621 1705 tus
1649 1674 1682 1705 et
1708 1670 1830 1705 Pater.

1620 1720 1705 1758 Alio
1734 1721 1866 1768 modo,
1894 1728 2018 1770 potest
2037 1721 2163 1758 referri
2183 1721 2231 1758 ad
2251 1721 2400 1760 donum
2428 1721 2535 1771 quod
2561 1721 2626 1760 da·

1567 1780 1650 1810 tum
1678 1781 1734 1810 est
1767 1774 1962 1811 humanae
1996 1781 2173 1820 naturae,
2208 1781 2251 1811 ut
2284 1773 2439 1811 uniatur
2473 1773 2626 1813 divinae

1566 1837 1772 1874 personae,
1809 1826 1916 1875 quod
1951 1834 2006 1863 est
2033 1832 2040 1847 ‘
2075 1826 2225 1864 donum
2260 1826 2465 1864 infinitum.
2513 1827 2626 1864 Unde

1567 1877 1703 1914 Glossa
1730 1877 1819 1914 dicit
1846 1877 2006 1915 ibidem:
2043 1880 2141 1915 Sicut
2167 1880 2279 1915 Pater
2299 1879 2454 1928 plenum
2483 1884 2516 1916 et
2541 1891 2626 1929 per-

1556 1930 1702 1978 fectum
1729 1932 1856 1980 genuit
1891 1932 2070 1976 Verbum,
2105 1933 2157 1968 sic
2178 1931 2333 1980 plenum
2361 1937 2394 1968 et
2419 1931 2627 1981 perfectum

1567 1988 1617 2019 est
1644 1984 1786 2019 unitum
1813 1984 2000 2020 humanae
2027 1989 2182 2020 naturae
2199 1989 2216 2005 ¹
2233 1983 2264 2019 ⁸².

1568 2088 1723 2134 tualem,
1750 2086 1980 2136 inquantum
2007 2087 2123 2135 gratia
2151 2087 2290 2125 Christi
2318 2100 2357 2125 se
2386 2088 2552 2126 extendit
2579 2089 2628 2126 ad

1570 2139 1702 2176 omnia
1720 2151 1819 2189 quae
1839 2147 1927 2177 sunt
1943 2140 2094 2188 gratiae.
2122 2141 2236 2191 Unde
2254 2140 2489 2188 Augustinus
2501 2140 2534 2188 ⁴²,
2552 2141 2630 2179 hoc

1569 2204 1778 2241 exponenS,
1806 2192 1912 2230 dicit:
1941 2194 2125 2230 Mensura
2152 2193 2334 2242 quaedam
2361 2193 2491 2231 divisio
2517 2193 2630 2232 dono-

1572 2257 1656 2282 rum
1684 2251 1752 2282 est.-
1779 2245 1846 2282 alii
1870 2247 1968 2282 enim
1996 2245 2106 2282 datur
2125 2258 2198 2295 per
2224 2247 2399 2295 Spiritum
2425 2257 2548 2284 sermo
2572 2258 2630 2284 sa-

1566 2299 1740 2348 pientiae,
1760 2298 1825 2334 alii
1841 2309 1962 2335 ser-mo
1979 2299 2161 2335 scientiae.
2190 2298 2263 2335 Sed
2283 2299 2456 2345 Chn‘stus,
2477 2298 2629 2349 quidue,

1573 2363 1647 2388 non
1676 2350 1727 2387 ad
1751 2362 1964 2387 mensuram
1992 2352 2140 2400 accepit.
2382 2354 2385 2355 ’

1626 2405 1683 2440 An
1697 2415 1885 2440 SECUNDUM
1898 2415 2079 2440 DmENDUM
2098 2403 2205 2452 quod
2222 2402 2340 2450 gratia
2358 2401 2499 2440 Christi
2514 2402 2631 2440 habet

1573 2455 1766 2493 infinitum
1786 2456 1976 2503 effectum,
2001 2463 2085 2492 turn
2102 2462 2259 2504 propter
2277 2454 2503 2493 infinitatem
2521 2466 2629 2505 prae-

1574 2508 1714 2545 dictam
1732 2508 1752 2530 *
1778 2508 1935 2556 gratiae3
1968 2515 2052 2544 turn
2078 2515 2235 2556 propter
2260 2507 2446 2544 unitatem
2477 2507 2631 2546 divinae
2659 2516 2667 2527 ·

1573 2573 1771 2611 personae,
1801 2559 1863 2597 cui
1890 2559 2018 2597 anima
2046 2559 2185 2597 Christi
2212 2568 2268 2596 est
2294 2560 2411 2597 unita.

1627 2615 1683 2650 AD
1702 2624 1859 2650 TERTmM
1881 2624 2060 2650 DIOENDUM
2089 2612 2195 2661 quod
2214 2612 2343 2649 minus
2361 2624 2431 2662 per
2448 2623 2630 2660 augmen-

1574 2675 1655 2703 tum
1685 2673 1809 2715 potest
1834 2664 2034 2714 pervenire
2062 2665 2111 2702 ad
2134 2665 2384 2714 quantitatem
2408 2664 2565 2703 maioris
2588 2665 2632 2709 in

1575 2718 1634 2755 his
1661 2731 1760 2768 quae
1788 2717 1930 2755 habent
1956 2717 2202 2766 quantitatem
2225 2717 2341 2755 unius
2359 2717 2524 2756 rationi&
2554 2717 2632 2758 Sed

1574 2771 1691 2819 gratia
1724 2770 1875 2807 alterius
1909 2769 2076 2806 hominis
2112 2778 2356 2820 comparatur
2389 2770 2438 2807 ad
2473 2769 2631 2818 gratiam

1577 2823 1714 2860 Christi
1742 2822 1836 2859 sicut
1864 2823 2055 2871 quaedam
2083 2822 2202 2860 virtus
2229 2822 2462 2872 particularis
2480 2822 2529 2860 ad
2546 2821 2632 2860 uni·

1575 2877 1773 2913 versalem.
1803 2875 1927 2922 Unde,
1948 2874 2043 2912 sicut
2061 2875 2180 2912 virtus
2199 2875 2306 2924 ignis,
2334 2882 2631 2925 quantumcum-

1576 2941 1652 2978 que
1680 2935 1834 2973 crescat,
1862 2939 1942 2965 non
1969 2935 2092 2977 potest
2111 2927 2316 2978 adaequari
2334 2926 2463 2966 virtuti
2480 2925 2495 2949 λ
2522 2925 2630 2974 soli53

1577 2981 1626 3018 ita
1652 2980 1770 3028 gratia
1795 2980 1947 3018 alterius
1966 2980 2146 3027 hominis,
2175 2988 2534 3030 quantumcumque
2552 2991 2631 3017 cre-

1578 3041 1664 3080 scat,
1694 3045 1774 3070 non
1801 3040 1924 3082 potest
1951 3033 2156 3083 adaequari
2183 3032 2320 3081 gratiae
2349 3031 2497 3069 Christi.

1632 3163 1657 3197 Θ)
1675 3165 1790 3198 gratiae.
1809 3179 1827 3183 -
1845 3165 1906 3190 Om.
1925 3166 2007 3191 tertia.

1634 3199 1652 3231 ι)
1672 3204 1719 3226 est.
1737 3214 1756 3219 -
1774 3200 1853 3226 etiam
1873 3203 1912 3225 est
1931 3199 1959 3226 P.

1633 3239 1658 3295 nt)
1678 3238 1799 3261 naturae.
1815 3250 1835 3254 -
1853 3235 1872 3260 F
1896 3239 1921 3260 et
1945 3235 2018 3260 tei-tin
2045 3233 2172 3268 (naturae
2197 3235 2338 3260 maturae
2360 3231 2427 3268 pG);
2456 3234 2571 3257 naturae
2594 3232 2636 3256 vel

1579 3277 1641 3296 crea
1655 3277 1728 3296 urae.

1631 3304 1660 3339 λ)
1678 3306 1828 3338 adaequari
1853 3304 1957 3331 virmti⁴
1974 3319 1993 3324 —
2009 3304 2163 3337 adaequare
2187 3303 2314 3329 virtum
2340 3302 2427 3334 tanin
2454 3302 2544 3327 endem
2572 3309 2632 3327 mox

1579 3341 1733 3374 adaequare
1750 3341 1879 3374 gratiam.
1897 3341 1936 3367 Cf.
1954 3348 1999 3374 qu.
2017 3346 2135 3370 uxxvm,
2152 3344 2200 3365 nn.
2219 3337 2242 3370 3,
2260 3345 2285 3372 γ.

1620 2034 1751 2072 Tertio
1780 2035 1919 2078 modo,
1954 2043 2078 2085 potest
2105 2034 2232 2073 referri
2260 2035 2308 2072 ad
2335 2035 2494 2083 gratiam
2521 2035 2628 2073 habi·
2655 2046 2748 2095 iffi,
2762 2067 2820 2090 m·
2844 2085 2846 2087 Ι

2656 2142 2667 2152 ⁸
2678 2140 2757 2163 Tnct.
2771 2140 2827 2164 xlv

2657 2167 2723 2190 toan.
2737 2166 2828 2196 Ευαηι.
