2872 3970
881 268 1313 315 QUAESTlo-XL1X‚
1349 268 1639 307 ARTICULUS
1667 270 1681 306 1

2292 278 2364 314 471

351 524 354 525 ⁷
400 516 402 519 -
619 481 1034 554 QUAEsTlo
1074 472 1942 559 QUADRAGEsmANoNA

129 593 141 605 ‘
729 600 812 640 DE
845 574 1560 643 EFFECTIBUSPASSIONIS
1595 602 1833 643 CHRISTI

1034 715 1068 740 IN
1096 715 1163 740 SEX
1189 715 1390 741 ARTICULOS
1417 716 1529 741 DIVISA

149 842 165 847 ν
196 803 384 916 Dm
415 818 744 856 considerandum
771 825 828 854 est
860 818 908 855 de
937 817 1028 866 ipsis
1057 818 1280 861 effectibus}

122 902 146 918 f„
275 870 466 922 passionis
493 870 635 908 Christi
653 870 684 907 *.

124 927 134 966 ί
195 925 256 964 ΕἰῐΔ
269 924 369 963 circa
395 925 473 962 hoc
498 931 737 973 quaeruntur
765 935 842 960 sex.

128 979 147 987 ²
196 1002 203 1010 ‚
219 977 400 1016 rgPrimo:
428 984 560 1014 utrum
586 988 657 1026 per
674 975 895 1025 passionem
915 975 1055 1012 Christi
1074 975 1194 1013 simus
1214 976 1254 1013 li-

265 1067 267 1070 ,
299 1028 419 1067 berati
446 1041 470 1066 a
495 1036 665 1078 peccato.

248 1082 449 1120 Secundo:
479 1089 611 1119 utrum
638 1092 708 1131 per
726 1092 813 1117 earn
842 1080 962 1118 simus
981 1080 1126 1118 liberati
1146 1093 1168 1118 a
1186 1093 1255 1130 po-

299 1142 430 1173 testate
458 1133 612 1172 diaboli.

1361 819 1512 856 Tertio:
1543 827 1674 857 utrum
1700 831 1770 869 per
1797 833 1884 857 eam
1907 820 2027 858 simus
2054 822 2199 860 liberati
2217 835 2239 860 a
2259 831 2365 861 reatu

1412 884 1574 921 poenae.

1361 925 1530 971 Quarto:
1551 932 1682 963 utrum
1701 938 1770 975 per
1784 938 1871 963 eam
1885 925 2005 963 simus
2019 927 2104 964 Deo
2123 928 2363 966 reconciliati.

1362 976 1529 1024 Quinto:
1564 985 1694 1015 utrum
1722 991 1790 1028 per
1817 990 1905 1015 eam
1940 979 1986 1015 sit
2013 979 2124 1016 nobis
2156 989 2287 1029 aperta
2313 981 2364 1018 ia-

1414 1041 1494 1066 nua
1520 1030 1625 1067 caeli.

1363 1082 1498 1119 Sexto:
1529 1090 1660 1119 utrum
1679 1095 1748 1132 per
1766 1096 1853 1120 eam
1874 1083 2045 1121 Christus
2065 1090 2082 1106 ²
2109 1085 2270 1134 adeptus
2289 1086 2366 1123 fue·
2490 1098 2506 1114 α

1417 1133 1462 1170 rit
1490 1135 1768 1172 exaltationem.

1003 1258 1321 1303 ARTICULUS
1352 1262 1557 1304 PRIMUS

592 1355 749 1386 UTRUM
770 1355 855 1386 PER
877 1354 1120 1386 PAssmNEM
1145 1354 1318 1385 CHRISTI
1341 1354 1467 1386 slMus
1491 1356 1692 1387 LJBERATJ
1716 1357 1746 1387 A
1767 1357 1973 1388 PECCATO

214 1444 218 1446 ’
241 1421 244 1446 3
276 1433 352 1465 latu,
370 1441 416 1468 qu.
434 1441 501 1465 unx,
520 1439 568 1460 nrt.
587 1440 611 1464 1,
630 1434 663 1458 ad
684 1441 708 1465 2,
729 1433 759 1464 3;
778 1433 810 1458 111
829 1433 913 1462 Sem„
933 1433 992 1459 dist.
1009 1440 1060 1464 xix,
1079 1438 1126 1459 art.
1147 1440 1176 1464 ις
1196 1433 1311 1466 Exposit.
1331 1434 1392 1464 litt.;
1413 1435 1556 1466 compend.
1580 1434 1677 1464 Tlaeot„
1697 1443 1751 1468 cap.
1772 1443 1893 1466 ccxxx1x;
1914 1437 1943 1461 In
1963 1437 2057 1470 symb.
2074 1439 2176 1470 Apost„
2195 1443 2242 1463 art.
2260 1447 2286 1470 4.

281 1553 289 1562 s
368 1543 382 1551 >1
404 1534 427 1559 D
455 1533 590 1559 pthJM
618 1533 670 1558 su:
698 1533 933 1559 Pnocsnrrun.
961 1521 1122 1558 Videtur
1149 1521 1255 1570 quod

278 1586 283 1596 ¹
305 1609 311 1616 ,
328 1574 365 1594 ³⁴
359 1619 367 1631 i
332 1574 475 1667 21‘52per
500 1573 721 1664 passionem
751 1573 890 1633 Christi
914 1586 994 1611 non
1023 1573 1143 1611 simus
1166 1573 1255 1610 libe-

195 1704 334 1770 Isaiae
330 1732 468 1769 XL111*:
504 1734 590 1782 Ego
617 1745 699 1769 sum
728 1734 791 1782 qui
816 1733 918 1770 deleo
947 1734 1150 1782 iniquitates
1177 1738 1258 1770 tuas

190 1790 347 1835 propter
373 1798 443 1822 me.
484 1785 657 1822 Christus
684 1793 814 1822 autem
841 1797 921 1822 non
950 1793 1004 1821 est
1031 1797 1166 1834 passus
1201 1798 1256 1822 se-

197 1837 372 1875 cundum
399 1838 507 1887 quod
526 1838 643 1879 Deus,
664 1838 730 1875 sed
760 1838 975 1875 secundum
995 1838 1101 1886 quod
1122 1839 1255 1874 homo.

197 1891 299 1939 Ergo
318 1891 445 1939 passio
466 1890 605 1928 Christi
625 1903 704 1927 non
723 1890 895 1927 liberavit
913 1903 985 1927 nos
1004 1889 1019 1919 β
1047 1902 1069 1927 a
1087 1898 1255 1939 peccato.

251 1955 286 1981 2.
311 1944 542 1990 PRAETEREA,
563 1944 760 1992 corporale
786 1955 867 1980 non
891 1943 964 1991 agit
989 1942 1028 1979 in
1053 1942 1255 1992 spirituale.

197 1996 276 2035 Sed
293 1996 421 2046 passio
437 1995 576 2033 Christi
590 1995 798 2046 corporalis
817 2004 886 2033 est:
907 2003 1109 2045 peccatum
1128 2003 1258 2032 autem

132 2091 134 2093 ,
196 2057 277 2087 non
305 2056 361 2086 est
388 2048 460 2086 nisi
487 2048 526 2085 in
555 2049 695 2095 anima,
718 2061 818 2098 quae
846 2056 901 2085 est
928 2048 1130 2098 spiritualis
1159 2060 1258 2085 crea-

195 2109 293 2140 tura.
328 2102 430 2150 Ergo
458 2101 585 2151 passio
615 2101 754 2139 Christi
782 2113 862 2138 non
889 2101 1013 2151 potuit
1040 2112 1111 2138 nos
1145 2113 1258 2137 mun-

197 2155 289 2193 dare
317 2167 340 2192 a
366 2161 535 2204 peccato.

252 2207 286 2245 3.
317 2209 548 2254 PRAETEREA,
578 2208 706 2244 nullus
732 2214 857 2256 potest
883 2206 1034 2244 liberari
1055 2219 1077 2243 a
1099 2214 1257 2256 peccato

145 2278 148 2281 v
197 2260 305 2311 quod
332 2260 511 2298 nondum
539 2259 743 2306 commisit,
764 2259 830 2296 sed
859 2259 964 2309 quod
993 2259 1033 2296 in
1059 2267 1258 2308 posterum

197 2318 254 2352 est
271 2313 562 2351 commissurus.
594 2313 696 2350 Cum
715 2312 826 2361 igitur
853 2313 973 2349 multa
1000 2320 1155 2361 peccata
1173 2319 1259 2361 post

199 2365 338 2405 Christi
355 2365 577 2416 passionem
597 2365 670 2402 sint
689 2365 906 2412 commissa,
923 2373 959 2402 et
977 2372 1054 2402 tota
1073 2364 1134 2402 die
1154 2376 1258 2402 com-

197 2419 415 2463 mittantur,
443 2418 596 2456 videtur
623 2418 730 2467 quod
766 2430 836 2467 per
871 2417 1091 2468 passionem
1121 2417 1259 2455 Christi

197 2482 279 2510 non
306 2471 426 2509 simus
454 2470 598 2509 liberati
625 2484 648 2508 a
675 2479 845 2521 peccato.

250 2537 286 2572 4.
321 2525 562 2570 PRAETEREA,
581 2524 715 2574 posita
751 2535 867 2560 causa
904 2523 1126 2569 sufficienti,
1165 2522 1259 2560 nihil

198 2577 302 2614 aliud
338 2576 544 2627 requiritur
570 2577 619 2614 ad
652 2577 833 2614 effectum
870 2576 1146 2613 inducendum.
1185 2577 1259 2627 Re-

115 2626 137 2643 '⁴
197 2629 402 2680 quiruntur
420 2637 550 2668 autem
569 2629 698 2667 adhuc
717 2629 789 2667 alia
812 2629 861 2666 ad
881 2628 1147 2666 remissionem
1174 2641 1259 2678 pec-

196 2690 392 2721 catorum:
423 2682 562 2720 scilicet
588 2682 802 2742 baptismus
830 2690 865 2719 et
883 2681 1126 2731 poenitentia.
1157 2682 1258 2730 Ergo

197 2734 350 2773 videtur
386 2736 493 2785 quod
529 2735 656 2784 passio
695 2735 835 2772 Christi
871 2747 951 2772 non
986 2734 1032 2771 sit
1067 2734 1259 2772 sufficiens

197 2799 314 2826 causa
341 2787 576 2826 remissionis
603 2795 862 2838 peccatorum.

255 2842 287 2878 5.
317 2842 558 2887 ΡΚΑΕΤΕΚΕΑ,
587 2842 764 2879 Proverh.
791 2853 814 2878 x
836 2841 857 2863 ’¹‘
884 2840 1037 2877 dicitur:
1079 2841 1260 2878 Universa

198 2893 329 2932 delicta
356 2896 474 2944 operit
501 2895 656 2939 caritas;
683 2901 719 2931 et
747 2905 794 2931 xv
811 2893 832 2915 ²⁸
860 2893 1015 2930 dicitur:
1052 2894 1126 2930 Per
1153 2894 1259 2929 mise-

199 2947 400 2984 ricordiam
424 2953 458 2984 et
469 2947 590 2995 fidem
604 2952 822 2996 purgantur
843 2952 1009 2996 peccata.
1040 2946 1116 2982 Sed
1140 2947 1260 2982 multa

197 3007 288 3037 sunt
306 2999 379 3037 alia
397 2999 445 3036 de
465 2999 606 3048 quibus
635 2999 824 3036 habemus
843 2999 975 3044 fidem,
996 3005 1032 3034 et
1051 3010 1150 3047 quae
1172 3006 1260 3035 sunt

198 3051 449 3102 provocativa
467 3051 640 3089 caritatis.
671 3052 773 3100 Ergo
791 3051 919 3100 passio
940 3050 1078 3088 Christi
1106 3063 1186 3088 non
1201 3058 1260 3087 est

199 3104 354 3155 propria
382 3116 498 3142 causa
525 3103 759 3141 remissionis
786 3111 1045 3152 peccatorum.

253 3158 327 3195 SED
363 3169 507 3195 CONTRA
535 3168 600 3194 EST
628 3156 735 3206 quod
771 3156 908 3193 dicitur
934 3157 1050 3205 Apoc.
1081 3168 1090 3192 1
1117 3156 1155 3192 *ε
1193 3157 1258 3192 Di-

197 3210 288 3248 [exn
325 3222 413 3256 nos,
443 3215 476 3246 et
502 3209 590 3247 lavit
617 3221 684 3246 nos
711 3221 734 3246 a
758 3210 918 3258 peccatis
953 3210 1085 3245 nostris
1113 3210 1149 3244 in
1177 3220 1259 3245 san-

199 3265 315 3315 guine
339 3275 418 3300 suo.

251 3316 476 3354 Responnso
511 3326 691 3352 DmENDUM
725 3314 831 3373 quod
868 3313 995 3363 passio
1029 3312 1168 3350 Christi
1205 3320 1260 3349 est

200 3367 356 3419 propria
383 3380 498 3405 causa
525 3366 759 3404 remissionis
778 3373 1036 3416 peccatorum,
1056 3365 1257 3415 tripliciter

255 3500 283 3570 ἓξ

202 3571 227 3596 Η
245 3577 272 3597 et
288 3572 369 3597 tertia.

305 3501 434 3527 Uiristus.
451 3515 471 3520 —-
488 3500 545 3530 ΡΕ;
564 3508 617 3524 om.

300 3536 400 3570 Ergo...
419 3543 475 3562 nos.
488 3550 508 3555 —
527 3535 602 3569 Ergo
617 3541 668 3567 per
683 3533 834 3566 passionem
855 3533 955 3558 Christi
973 3540 1024 3557 non
1042 3539 1133 3557 sumus
1156 3531 1263 3556 liberati

1309 1521 1440 1558 Primo
1469 1521 1646 1571 quidem,
1670 1534 1740 1571 per
1766 1523 1931 1560 modum
1958 1525 2203 1573 provocantis
2231 1525 2280 1562 ad
2307 1537 2367 1562 ca-

1309 1574 1469 1611 ritatem.
1498 1575 1612 1622 Quia,
1634 1583 1675 1611 ut
1693 1576 1901 1624 Apostolus
1920 1576 2020 1623 dicit,
2035 1578 2145 1614 Rom.
2161 1590 2184 1614 v
2197 1577 2234 1614 ²⁸:
2260 1579 2366 1614 Com-

1309 1628 1457 1664 mendat
1483 1629 1585 1664 Deus
1611 1640 1717 1664 suam
1746 1630 1935 1666 caritatem
1964 1631 2000 1666 in
2030 1631 2148 1676 nobis,
2178 1632 2365 1679 quoniam,

1309 1692 1392 1716 cum
1421 1682 1562 1717 inimici
1588 1693 1757 1727 essemus,
1784 1682 1947 1718 Christus
1969 1695 2042 1731 pro
2072 1684 2175 1719 nobis
2202 1689 2367 1720 mortuus

1309 1738 1370 1770 est.
1408 1733 1482 1770 Per
1517 1733 1709 1770 caritatem
1747 1741 1875 1770 autem
1912 1734 2187 1783 consequimur
2213 1735 2367 1772 veniam

1309 1793 1576 1834 peccatorum:
1607 1786 1823 1823 secundum
1851 1786 1943 1823 illud
1964 1788 2058 1824 Luc.
2079 1787 2176 1824 vu*:
2206 1789 2368 1825 Dimissa
2397 1793 2539 1821 'Vm-47-

1308 1844 1392 1874 sunt
1419 1840 1454 1874 ei
1465 1844 1621 1887 peccata
1648 1839 1775 1884 multa,
1797 1841 1972 1887 quoniam
2001 1840 2126 1876 dilexit
2149 1841 2314 1877 multum.

1365 1890 1557 1936 Secundo,
1568 1890 1695 1939 passio
1712 1891 1850 1928 Christi
1865 1899 1995 1928 causat
2009 1892 2274 1929 remissionem
2285 1905 2370 1942 pec-

1311 1950 1486 1980 catorum
1517 1954 1587 1992 per
1618 1943 1783 1980 modum
1811 1944 2095 1994 redemptionis
2131 1945 2233 1992 Quia
2267 1945 2371 1983 enim

1311 1996 1391 2045 ipse
1421 2003 1476 2032 est
1510 2004 1624 2045 caput
1660 2004 1857 2042 nostrum,
1886 2009 1956 2046 per
1982 1996 2203 2046 passionem
2237 2011 2370 2045 suam,

1311 2061 1430 2098 quarn
1458 2060 1504 2085 ex
1533 2048 1683 2085 caritate
1712 2057 1748 2085 et
1776 2049 1993 2086 obedientia
2021 2049 2208 2097 sustinuit,
2237 2050 2371 2088 libera-

1310 2101 1365 2137 vit
1392 2112 1475 2146 nos,
1500 2108 1686 2150 tanquam
1714 2102 1890 2138 membra
1914 2114 1995 2148 sua,
2016 2114 2038 2139 a
2065 2103 2241 2151 peccatis,
2261 2104 2372 2152 quasi

1310 2165 1380 2203 per
1406 2153 1573 2202 pretium
1602 2165 1693 2190 suae
1721 2153 1928 2203 passionis:
1968 2154 2063 2192 sicut
2091 2155 2121 2192 si
2149 2156 2270 2193 homo
2302 2168 2373 2205 per

1311 2206 1467 2255 aliquod
1496 2218 1595 2255 opus
1623 2205 1863 2243 meritorium
1891 2208 1998 2256 quod
2026 2219 2146 2244 manu
2170 2210 2369 2256 exerceret,

1311 2259 1515 2296 redimeret
1542 2271 1582 2295 se
1611 2271 1633 2295 a
1659 2267 1817 2308 peccato
1840 2259 1947 2308 quod
1974 2259 2139 2308 pedibus
2158 2261 2370 2298 commisis-

1312 2319 1377 2349 set.
1418 2311 1523 2348 Sicut
1555 2311 1660 2348 enim
1691 2313 1861 2349 naturale
1890 2323 2030 2361 corpus
2067 2321 2122 2350 est
2150 2325 2295 2360 unum,
2325 2327 2371 2351 ex

1311 2364 1579 2401 membrorum
1607 2363 1822 2401 diversitate
1851 2364 2081 2411 consistens,
2111 2365 2160 2402 ita
2187 2373 2266 2403 tota
2300 2367 2370 2403 Ec-

1312 2417 1434 2463 clesia,
1464 2429 1564 2466 quae
1593 2425 1648 2453 est
1675 2417 1881 2467 mysticum
1909 2429 2050 2466 corpus
2079 2417 2235 2465 Christi,
2265 2431 2370 2456 com-

1311 2477 1467 2520 putatur
1485 2469 1593 2518 quasi
1613 2475 1691 2506 una
1717 2482 1882 2519 persona
1901 2481 1991 2507 cum
2011 2482 2081 2507 suo
2110 2470 2243 2520 capite,
2263 2472 2370 2520 quod

1313 2530 1368 2560 est
1397 2522 1581 2559 Christus

2394 1583 2404 1593 ⁶
2420 1581 2484 1604 Vers.
2499 1582 2521 1607 8,
2536 1588 2559 1609 9.

1365 2574 1517 2622 Tertio,
1555 2587 1625 2624 per
1661 2575 1824 2612 modum
1862 2575 2101 2612 efficientiae:
2140 2575 2369 2625 inquantum

1313 2640 1418 2675 caro,
1448 2628 1663 2664 secundum
1692 2639 1811 2677 quam
1840 2627 2013 2664 Christus
2040 2627 2260 2677 passionem
2288 2641 2369 2666 sus-

1311 2681 1433 2727 tinuit,
1461 2688 1516 2717 est
1544 2682 1824 2717 instrumentum
1853 2681 2046 2718 divinitatis
2064 2680 2095 2727 ²⁸,
2117 2693 2162 2717 ex
2190 2693 2268 2730 quo
2288 2681 2370 2718 eius
2396 2689 2558 2741 ,gamgjfgp
2568 2689 2609 2736 ,gf

1312 2733 1509 2784 passiones
1537 2741 1573 2769 et
1598 2733 1765 2770 actiones
1794 2741 2001 2781 operantur
2019 2733 2057 2769 in
2076 2710 2213 2770 x'irtute
2241 2733 2370 2771 divina
2395 2741 2435 2768 1¹1
2454 2747 2505 2769 cap
2520 2748 2559 2763 xv

1313 2787 1361 2824 ad
1390 2786 1660 2838 expellendum
1687 2793 1900 2834 peccatum.

1366 2841 1422 2876 AD
1451 2850 1585 2875 PmMUM
1614 2850 1711 2875 ERGO
1739 2850 1919 2875 memnon
1946 2838 2064 2887 quod,
2084 2837 2168 2875 licet
2197 2818 2369 2876 Christus

1313 2904 1393 2928 non
1412 2891 1457 2928 sit
1475 2903 1610 2940 passus
1630 2890 1845 2927 secundum
1865 2891 1970 2939 quod
1990 2891 2107 2935 Deus,
2127 2898 2255 2927 tamen
2279 2903 2368 2929 caro

1312 2944 1393 2981 eius
1422 2951 1476 2981 est
1495 2942 1699 2980 divinitatis
1718 2942 2025 2979 instrumentum.
2056 2943 2103 2979 Et
2121 2955 2167 2980 ex
2186 2944 2261 2980 hoc
2284 2956 2368 2993 pas-

1312 2997 1368 3034 sio
1406 2996 1487 3033 eius
1524 2995 1638 3032 habet
1670 2995 1866 3044 quandam
1903 2995 2073 3032 divinam
2107 2995 2284 3033 virtutem
2320 2997 2368 3034 ad

1312 3049 1581 3098 expellendum
1609 3055 1810 3096 peccatum
1830 3053 1856 3093 Υ,
1886 3055 1928 3084 ut
1955 3047 2099 3084 dictum
2127 3056 2183 3085 est
2200 3048 2231 3085 ²¹⁶.
2396 3079 2445 3100 ,ln
2462 3054 2517 3107 0on
2520 3085 2567 3101 01«.

1364 3103 1421 3138 AD
1450 3112 1637 3138 SECUNDUM
1664 3112 1844 3137 met-:NDUM
1873 3100 1978 3149 quod
2002 3099 2128 3149 passio
2158 3100 2308 3147 Christi,
2328 3101 2369 3141 li—

1312 3162 1370 3191 cet
1405 3153 1450 3190 sit
1477 3152 1701 3202 corporalis,
1731 3152 1884 3189 sortitur
1909 3160 2038 3189 tamen
2066 3154 2262 3202 quandam
2295 3154 2369 3203 spi-

1312 3206 1486 3243 ritualem
1523 3205 1702 3242 virtutem
1740 3217 1786 3241 ex
1822 3204 2035 3250 divinitate,
2064 3205 2173 3242 cuius
2210 3218 2298 3243 caro
2335 3207 2370 3243 ei

1312 3258 1417 3295 unita
1449 3265 1505 3294 est
1531 3257 1839 3294 instrumentum.
1879 3258 2103 3295 Secundum
2131 3270 2249 3307 quam
2286 3258 2369 3308 qui-

1312 3312 1402 3348 dem
1429 3310 1610 3347 virtutem
1634 3309 1761 3360 passio
1791 3310 1927 3347 Christi
1957 3318 2011 3347 est
2038 3318 2153 3348 causa
2181 3311 2369 3349 remissio-

1313 3363 1371 3400 nis
1399 3370 1657 3412 peccatorum.

1368 3494 1394 3528 γ)
1414 3495 1450 3520 ad
1463 3494 1649 3527 expellendum
1665 3498 1812 3527 peccatum.
1825 3508 1844 3512 -
1858 3494 2010 3519 dimittendi
2023 3497 2134 3526 peccata
2148 3493 2220 3519 tertia
2239 3500 2339 3527 praeter
2353 3495 2371 3519 Ι.
