2872 3970
229 2165 239 2174 ⁸
253 2163 320 2185 Vere.
336 2168 347 2184 2
365 2176 371 2183 .

466 296 542 332 266
1137 286 1401 336 QUAESTIO
1430 285 1566 333 XXIII,
1595 284 1888 323 ARTICULUS
1915 284 1961 323 111

463 373 594 410 filiatio
614 370 794 420 adoptiva
823 377 877 407 est
897 369 1089 418 quaedam
1109 366 1317 404 similitudo
1336 363 1527 401 filiationis

463 433 655 463 aeternae:
677 424 773 460 sicut
792 422 923 460 omnia
942 433 1041 470 quae
1062 420 1100 457 in
1118 427 1292 468 tempore
1311 418 1407 454 facta
1425 424 1526 462 sunt,

463 476 729 515 similitudines
757 475 951 525 quaedam
979 481 1067 511 sunt
1095 484 1233 509 eorum
1261 482 1360 520 quae
1389 470 1437 507 ab
1465 481 1526 515 ae,-

462 538 572 567 terno
591 529 754 567 fuerunt.
784 524 1024 565 Assimilatur
1042 529 1172 563 autem
1190 524 1312 561 homo
1333 521 1527 572 splendori

1581 371 1644 400 tur
1673 362 1829 412 Spiritui
1857 363 2009 400 Sancto.
2040 363 2087 399 Et
2110 361 2198 399 ideo
2224 361 2417 411 adoptatio
2436 359 2462 408 δ,
2482 361 2566 399 licet
2594 360 2640 398 sit

1581 415 1803 453 communis
1821 415 1889 452 toti
1902 414 2089 460 Trinitati‚
2110 413 2378 464 appropriatur
2395 421 2524 451 tamen
2538 413 2640 451 Patri

1581 475 1624 506 ut
1651 467 1809 514 auctori,
1829 467 1926 505 Filio
1945 475 1987 504 ut
2006 466 2224 517 exemplari,
2246 465 2401 516 Spiritui
2428 467 2568 504 Sancto
2597 473 2640 504 ut

1582 518 1819 570 imprimenti
1845 518 1885 558 in
1913 514 2025 558 nobis
2053 519 2169 557 huius
2197 517 2484 557 similitudinem
2511 523 2639 561 exem-

463 582 607 621 aeterni
626 580 710 620 Filii
737 593 806 631 per
824 579 963 628 gratiae
982 577 1200 623 claritatem,
1231 587 1330 625 quae
1359 573 1526 617 attribui-
1581 573 1705 623 plaris.

517 721 544 756 δ)
561 720 711 753 adoptatio.
730 733 750 738 -
768 718 878 751 adoptio
900 718 943 742 AF
946 717 999 742 lab.

1137 813 1472 846 Commenta-ria
1494 810 1748 844 Garamans
1768 809 1972 842 Galatam

464 918 631 988 ‘Tr-rurus
661 914 762 944 clarus
792 915 848 943 eat.
869 929 892 934 —
923 911 958 942 In
982 919 1117 951 corpore
1146 910 1242 940 unica
1265 914 1311 939 est
1341 908 1525 939 conclusio:
1551 907 1555 934 l
1580 907 1697 943 factus,
1720 911 1789 938 non
1810 907 1936 947 genitus
1958 905 2150 937 naturaliter.
2183 907 2225 937 Et
2245 909 2395 936 notanter
2417 905 2589 946 apponitur
2609 904 2644 946 ty

524 959 687 999 Adoptare
706 957 850 988 homines
871 956 904 986 in
921 955 1017 997 filios
1033 955 1097 985 Dei
1115 953 1266 984 convenit
1286 952 1346 983 tori
1363 949 1525 983 Trinitati.

464 1004 628 1034 Probatur.
646 1002 763 1032 Facere
786 1002 1026 1041 quemcumque
1049 994 1199 1029 effectum
1222 998 1256 1028 in
1272 997 1422 1027 creaturis
1437 1001 1527 1027 com*-

464 1057 562 1078 mune
583 1052 629 1077 est
644 1046 704 1076 toti
720 1045 877 1076 Trinitati.
902 1043 965 1075 Sed
980 1042 1064 1073 filius
1081 1042 1250 1082 adoptivus
1266 1046 1313 1072 est
1331 1040 1442 1077 factus,
1459 1043 1527 1071 non

463 1091 589 1132 genitus
603 1089 738 1121 naturali
753 1088 958 1129 generatione
974 1097 993 1118 a
1008 1087 1089 1117 Deo.
1106 1086 1191 1126 Ergo
1208 1084 1360 1126 adoptare
1376 1090 1423 1115 est
1438 1093 1527 1115 com-

463 1143 563 1166 mune
586 1135 645 1165 toti
665 1133 822 1174 Trinitati.

519 1179 622 1210 Maior
643 1177 807 1219 tripliciter
831 1176 994 1218 probatur.
1024 1175 1150 1210 Primo,
1181 1183 1219 1204 ex
1246 1173 1419 1214 opposito:
1453 1173 1528 1217 quia

463 1226 614 1264 generare
637 1222 819 1253 naturaliter
849 1221 883 1251 in
906 1220 1020 1251 divinis
1049 1218 1218 1260 proprium
1241 1223 1288 1248 est
1309 1216 1403 1248 Patri.
1426 1235 1450 1239 —
1468 1216 1527 1248 >Se-

465 1267 584 1304 cundo,
608 1267 683 1307 quia
704 1270 770 1297 una
793 1270 840 1296 est
862 1263 1035 1296 substantia
1058 1262 1229 1294 Trinitatis.
1264 1261 1328 1293 Ubi
1350 1262 1459 1292 autem
1482 1264 1529 1291 est

464 1322 529 1343 una
552 1311 735 1347 substantia,
759 1315 806 1340 est
829 1309 924 1340 unica
945 1308 1044 1339 virtus
1060 1312 1091 1338 et
1111 1306 1266 1347 operatio.
1289 1325 1312 1328 —
1334 1304 1456 1341 Tettio,
1473 1314 1528 1336 au—

465 1357 626 1387 ctoritate:
655 1355 881 1394 Quaecumque
893 1353 984 1395 facit
1005 1353 1111 1383 Pater.

521 1401 628 1430 Minor
651 1399 826 1429 declaratur
849 1407 887 1428 ex
910 1396 1086 1427 differentia
1108 1396 1190 1426 inter
1212 1394 1331 1425 Filium
1354 1394 1415 1424 Dei
1437 1398 1529 1424 natu-

466 1445 588 1480 raliter‚,
609 1449 639 1474 et
662 1442 866 1483 adoptivum:
892 1442 967 1481 quia
989 1440 1042 1470 ille
1064 1440 1194 1482 genitus
1218 1448 1282 1469 non
1297 1438 1434 1480 factns3
1472 1438 1531 1468 iste

1580 950 1796 982 numeraliter.-
1824 950 1900 991 quia
1921 950 2084 990 generatio
2113 955 2162 980 est
2184 949 2318 990 duplex,
2347 948 2498 980 naturalis
2518 953 2553 980 et
2573 951 2644 990 'gra—

1578 995 1676 1032 tuita3
1707 994 1760 1026 illa
1789 995 1918 1035 propria
1942 996 1992 1025 est
2014 992 2116 1030 Filio:
2140 993 2219 1024 haec
2236 993 2394 1024 'convenit
2422 989 2646 1034 adoptivis-et

1580 1039 1619 1070 ad
1642 1039 1745 1071 facere
1767 1039 1898 1079 spectat,
1922 1042 1970 1069 est
1989 1039 2076 1068 enirn
2097 1036 2235 1073 faciendi
2258 1035 2416 1078 'quaedam
2439 1036 2571 1078 species.
2622 1035 2625 1037 ’

1635 1082 1672 1114 11.
1697 1082 1733 1114 l'n
1746 1076 2011 1124 responsionibus
2026 1085 2298 1123 argumentor-uin,
2318 1082 2482 1117 memento
2499 1078 2646 1117 meten·-

1579 1129 1641 1161 tiae
1657 1129 1738 1159 inter
1747 1126 1921 1168 proprium
1937 1131 1969 1158 et
1983 1124 2229 1168 appropffatum
2244 1127 2277 1156 *ι
2303 1131 2334 1156 et
2355 1125 2476 1156 videbis
2498 1119 2646 1166 adesam
2674 1124 2684 1136 ¹

1578 1176 1655 1203 nem
1677 1174 1821 1202 nostram
1843 1178 1912 1202 non
1934 1171 2097 1212 propriam
2120 1168 2215 1201 alicui
2236 1173 2394 1211 personae
2417 1167 2558 1206 divinae,
2588 1166 2647 1204 su

1580 1222 1791 1247 communem
1813 1215 1930 1252 tribus;
1958 1214 2194 1257 appropriatam
2218 1218 2326 1246 autem
2347 1212 2432 1244 Patri
2454 1218 2491 1244 ut
2512 1212 2646 1250 auctori,

1581 1264 1613 1291 et
1626 1258 1701 1291 ideo
1717 1260 1918 1301 peculiariter
1932 1258 2047 1291 dicimr
2061 1259 2131 1300 ipse
2140 1258 2239 1290 Pater
2253 1263 2383 1295 nostem
2393 1256 2476 1288 Filio
2489 1260 2525 1288 ut
2536 1258 2647 1288 *exem*

1581 1304 1670 1345 plari,
1686 1308 1718 1335 et
1740 1302 1814 1334 ideo
1830 1302 1949 1334 &ater
1971 1308 2089 1340 noster,
2107 1302 2197 1343 quasi
2220 1302 2339 1338 similis,
2356 1301 2599 1333 conmunicatis
2610 1300 2647 1332 ih

1582 1349 1673 1380 Patre
1689 1349 1722 1385 *;
1752 1347 1884 1388 Spiritui
1906 1347 2024 1378 Sancto
2040 1353 2076 1378 ut
2092 1347 2182 1388 quasi
2206 1346 2368 1377 executori
2389 1346 2423 1376 in
2439 1355 2499 1376 suo
2530 1353 2647 1386 appro·
2673 1352 2684 1363 ·

1582 1393 1695 1433 priato,
1713 1391 1802 1432 quod
1826 1397 1872 1422 est
1895 1392 2015 1428 caritas,
2033 1401 2096 1431 qua
2119 1400 2230 1421 sumus
2251 1390 2308 1421 filii
2323 1390 2401 1426 Dei;
2425 1395 2457 1420 et
2481 1388 2555 1420 ideo
2576 1388 2647 1430 Spi-
2673 1409 2684 1420 .
2702 1383 2726 1406 Ρ·
2739 1382 2766 1405 “’

1582 1437 1660 1468 ritus
1684 1436 1818 1467 Sanctus
1842 1435 1956 1467 dicitur
1979 1435 2119 1477 Spiritus
2141 1434 2324 1476 adoptionis
2337 1434 2490 1476 filiorum
2506 1434 2532 1464 *.

1272 1608 1592 1652 ARTICULUS
1619 1607 1850 1650 TERTIUS

902 1712 1060 1745 UTRUM
1083 1710 1305 1743 ADOPTARI
1329 1709 1396 1742 srr
1419 1708 1640 1741 PRomeM
1663 1706 1927 1740 RA‘rtoNALis
1949 1704 2216 1740 CREATURAE

1241 1798 1272 1822 111
1292 1798 1375 1828 Sem„
1396 1797 1455 1823 dist.
1473 1805 1496 1827 x.
1516 1805 1561 1830 qu.
1580 1803 1607 1828 n,
1627 1801 1674 1822 art.
1694 1803 1718 1828 2,
1737 1796 1787 1830 qu·
1809 1803 1832 1827 ι,
1854 1803 1878 1822 a.

488 2036 613 2085 1¹5³*
637 2039 668 2081 X:
679 2053 786 2082 turae
801 2043 992 2082 rationalis
1006 2041 1142 2080 dicitur
1153 2047 1170 2063 ²
1189 2041 1261 2078 nisi
1274 2053 1345 2091 per
1358 2039 1530 2090 adoptio-

469 2111 571 2136 nem.
610 2097 758 2135 Dicitur
784 2105 915 2134 autem
942 2097 1054 2134 Pater
1081 2102 1275 2132 creaturae
1299 2092 1413 2131 etiam
1442 2091 1531 2130 irra-

469 2150 637 2189 tionalis:
677 2150 892 2188 secundum
927 2147 1020 2186 illud
1047 2149 1117 2185 Iob
1135 2159 1266 2184 xxxvm
1290 2146 1328 2183 *ε
1360 2147 1455 2188 Quis
1481 2151 1533 2182 est

464 2204 616 2255 pluviae
640 2203 782 2241 Pater?
807 2203 883 2240 Aut
902 2203 980 2251 quis
997 2202 1126 2251 genuit
1143 2199 1256 2237 stillas
1275 2197 1402 2236 roris?
1429 2198 1531 2247 Ergo

470 2256 643 2307 adoptari
671 2268 752 2294 non
780 2263 835 2292 est
862 2253 1064 2304 proprium
1092 2251 1284 2291 rationalis
1307 2258 1476 2289 naturae.

525 2322 559 2346 2.
590 2310 821 2354 PRAETEREA‚
850 2319 920 2357 per
938 2306 1188 2356 adoptionem
1216 2305 1396 2343 dicuntur
1416 2303 1533 2353 aliqui

468 2362 537 2400 filii
556 2361 639 2399 Dei.
670 2361 746 2399 Sed
770 2373 851 2397 esse
870 2360 969 2397 filios
988 2357 1060 2397 Dei
1088 2358 1128 2396 in
1154 2358 1352 2407 'Scriptura
1376 2355 1532 2406 proprie

469 2414 621 2463 videtur
648 2413 800 2451 attribui
828 2411 986 2461 angelis:
1017 2411 1234 2449 secundum
1262 2410 1355 2448 illud
1382 2410 1451 2447 Iob
1466 2422 1476 2446 1
1494 2409 1531 2446 *ε

476 2467 649 2511 Quadam
677 2472 799 2504 autem
828 2467 903 2512 die,
933 2477 1018 2502 cum
1046 2465 1253 2502 assisterent
1268 2463 1349 2512 filii
1373 2462 1448 2500 Dei
1473 2475 1533 2500 co-

471 2533 553 2558 ram
582 2521 758 2558 Domino.
794 2520 894 2567 Ergo
923 2530 1004 2555 non
1032 2525 1087 2556 est
1114 2515 1316 2567 proprium
1344 2514 1535 2554 rationalis

471 2580 666 2611 creaturae
694 2571 879 2621 adoptari.

553 2625 587 2662 3.
617 2626 850 2670 PRAETEREA,
880 2623 988 2672 quod
1016 2630 1071 2660 est
1098 2621 1301 2672 proprium
1329 2621 1442 2659 alicui
1469 2633 1534 2659 na-

471 2684 590 2724 turae,
620 2677 801 2715 convenit
828 2675 1011 2714 omnibus
1038 2674 1269 2713 habentibus
1297 2682 1476 2712 naturam
1495 2674 1535 2711 il-

472 2735 566 2770 lam:
597 2730 694 2768 sicut
722 2729 859 2767 risibile
888 2728 1068 2766 convenit
1091 2727 1274 2765 omnibus
1297 2726 1534 2765 hominibus.

474 2785 549 2823 Sed
578 2782 750 2832 adoptari
778 2794 858 2819 non
886 2781 1065 2819 convenit
1093 2781 1201 2819 omni
1226 2779 1241 2810 β
1269 2780 1442 2818 rationali
1470 2792 1535 2818 na-

472 2846 590 2875 turae.
621 2837 721 2884 Ergo
750 2835 923 2884 adoptari
951 2846 1031 2871 non
1050 2842 1105 2872 est
1122 2833 1326 2884 proprium
1346 2833 1536 2871 rationalis

473 2897 642 2927 naturae.

486 2988 491 2991 Α
528 2941 602 2979 SED
630 2953 774 2979 CONTRA
802 2953 867 2978 EST
891 2940 998 2990 quod
1026 2939 1093 2978 filii
1122 2938 1291 2989 adoptati
1318 2947 1406 2977 sunt
1432 2939 1536 2976 here-

475 2996 537 3032 des
564 2988 646 3040 Dei,
667 3002 709 3031 ut
736 3001 838 3043 patet
855 2990 966 3031 Rom.
987 3005 1044 3030 vm
1063 2992 1093 3029 ³⁸.
1132 2985 1208 3030 Sed
1236 2992 1320 3029 talis
1348 2991 1537 3030 hereditas

476 3046 653 3085 convenit
681 3047 751 3083 soli
780 3054 973 3083 creaturae
1000 3044 1183 3083 rationali.
1212 3044 1316 3093 Ergo
1335 3044 1537 3095 proprium

477 3099 666 3137 rationalis
694 3106 887 3136 creaturae
915 3107 970 3136 est
998 3098 1072 3136 ado
1101 3098 1182 3136 tari.

528 3152 752 3190 ResPoNnEo
780 3163 961 3188 mcENDUM
990 3110 1109 3200 quog
1139 3150 1236 3188 sicut
1262 3150 1409 3188 dictu-m
1433 3157 1488 3187 est
1505 3149 1537 3197 ²¹²,

478 3203 606 3241 filiatio
635 3202 851 3251 adoptionis
879 3211 934 3240 est
953 3203 1145 3251 quaedam
1164 3203 1372 3240 similitudo
1391 3201 1538 3241 filiatio-

479 3256 536 3293 nis
564 3254 755 3293 naturalis.
796 3253 915 3291 Filius
943 3262 1072 3292 autem
1100 3255 1172 3292 Dei
1207 3256 1424 3293 naturaliter
1451 3263 1539 3306 pro-

480 3307 577 3346 cedit
596 3320 619 3344 a
637 3308 746 3344 Patre
767 3313 810 3342 ut
827 3305 1002 3343 Verbum
1021 3303 1280 3355 intellectuale„
1301 3320 1427 3346 unum
1447 3320 1539 3346 cum

482 3360 563 3408 ipso
592 3358 701 3396 Patre
730 3357 902 3395 existens.
946 3357 1047 3395 Huic
1073 3371 1164 3406 ergo
1191 3358 1320 3398 Verbo
1349 3360 1540 3411 tripliciter

483 3419 604 3460 potest
631 3410 773 3461 aliquid
801 3408 1008 3448 assimilari.
1035 3405 1125 3447 Uno
1146 3411 1304 3460 quidem
1323 3412 1454 3460 modo,
1484 3425 1540 3450 se-

483 3464 654 3500 cundum
675 3462 861 3500 rationem
880 3462 1037 3507 formae,
1067 3474 1145 3498 non
1168 3471 1297 3500 autem
1325 3465 1538 3502 secundum

538 3591 566 3626 α)
585 3592 671 3618 Non...
692 3593 797 3619 dicitur.
810 3608 828 3612 -
840 3590 900 3619 Non
921 3593 990 3618 enlm
1010 3591 1108 3618 dtci‘eur
1124 3591 1194 3617 Deus
1209 3593 1289 3618 Pater
1307 3594 1447 3620 'creaturae
1460 3595 1540 3620 tertia.
1565 3595 1569 3621 Ι

1584 1881 1943 1920 intellectualitatem
1970 1881 2107 1932 ipsius:
2141 1878 2238 1920 sicut
2264 1883 2389 1922 forma
2417 1881 2560 1925 domus
2585 1897 2650 1925 ex·-

1584 1933 1700 1972 terius
1728 1933 1952 1972 constitutae
1980 1934 2208 1973 assimilatur
2234 1931 2355 1974 verbo
2384 1929 2540 1980 mentali
2566 1933 2650 1978 arti-

1585 1986 1668 2025 ficis
1696 1986 1913 2025 secundum
1941 1987 2109 2039 speciem
2137 1989 2294 2036 formae,
2323 2001 2404 2027 non
2433 1996 2564 2028 autem
2588 2003 2648 2033 se-

1586 2040 1760 2077 cundum
1788 2038 2142 2087 intelligibilitatem,
2171 2040 2263 2090 quia
2289 2042 2414 2079 forma
2441 2043 2584 2082 domus
2606 2038 2650 2083 'in

1586 2092 1744 2130 materia
1770 2105 1852 2130 non
1879 2100 1935 2129 est
1962 2093 2213 2142 intelligibilis,
2242 2094 2339 2132 sicut
2357 2102 2436 2133 erat
2462 2095 2503 2135 in
2516 2103 2650 2135 men'te

1586 2144 1749 2182 artificis.
1779 2144 1828 2182 Et
1855 2145 1930 2182 hoc
1951 2146 2071 2183 modo
2099 2144 2229 2184 Verbo
2245 2154 2404 2185 aeterno
2423 2143 2652 2189 assimilatur

1586 2196 1779 2248 quaelibet
1806 2205 1996 2236 creatura:
2026 2211 2118 2236 cum
2145 2198 2191 2236 sit
2208 2199 2306 2237 facta
2330 2212 2402 2250 per
2419 2201 2604 2241 Verbum.
2624 2220 2651 2231 ⁶-

1588 2249 1782 2297 Secundo,
1811 2249 2040 2288 assimilatur
2059 2259 2233 2290 creatura
2251 2250 2394 2299 Verbo,
2423 2261 2504 2292 non
2522 2256 2652 2298 solum

1586 2311 1778 2353 quantum
1805 2303 1855 2340 ad
1882 2302 2071 2342 rationem
2098 2299 2263 2356 formae,
2291 2306 2360 2345 sed
2382 2305 2503 2355 <etiam
2529 2319 2651 2358 quaa—

1586 2364 1671 2394 tum
1707 2355 1758 2408 ad
1793 2355 2151 2395 intellectualitatem
2186 2357 2326 2407 ipsius:
2363 2357 2461 2397 sicus
2496 2354 2652 2404 scient‘n

1588 2421 1687 2459 quae
1722 2409 1766 2446 fit
1799 2409 1840 2446 in
1873 2417 2001 2447 mente
2036 2404 2229 2460 discipuli,
2267 2407 2496 2450 assimilatur
2528 2408 2650 2453 verbo

1588 2462 1696 2512 quod
1724 2469 1780 2499 est
1807 2462 1846 2499 in
1874 2470 2003 2500 mente
2031 2456 2209 2512 magistri.
2239 2459 2287 2500 Et
2311 2456 2391 2502 hoc
2407 2464 2530 2504 modo
2548 2477 2651 2504 <rea—

1587 2523 1673 2552 tura
1700 2512 2294 2566 rationalis‚·etiam·secundum
2322 2529 2435 2555 suam
2462 2525 2650 2567 naturam,

1589 2566 1819 2605 assimilatur
1844 2562 1974 2606 ¹Verbo
2002 2567 2086 2606 Dei.
2116 2591 2141 2615 ss
2169 2565 2301 2607 Tertio
2336 2570 2476 2618 mode,
2509 2570 2652 2613 assimi-

1590 2622 1687 2659 latur
1709 2628 1880 2659 creatura
1897 2620 2027 2658 Verbo
2047 2628 2202 2659 aeterno
2231 2623 2448 2660 secundum
2466 2615 2652 2664 unitatem

1590 2686 1709 2724 quam
1746 2673 1862 2712 habet
1895 2670 1945 2722 ad
1971 2667 2143 2720 Patrem,
2181 2675 2288 2724 quod
2320 2675 2479 2725 quidem
2513 2675 2558 2714 fit
2581 2681 2654 2727 p’er

1589 2726 1748 2775 gratiam
1776 2734 1813 2763 et
1840 2726 2051 2779 caritatem:
2081 2727 2186 2764 unde
2213 2723 2406 2767 Dominus
2433 2730 2651 2778 orat,.loan.

1588 2792 1659 2817 xvn
1677 2778 1715 2816 *z
1746 2780 1825 2816 Sint
1852 2776 1968 2816 unu‘m
1996 2781 2035 2829 iu
2051 2782 2175 2827 nobis,
2202 2782 2295 2818 sicut
2312 2787 2346 2818 et
2365 2794 2432 2820 nos
2458 2794 2575 2823 unum
2591 2795 2652 2821 su—
2679 2790 2690 2802 ⁸

1590 2845 1682 2870 mus.
1725 2831 1774 2869 Et
1807 2831 1888 2869 talis
1917 2827 2135 2870 assimilatio
2162 2833 2310 2882 perficit
2341 2834 2529 2877 rationem
2560 2829 2652 2875 ado-

1590 2884 1749 2936 ptionis:
1779 2885 1870 2934 quia
1898 2885 1951 2922 sic
1969 2885 2180 2926 assimilatis
2205 2881 2367 2925 debetur
2384 2881 2653 2927 hereditas-ae-

1590 2946 1707 2976 terna.

1642 2984 1755 3028 Unde
1784 2985 2029 3042 manifestum
2057 2999 2112 3041 est
2139 2988 2247 3042 quod
2271 2992 2447 3042 adoptari
2473 2984 2654 3042 conver&

1590 3043 1661 3093 soli
1695 3051 1890 3081 creaturae
1922 3043 2112 3082 rationali:
2150 3056 2232 3082 non
2265 3052 2395 3082 tamen
2428 3044 2556 3093 omni,
2583 3045 2652 3085 sed

1592 3096 1717 3134 solum
1747 3095 1903 3134 habenti
1926 3096 2130 3135 caritatem.
2160 3097 2272 3145 Quae
2291 3104 2344 3136 est
2359 3097 2497 3148 diffusa
2511 3099 2551 3136 in
2569 3110 2652 3137 cor-

1591 3149 1696 3188 dibus
1731 3150 1864 3187 nostris
1894 3162 1967 3200 per
2000 3147 2178 3200 Spiritum
2212 3152 2409 3198 Sanctum,
2444 3157 2487 3189 ut
2517 3150 2654 3191 dicitiu-

1591 3201 1703 3240 Rom.
1724 3214 1748 3239 v
1766 3200 1796 3239 ²¹².
1826 3202 1876 3240 Et
1902 3201 2002 3248 ideo,
2021 3204 2133 3240 Rom.
2153 3215 2211 3240 vm
2228 3199 2280 3250 *ξ

1593 3254 1730 3294 dicitur
1756 3255 1912 3305 Spiritus
1938 3251 2144 3306 adoptionis
2157 3255 2345 3304 filiorum.

1647 3304 1704 3345 An
1732 3319 1867 3346 nmmum
1895 3318 1993 3346 ERGO
2026 3320 2206 3346 mci-:NDUM
2241 3308 2348 3359 quod
2375 3304 2482 3346 Deus
2517 3304 2655 3348 dicim

1594 3362 1705 3398 Pater
1730 3368 1925 3398 creaturae
1953 3361 2187 3410 irrationalis,
2216 3373 2296 3399 non
2320 3361 2478 3412 proprie
2505 3373 2575 3412 per
2585 3362 2655 3400 vad·

1595 3412 1804 3463 optionem‚
1820 3413 1887 3451 sed
1900 3425 1971 3464 per
1983 3413 2234 3452 creationem:
2254 3415 2469 3453 secundum
2486 3426 2655 3465 primam

1594 3465 1924 3515 participationem
1952 3465 2206 3504 similitudinis
2225 3464 2255 3504 ²¹¹.

1648 3595 1675 3629 β)
1694 3596 1775 3622 omni.
1793 3611 1813 3616 -
1830 3596 1851 3621 F
1871 3599 1896 3622 'et
1915 3597 2003 3629 terti-5
2018 3596 2139 3630 proprie.

2301 3202 2462 3254 Spiritus
2489 3203 2653 3243 Sancms
2679 3207 2703 3245 ζ.
2715 3230 2739 3254 v
