2872 3970
93 946 138 1016 sict.
152 979 191 1002 qu.
200 979 240 1000 v,n
249 973 288 995 ln-

72 1905 89 1952 ἶ
106 1918 154 1948 Qu.
161 1926 202 1947 vn,
213 1923 254 1942 art
265 1926 293 1948 9·

74 1955 108 1972 ·-·.
137 1953 160 1969 ιιι
174 1953 226 1975 nqq

179 1983 196 2000 α

72 2323 122 2365 ᾖε
153 2340 256 2389 exvlnl,
265 2341 294 2362 at.

79 2366 87 2384 '‹
105 2346 145 2396 vti,
159 2373 209 2395 cap.
243 2373 259 2389 1.

26 2866 30 2873 ³
84 2877 97 2895 μ
109 2862 176 2888 Vm.
190 2872 224 2888 2².

75 3258 180 3305 :Vei-⁸.
195 3289 216 3311 ε,
229 3290 250 3312 3.

82 2182 98 2220 J
108 2185 156 2215 Qu.
170 2192 202 2214 ix,
217 2190 258 2208 nrt.
273 2179 293 2208 2.

1017 272 1280 319 QUAESTto
1310 272 1413 319 xlv,
1443 271 1733 309 ARTICULUS
1761 273 1775 308 1

2413 285 2482 321 179

854 514 1261 591 QUAESTIO
1298 513 1946 590 DECIMAQUARTA

724 633 807 674 DE
839 632 1217 674 DEFECTIBUS
1252 632 1549 673 CORPORIS
1583 632 1747 684 QUOS
1782 633 2078 675 CHRISTUS

892 695 951 735 IN
987 694 1253 735 HUMANA
1285 694 1542 735 NATURA
1575 693 1912 736 ASSUMPSIT

1103 810 1137 835 lN
1166 810 1336 840 QUATUOR
1363 809 1563 834 ARTICULOS
1590 810 1701 834 DIVISA

319 923 507 1025 Damna
535 912 860 950 considerandum
885 920 939 949 est
964 913 1013 949 de
1039 911 1248 949 defectibus
1274 923 1374 960 quos
1399 913 1403 961 l

402 966 575 1004 Christus
602 966 643 1003 in
670 966 844 1002 humana
869 973 1005 1002 natura
1029 964 1235 1013 assumpsit
1260 963 1290 1000 ²¹⁹.
1327 962 1403 1000 Et

317 1018 456 1068 primo,
486 1019 534 1056 de
568 1018 777 1055 defectibus
805 1018 995 1067 corporis;
1026 1018 1208 1068 secundo,
1239 1017 1286 1054 de
1312 1017 1375 1053 de-

316 1071 476 1109 fectibus
504 1071 656 1108 animae
675 1070 707 1108 ²¹⁶.

319 1124 430 1162 Circa
455 1124 627 1173 primum
654 1131 893 1173 quaeruntur
919 1131 1096 1172 quatuor.

371 1177 523 1214 Primo:
559 1184 689 1213 utrum
718 1175 835 1213 Filius
870 1176 942 1213 Dei
976 1188 1172 1212 assumere
1205 1175 1379 1213 debuerit
1405 1187 1407 1212 l

423 1229 463 1266 in
491 1230 664 1266 humana
691 1236 826 1266 natura
853 1228 1025 1278 corporis
1053 1229 1232 1266 defectus.

1483 911 1686 948 Secundo:
1716 920 1846 949 utrum
1875 913 2121 962 assumpserit
2149 914 2410 951 necessitatem
2429 915 2489 952 his

1539 993 1746 1030 defectibus
1775 994 2006 1031 subiacendi.

1484 1072 1636 1109 Tertio:
1667 1080 1797 1109 utrum
1825 1074 1897 1109 hos
1925 1073 2092 1110 defectus
2120 1074 2354 1110 contraxerit.

1487 1151 1656 1198 Quarto:
1686 1159 1816 1188 utrum
1837 1163 1972 1187 omnes
1992 1151 2215 1188 huiusmodi
2243 1153 2410 1189 defectus
2433 1165 2490 1189 as-

1541 1231 1756 1280 sumpserit.

1127 1338 1444 1382 ARTICULUS
1475 1340 1680 1382 PRIMUS

385 1430 542 1462 UTRUM
565 1430 702 1462 FILIUS
724 1430 796 1461 DEI
819 1430 1039 1462 DEBUERIT
1062 1430 1289 1462 ASSUMERE
1313 1432 1530 1463 NATURAM
1553 1433 1779 1464 HUMANAM
1803 1433 1898 1464 CUM
1922 1433 2134 1464 conpoms
2157 1433 2426 1464 DEFEcrlssus

689 1509 720 1533 111
740 1509 822 1538 Sent„
843 1509 901 1534 dist.
920 1516 960 1538 xv,
979 1516 1023 1541 qu.
1042 1516 1059 1538 1,
1079 1514 1126 1534 art.
1146 1516 1176 1540 1;
1195 1510 1229 1534 IV
1251 1510 1326 1535 Cone.
1347 1511 1435 1540 Gent„
1455 1518 1510 1544 cap.
1530 1519 1583 1542 uu,
1602 1519 1647 1542 Lv;
1670 1512 1813 1544 Compend.
1836 1511 1933 1541 Titeol„
1953 1519 2007 1544 cap.
2027 1519 2125 1536 ccxxv1.

387 1610 414 1624 ³
503 1613 508 1621 ›
528 1607 551 1632 D
580 1607 726 1632 ptumum·
743 1607 795 1632 stc
823 1606 1057 1631 PROCEDrrUR.
1086 1594 1246 1632 Videtur
1270 1596 1377 1644 quod

446 1634 503 1693 Ψ,
529 1647 649 1684 Filius
677 1646 750 1684 Dei
777 1659 857 1684 non
886 1647 1018 1684 debuit
1045 1660 1240 1684 assumere
1269 1655 1377 1685 natu-

338 1655 392 1750 ’,ρ
387 1726 409 1742 ,
398 1713 458 1741 r,
531 1712 615 1738 ram
646 1701 861 1738 humanam
898 1712 989 1737 cum
1021 1701 1191 1760 corporis
1229 1701 1377 1737 defecti-

340 1746 360 1755 ”’
377 1743 466 1779 μὲ
516 1754 614 1790 bus.
645 1753 750 1790 Sicut
769 1753 873 1790 enim
893 1753 1023 1790 anima
1041 1754 1148 1790 unita
1175 1761 1230 1789 est
1249 1754 1377 1790 Verbo

319 1807 391 1845 Dei
409 1805 669 1855 personaliter.
690 1805 740 1843 ita
759 1814 795 1842 et
813 1818 965 1854 corpus.
996 1807 1073 1843 Sed
1091 1806 1221 1843 anima
1241 1806 1380 1842 Christi

319 1858 454 1896 habuit
490 1858 760 1895 omnimodam
797 1859 1090 1907 perfectionem,
1120 1867 1156 1894 et
1191 1866 1380 1906 quantum

319 1912 369 1949 ad
396 1910 552 1960 gratiam
583 1918 619 1946 et
647 1919 836 1960 quantum
864 1911 913 1947 ad
942 1911 1149 1957 scientiam,
1171 1918 1212 1947 ut
1231 1911 1381 1959 supra*

320 1964 466 2002 dietum
485 1971 550 2000 est.
581 1964 682 2011 Ergo
711 1963 825 2000 etiam
854 1976 995 2013 corpus
1015 1964 1096 2001 eius
1111 1969 1128 1984 α
1148 1963 1280 2000 debuit
1299 1975 1380 2000 esse

321 2017 503 2054 omnibus
522 2015 649 2052 modis
677 2016 899 2065 perfectum,
919 2018 1070 2053 nullum
1099 2016 1137 2052 in
1166 2029 1206 2052 se
1235 2017 1381 2053 habens

321 2070 522 2107 defectum.

376 2134 409 2159 2.
439 2123 674 2169 PRAETEREA,
704 2122 833 2158 anima
862 2121 1000 2158 Christi
1026 2121 1180 2158 videbat
1207 2123 1381 2159 Verbum

321 2174 394 2212 Dei
422 2187 467 2212 ea
494 2174 642 2211 visione
670 2186 748 2224 qua
775 2174 875 2211 beati
902 2174 1043 2221 vident,
1072 2182 1115 2211 ut
1142 2187 1258 2223 supra
1279 2174 1299 2196 ³³⁵
1327 2174 1381 2211 di-

322 2235 427 2264 ctum
456 2234 527 2264 est:
567 2235 603 2264 et
630 2227 683 2264 sic
711 2226 839 2264 anima
869 2226 1007 2264 Christi
1040 2234 1118 2264 erat
1145 2227 1266 2264 beata.
1306 2228 1382 2264 Sed

322 2292 369 2317 ex
395 2279 629 2317 beatitudine
657 2279 808 2316 animae
836 2279 1069 2327 glorificatur
1096 2292 1254 2328 corpus:
1294 2279 1383 2317 dicit

323 2332 427 2369 enim
454 2332 709 2380 Augustinus,
739 2331 778 2368 in
810 2332 981 2381 Epistola
1017 2333 1068 2369 ad
1101 2334 1325 2370 Dioscorum
1344 2333 1381 2369 *ε

326 2387 421 2423 Tam
443 2387 587 2434 potenti
604 2391 738 2422 natura
764 2386 866 2422 Deus
874 2386 969 2433 fecit
996 2387 1164 2422 animam
1184 2391 1221 2421 ut
1239 2398 1289 2422 ex
1306 2387 1383 2422 eius

316 2439 532 2488 plenissima
560 2438 781 2475 beatitudine
815 2438 992 2474 redundet
1025 2440 1134 2475 etiam
1167 2440 1204 2475 in
1234 2439 1383 2486 issnferzo

323 2503 402 2528 rem
422 2496 608 2537 naturam,
629 2503 724 2540 quae
741 2496 793 2527 est
811 2503 957 2539 corpus,
979 2503 1052 2527 non
1075 2491 1269 2536 beatitudo,
1290 2503 1384 2540 quae

312 2545 477 2592 fruentis
508 2549 541 2580 et
557 2544 800 2593 intelligentis
827 2549 878 2580 est
899 2545 1079 2592 propria,
1107 2544 1172 2580 sed
1192 2544 1383 2592 plenitudo

321 2597 496 2642 sanitatis,
526 2596 614 2633 idest
641 2597 927 2645 incorruptionis
951 2598 1072 2645 vigor.
1103 2596 1255 2645 Corpus
1273 2596 1384 2644 igitur

325 2648 463 2686 Christi
499 2648 568 2685 fuit
595 2648 900 2698 incorruptibile,
930 2656 966 2685 et
993 2649 1138 2698 absque
1176 2649 1283 2686 omni
1318 2650 1382 2686 de-

322 2702 433 2738 fectu.

379 2754 412 2790 3.
442 2754 672 2800 PRAETEREA,
692 2765 820 2802 poena
844 2754 1091 2803 consequitur
1109 2755 1274 2803 culpam.
1306 2755 1383 2792 Sed

323 2807 362 2844 in
392 2805 542 2843 Christo
571 2818 651 2842 non
677 2805 746 2842 fuit
773 2805 900 2855 aliqua
928 2808 1060 2855 culpa:
1098 2807 1313 2844 secundum
1342 2807 1382 2844 il-

323 2859 391 2896 lud
414 2860 428 2895 I
448 2860 526 2896 Pet.
547 2871 568 2895 11
586 2858 624 2895 *:
659 2859 735 2900 Qui
750 2865 940 2907 peccatum
961 2871 1034 2896 non
1053 2860 1158 2907 fecit.
1188 2861 1289 2908 Ergo
1311 2873 1383 2897 nec

323 2912 492 2949 defectus
520 2912 748 2960 corporales,
768 2911 836 2959 qui
854 2918 942 2948 sunt
959 2913 1152 2960 poenales,
1173 2912 1212 2949 in
1234 2925 1280 2949 eo
1300 2925 1382 2949 esse

324 2965 550 3002 debuerunt.

377 3030 413 3065 4.
443 3018 673 3063 PRAETEREA,
694 3017 822 3052 nullus
850 3016 999 3064 sapiens
1027 3016 1185 3053 assumit
1213 3017 1251 3053 id
1275 3018 1382 3066 quod

323 3069 484 3119 impedit
502 3070 609 3106 illum
629 3082 651 3106 a
669 3068 826 3117 proprio
845 3067 934 3104 fine.
965 3068 1041 3105 Sed
1066 3081 1136 3117 per
1157 3069 1382 3110 huiusmodi

325 3123 492 3160 defectus
520 3122 737 3172 corporales
756 3120 1010 3169 multipliciter
1027 3121 1178 3157 videtur
1205 3122 1381 3171 impediri

324 3175 412 3212 finis
440 3173 718 3212 incarnationis.
748 3173 878 3209 Primo
906 3173 1079 3221 quidem,
1110 3174 1200 3222 quia
1226 3182 1382 3223 propter

325 3227 549 3265 huiusmodi
583 3226 818 3264 infirmitates
855 3225 1034 3261 homines
1060 3225 1108 3262 ab
1137 3225 1218 3262 eius
1255 3227 1381 3274 cogni-

324 3280 428 3318 tione
447 3280 769 3330 impediebantur:
791 3278 1005 3315 secundum
1024 3277 1117 3314 illud
1135 3278 1250 3315 Isaiae
1271 3291 1327 3315 Lm
1345 3279 1379 3316 ²¹⁵:

325 3334 623 3371 Desideravimus
651 3345 757 3376 eum‚·
783 3332 988 3381 despectum
1007 3336 1040 3366 et
1068 3332 1304 3367 novissimum
1332 3333 1381 3368 vi-

326 3397 475 3432 rorum,
503 3388 625 3423 virum
654 3386 823 3422 dolorum
852 3389 886 3420 et
910 3385 1081 3420 scientem
1114 3384 1379 3431 infirmitatem,

379 3524 407 3558 α)
425 3531 521 3556 corpus
545 3525 609 3550 etus.
626 3539 646 3543 —
663 3525 720 3549 FsC
740 3529 764 3548 et
782 3524 868 3553 tertia3
891 3527 916 3548 et
934 3529 1030 3555 corpus
1053 3523 1109 3547 eius
1127 3523 1156 3553 E,
1176 3523 1261 3554 ipsum
1286 3529 1382 3555 corpus

327 3564 386 3584 ante
404 3560 525 3585 omnibus
543 3561 583 3585 ed.
602 3567 627 3590 a,
647 3568 699 3585 om.
720 3559 805 3584 ceteri.

1431 1602 1464 1632 et
1491 1599 1597 1645 quasi
1622 1598 1853 1634 absconditus
1880 1597 1963 1634 est?3
1990 1599 2108 1635 vultus
2136 1611 2212 1635 etus
2231 1605 2263 1635 et
2286 1600 2492 1647 despectus;

1433 1650 1530 1686 unde
1558 1662 1625 1686 nec
1653 1652 1902 1699 reputavimus
1929 1663 2023 1687 eum.
2062 1651 2259 1697 Secundo,
2289 1651 2380 1700 quia
2408 1664 2491 1688 san-

1433 1697 1584 1738 ctorum
1613 1704 1771 1740 Patrum
1794 1703 2026 1739 desiderium
2054 1715 2134 1739 non
2153 1680 2304 1740 videtur
2331 1703 2490 1752 impleri,

1434 1767 1480 1791 ex
1499 1767 1666 1803 quorum
1687 1767 1853 1803 persona
1873 1755 2009 1792 dicitur
2030 1755 2145 1792 Isaiae
2166 1756 2250 1792 L1*:
2284 1757 2490 1806 Consurge,
2519 1769 2529 1780 ·
2567 1775 2601 1790 ers

1434 1819 1630 1856 consurge,
1651 1808 1803 1844 induere
1811 1809 2084 1866 fortitudinem,
2104 1810 2307 1844 Brachium
2328 1810 2491 1846 Domini.

1434 1859 1577 1905 Tertio,
1598 1859 1689 1908 quia
1714 1860 1984 1907 congruentius
2003 1873 2072 1908 per
2090 1860 2349 1897 fortitudinem
2375 1874 2493 1910 quam

1434 1924 1504 1960 per
1527 1912 1787 1948 infirmitatem
1806 1912 2009 1949 videbatur
2026 1921 2192 1961 potestas
2221 1913 2360 1950 diaboli
2381 1926 2493 1962 posse

1436 1964 1618 2013 superari,
1640 1972 1675 2001 et
1694 1966 1867 2001 humana
1886 1965 2085 2002 infirmitas
2107 1978 2219 2014 posse
2239 1966 2373 2003 sanari.
2403 1968 2493 2003 Non

1436 2029 1525 2064 ergo
1554 2017 1705 2054 videtur
1732 2030 1831 2054 conv
1835 2017 1966 2054 eniens
1997 2018 2111 2054 fuisse
2140 2019 2246 2067 quod
2279 2018 2395 2055 Filius
2424 2020 2495 2056 Dei

1436 2071 1650 2107 humanam
1682 2078 1858 2107 naturam
1893 2071 2139 2119 assumpserit
2167 2083 2256 2107 cum
2292 2073 2495 2120 corporali-

1437 2123 1510 2159 bus
1538 2122 1821 2159 infirmitatibus
1850 2123 1929 2159 sive
1958 2124 2175 2160 defectibus.

1491 2176 1564 2212 SED
1594 2187 1737 2212 CONTRA
1766 2188 1830 2212 EST
1858 2176 1965 2224 quod
1993 2176 2130 2212 dicitur
2156 2177 2347 2214 Heh.11*:
2377 2179 2423 2214 In
2453 2190 2495 2214 eo
2524 2184 2533 2194 ⁸
2570 2189 2606 2204 ers
2633 2191 2639 2205 ¹

1437 2229 1474 2264 in
1505 2240 1575 2277 quo
1598 2239 1730 2277 passus
1749 2234 1799 2264 est
1818 2230 1894 2277 ipse
1921 2235 1954 2265 et
1980 2234 2144 2275 tentatus,
2159 2235 2291 2278 potens
2311 2235 2361 2266 est
2389 2236 2421 2266 et
2446 2232 2496 2267 eis

1438 2283 1501 2330 qui
1526 2287 1711 2317 tentantur
1738 2281 1926 2318 auxiliari.
1957 2281 2033 2318 Sed
2061 2281 2110 2318 ad
2135 2282 2211 2318 hoc
2230 2282 2333 2318 venit
2356 2290 2398 2319 ut
2425 2295 2495 2319 nos

1437 2333 1655 2370 adiuvaret:
1685 2333 1789 2369 unde
1813 2341 1849 2369 et
1868 2333 1993 2370 David
2014 2333 2162 2370 dicebat
2180 2334 2215 2370 *2
2246 2336 2387 2372 Levavi
2412 2347 2494 2371 ocu·
2523 2345 2532 2355 ·

1437 2387 1491 2423 Ios
1518 2395 1619 2422 meos
1646 2388 1682 2422 in
1711 2392 1873 2431 montes,
1903 2387 1999 2422 unde
2025 2388 2143 2423 veniet
2179 2387 2360 2423 auxilium
2393 2389 2493 2424 mihi.

1438 2440 1539 2487 Ergo
1577 2438 1811 2475 conveniens
1848 2438 1917 2475 fuit
1944 2439 2050 2487 quod
2087 2438 2204 2475 Filius
2232 2439 2303 2475 Dei
2340 2451 2494 2476 carnem

1438 2491 1684 2540 assumpserit
1711 2497 1726 2519 Υ
1763 2491 1943 2528 humanis
1980 2490 2261 2527 infirmitatibus
2298 2492 2494 2529 subiacen-

1437 2552 1527 2590 tem,
1557 2552 1599 2581 ut
1626 2544 1664 2580 in
1693 2556 1737 2580 ea
1765 2551 1893 2593 posset
1920 2543 1997 2592 pati
2025 2552 2061 2580 et
2087 2543 2231 2590 tentari,
2253 2545 2288 2580 et
2310 2544 2362 2580 sic
2390 2545 2494 2581 auxi-

1437 2596 1533 2633 lium
1562 2597 1672 2633 nobis
1701 2598 1807 2633 ferre.

1491 2651 1715 2686 RESPONDEO
1743 2661 1924 2686 DtCENDUM
1953 2649 2185 2686 conveniens
2212 2649 2325 2685 fuisse
2354 2661 2494 2697 corpus

1438 2709 1679 2751 assumptum
1709 2715 1730 2739 a
1758 2702 1853 2738 Filio
1891 2701 1963 2738 Dei
2000 2702 2178 2738 humanis
2213 2701 2494 2739 infirmitatibus

1438 2763 1474 2791 et
1493 2754 1700 2791 defectibus
1720 2754 1934 2791 subiacere:
1964 2762 1999 2790 et
2018 2754 2221 2803 praecipue
2240 2761 2395 2802 propter
2412 2754 2492 2791 tria.

1438 2807 1568 2844 Primo
1597 2807 1775 2855 quidem,
1805 2807 1895 2855 quia
1923 2807 1971 2842 ad
2006 2807 2081 2843 hoc
2109 2806 2225 2843 Filius
2260 2806 2350 2853 Dei,
2380 2818 2493 2844 carne

1437 2867 1643 2908 assumpta,
1669 2859 1771 2895 venit
1798 2859 1837 2895 in
1865 2859 2068 2904 mundum,
2089 2865 2131 2894 ut
2149 2871 2219 2907 pro
2239 2866 2395 2907 peccato
2423 2860 2493 2896 hu-

1437 2912 1543 2949 mani
1570 2911 1716 2959 generis
1745 2911 1979 2948 satisfaceret.
2015 2912 2123 2947 Unus
2152 2918 2280 2947 autem
2308 2923 2378 2959 pro
2406 2924 2493 2960 pec-

1438 2972 1520 3001 cato
1550 2963 1700 3001 alterius
1729 2963 1902 3000 satisfacit
1940 2963 2035 2999 dum
2063 2975 2230 3011 poenam
2258 2971 2414 3011 peccato
2443 2966 2493 3001 al-

1436 3017 1551 3053 terius
1590 3016 1756 3052 debitam
1785 3016 1822 3051 in
1851 3015 2019 3063 seipsum
2055 3015 2219 3064 suscipit.
2258 3016 2492 3054 Huiusmodi

1437 3077 1566 3106 autem
1595 3069 1761 3104 defectus
1789 3069 2024 3116 corporales,
2055 3068 2191 3104 scilicet
2225 3080 2345 3113 mors,
2374 3069 2493 3106 fames

1437 3129 1473 3158 et
1501 3121 1587 3167 sitis,
1609 3128 1644 3156 et
1671 3120 1905 3166 huiusmodi,
1932 3128 2018 3156 sunt
2045 3132 2170 3169 poena
2203 3121 2356 3169 peccati,
2386 3123 2493 3170 quod

1437 3181 1491 3210 est
1519 3173 1557 3209 in
1586 3173 1779 3208 mundum
1807 3185 1876 3221 per
1899 3173 2024 3210 Adam
2052 3173 2329 3210 introductum:
2359 3185 2492 3211 secun-

1437 3226 1532 3262 dum
1561 3225 1653 3261 illud
1681 3226 1790 3261 Rom.
1810 3237 1834 3261 v
1852 3225 1889 3261 *z
1918 3227 1992 3262 Per
2019 3238 2134 3262 unum
2153 3227 2338 3262 hominem
2362 3238 2492 3275 pecca·
2520 3236 2529 3246 ·
2567 3241 2601 3256 ers
2627 3241 2649 3257 ιι

1435 3284 1512 3314 tum
1541 3279 1687 3314 intravit
1714 3279 1751 3314 in
1779 3278 1974 3324 mundum,
2004 3284 2037 3314 et
2058 3291 2131 3327 per
2151 3284 2344 3327 peccatum
2379 3291 2490 3316 mors.

1436 3330 1547 3368 Unde
1576 3330 1808 3367 conveniens
1835 3330 1913 3375 fuit,
1934 3338 2122 3379 quantum
2142 3332 2190 3368 ad
2218 3331 2336 3368 finem
2372 3331 2490 3368 incar-

1436 3381 1609 3429 nationis,
1639 3383 1746 3431 quod
1774 3382 1997 3420 huiusmodi
2024 3384 2270 3432 poenalitates
2298 3383 2335 3420 in
2364 3392 2491 3421 nostra

1488 3521 1515 3592 53
1534 3522 1752 3589 gssts'ump3enriit.pss
1769 3561 1916 3582 assumeret
1934 3558 1964 3587 D,
1982 3561 2162 3589 assumpserat
2182 3558 2210 3583 E.
