2872 3970
270 371 384 406 tentia,
414 370 458 400 ita
485 371 543 400 ista
573 369 613 401 ad
643 370 752 400 omnia
782 379 864 410 quae
893 375 999 409 potest
1026 369 1204 400 intellectus
1232 379 1328 409 agens

270 413 382 445 facere.

324 458 360 488 11.
385 458 422 488 In
443 458 651 498 responsione
675 457 715 488 ad
737 458 878 497 primum
901 463 932 487 et
955 457 1133 488 secundum
1149 457 1254 492 simul,
1271 456 1330 487 du-

268 501 358 532 bium
381 511 419 532 ex
443 501 608 538 Durando,
625 502 658 532 in
677 501 718 531 111
734 501 831 537 Sent„
850 501 919 531 dist.
937 511 998 537 xxv,
1016 510 1070 541 qu.
1087 511 1121 531 m
1137 501 1163 536 *,
1181 501 1328 536 occurrit,

267 551 419 585 arguente
442 545 559 576 directe
584 551 694 576 contra
724 550 893 586 utramque
919 546 1174 584 responsionem.
1206 544 1328 580 Primo,

268 595 378 620 contra
401 589 587 620 secundam:
612 589 720 619 dicens
743 588 832 629 quod
855 599 894 619 ex
916 589 1038 619 visione
1062 597 1236 628 corporum
1260 597 1329 618 cae-

266 633 394 664 lestium
416 633 523 663 nullus
545 638 652 673 potest
674 632 945 672 comprehendere
968 633 1097 663 virtutes
1120 641 1250 668 eorum;
1275 631 1330 662 sed

265 677 374 717 potius
398 677 591 717 experientia
613 676 796 707 effectuum.
1137 674 1141 678 ’

320 720 444 752 Deinde
467 726 579 751 contra
600 721 753 761 primam:
785 720 894 751 dicens
925 720 1014 760 quod
1044 721 1236 760 experientia
1262 729 1330 750 non

265 765 346 804 parit
368 765 533 796 scientiam
555 764 616 794 nisi
638 774 745 795 rerum
769 770 968 804 expertarum
992 770 1023 795 et
1045 765 1261 795 consimilium
1282 773 1330 793 se-

266 807 410 839 cundum
433 809 584 849 speciem.
609 808 774 846 Quoniam
797 810 842 839 sic
858 818 900 838 ex
918 809 1027 839 multis
1042 809 1186 839 sensibus
1198 809 1245 849 fit
1266 817 1329 837 me-

264 852 380 887 moria,
404 857 436 883 et
457 852 531 882 inde
545 852 807 892 experimentum,
831 857 863 883 et
877 852 951 883 inde
967 853 1158 888 universale,
1183 852 1270 893 quod
1285 857 1331 882 est

73 920 75 923 .
258 896 457 937 principium
477 896 559 927 artis
581 901 612 926 et
633 897 794 932 scientiae,
818 902 855 927 ut
877 896 992 927 dicitur
1014 898 1048 927 in
1066 897 1236 937 prooemio
1260 897 1330 926 Me-

111 941 239 991 ¹¹¹²·,1g‘ssff
266 941 452 981 taplgrsicae
473 941 499 970 *.
531 940 607 971 Non
637 950 712 980 ergo
737 950 775 971 ex
805 941 997 981 quibusdam
1020 942 1155 981 expertis
1186 940 1330 971 Christus

70 974 148 1018 ,gitl-
185 983 192 990 '
233 985 239 991 ”
265 985 352 1014 venit
373 985 407 1014 in
430 985 577 1015 notitiam
601 985 758 1021 omnium,
782 990 819 1015 ut
841 986 874 1015 in
897 985 1000 1015 littera
1023 985 1147 1015 dicitur.

321 1028 372 1059 III.
396 1028 448 1059 Ad
470 1029 611 1069 primum
634 1029 751 1059 horum
775 1029 890 1059 dicitur
920 1029 1010 1069 quod
1032 1028 1204 1059 Durandus
1226 1029 1331 1059 voluit

265 1081 333 1103 esse
357 1082 480 1103 caecus.
504 1073 587 1103 Nam
610 1073 644 1103 in
666 1073 768 1103 littera
789 1082 857 1103 non
881 1072 996 1103 dicitur
1019 1073 1108 1113 quod
1132 1083 1169 1103 ex
1193 1073 1261 1103 sola
1283 1073 1330 1102 vi-

264 1117 355 1146 sione
378 1117 536 1157 corporali
552 1126 726 1157 corporum
743 1117 927 1147 caelestium
951 1117 1094 1147 Christus
1119 1117 1330 1157 comprehen-

264 1160 344 1191 derit
367 1161 530 1191 caelestia:
561 1161 617 1191 sed
640 1170 786 1201 expresse
809 1162 1021 1201 praemittitur
1051 1162 1085 1191 in
1108 1161 1167 1191 hac
1190 1162 1259 1201 ipsa
1281 1171 1330 1191 re—

264 1205 439 1244 sponsione
463 1205 503 1235 ad
525 1205 714 1242 secundum,
730 1206 784 1242 ibi,
796 1215 859 1245 per
880 1205 1010 1236 modum
1027 1203 1245 1245 praedictum,
1270 1206 1330 1236 sci-

263 1249 339 1279 licet
360 1258 418 1289 per
441 1249 686 1289 experientiam
718 1254 750 1279 et
779 1249 924 1280 subditur
954 1250 1060 1280 statim
1090 1249 1328 1289 exemplariter,

264 1292 355 1323 Sicut
377 1292 512 1324 videndo
529 1298 589 1324 etc.
616 1293 673 1323 Est
696 1302 771 1333 ergo
795 1303 900 1323 sermo
923 1293 1044 1324 litterae
1068 1292 1106 1323 de
1130 1293 1253 1323 visione
1277 1303 1329 1323 ex-

264 1337 480 1376 perimentali:
506 1342 538 1367 et
559 1347 627 1367 non
651 1336 690 1367 de
712 1338 836 1368 visione
860 1337 1014 1367 absolute.

318 1380 371 1411 Ad
388 1381 567 1412 secundum
583 1386 691 1412 autem
713 1381 828 1412 dicitur
851 1381 1115 1422 quodconnexio
1139 1382 1327 1421 specierum,

265 1434 442 1461 causarum,
462 1424 654 1464 effectuum,
679 1430 711 1456 et
733 1425 935 1461 huiusmodi,
960 1425 1141 1456 manifestat
1163 1425 1253 1465 quod
1277 1436 1330 1456 ex—

264 1469 418 1508 perientia
440 1470 474 1499 in
490 1469 691 1510 quibusdam,
711 1475 789 1509 puta
803 1470 837 1500 in
853 1469 971 1506 calidis,
995 1476 1124 1509 generat
1139 1479 1207 1500 non
1222 1470 1329 1500 solum

265 1513 430 1543 scientiam
453 1513 642 1550 calidorum,
671 1513 735 1550 sed,
761 1514 927 1544 excellenti
950 1514 1102 1544 existente
1125 1515 1266 1554 ingenio,
1292 1524 1329 1544 ex

265 1557 396 1587 scientia
419 1557 596 1588 calidorum
613 1563 782 1598 generatur
797 1558 927 1588 scientia
943 1557 1147 1598 frigidorum3
1169 1564 1200 1588 et
1216 1568 1253 1589 ex
1269 1559 1327 1594 his,

265 1600 463 1638 mediorum;
488 1607 519 1632 et
543 1612 581 1632 ex
599 1602 647 1632 his
664 1602 823 1638 omnibus,
841 1602 1075 1632 elementorum
1092 1608 1123 1632 et
1138 1603 1327 1638 mixtorum;

266 1651 297 1675 et
320 1654 358 1675 ex
381 1645 429 1675 his
453 1645 492 1676 ad
516 1655 625 1676 causas
649 1646 828 1676 ascenditur
843 1646 1032 1686 superiores.
1057 1647 1219 1684 Quocirca
1235 1656 1330 1686 expe-

300 2112 367 2146 >axv
402 2118 454 2158 a<
476 2109 499 2134 D
514 2108 703 2133 SECUNDUM
721 2107 772 2132 stc
787 2107 1023 2133 PRoOEDrrUR.
1044 2095 1205 2132 Videtur
1219 2096 1327 2144 quod

293 2139 459 2210 ’ψὲἶο
478 2149 693 2186 secundum
712 2149 813 2185 hanc
832 2148 1028 2185 scientiam
1049 2147 1222 2185 Christus
1247 2160 1327 2184 non

285 2206 322 2258 ᾖ
334 2218 399 2250 pr»
426 2200 689 2252 (profecerit.
717 2201 823 2239 Sicut
848 2201 952 2238 enim
972 2201 1188 2238 secundum
1208 2201 1328 2238 scien-

290 2291 295 2294 .
325 2249 422 2296 ³⁶³5)
437 2247 571 2299 tiam
598 2253 842 2292 beatitudinis
869 2255 931 2291 vel
959 2255 1175 2291 secundum
1208 2254 1327 2291 scien-

266 2307 359 2344 tiam
378 2307 544 2345 infusam
565 2307 737 2344 Christus
757 2307 936 2355 cognovit
959 2307 1101 2354 omnia,
1122 2307 1172 2344 ita
1195 2319 1329 2344 secun-

268 2361 364 2398 dum
391 2361 493 2398 hanc
529 2359 725 2397 scientiam
762 2360 1004 2409 acquisitam:
1039 2368 1081 2397 ut
1110 2373 1156 2397 ex
1184 2360 1291 2397 dictis
1309 2359 1330 2381 ‘¹‘

266 2420 380 2463 patet.
413 2413 490 2451 Sed
518 2413 734 2450 secundum
754 2413 834 2450 illas
863 2413 1036 2450 scientias
1055 2425 1135 2450 non
1159 2412 1328 2462 profecit.

268 2468 370 2515 Ergo
397 2475 470 2503 'nec
497 2466 712 2503 secundum
740 2466 862 2503 istam.

322 2530 357 2556 2.
387 2520 626 2565 PRAETEREA,
655 2518 843 2568 proficere
881 2527 936 2556 est
972 2518 1199 2568 imperfecti:
1238 2517 1329 2567 quia

267 2572 479 2621 perfectum
498 2572 733 2609 additionem
752 2584 832 2609 non
851 2572 983 2621 recipit
996 2571 1026 2608 ²¹².
1065 2572 1141 2609 Sed
1160 2572 1199 2608 in
1220 2570 1328 2608 Chri-

269 2634 326 2662 sto
351 2637 432 2662 non
455 2633 510 2662 est
528 2637 673 2674 ponere
699 2625 896 2662 scientiam
922 2625 1195 2674 imperfectam.
1226 2625 1327 2672 Ergo

269 2678 485 2715 secundum
512 2678 612 2715 hanc
640 2677 835 2715 scientiam
861 2678 1033 2715 Christus
1059 2690 1138 2715 non
1157 2677 1326 2727 profecit.

324 2731 358 2768 3.
388 2732 619 2778 Pium-ram,
649 2731 912 2768 Damascenus
941 2731 1029 2768 dicit
1046 2730 1083 2768 *z
1120 2732 1195 2773 Qui
1212 2732 1328 2780 profi-

28 2816 33 2835 s
85 2813 90 2836 7
268 2796 353 2821 cere
379 2784 504 2821 dicunt
534 2785 718 2821 Christum
745 2786 923 2833 sapientia
951 2790 984 2820 et
1009 2786 1135 2834 gratia
1164 2790 1202 2820 ut
1229 2784 1328 2821 addi-

26 2839 32 2876 }
129 2848 146 2865 α
268 2843 469 2874 tamentum
487 2838 741 2886 suscipientem
752 2842 780 2883 ²,
797 2849 871 2874 non
891 2843 1117 2874 venerantur
1139 2838 1326 2874 unionem.

26 2901 32 2938 ᾗ
81 2889 92 2907 ³
130 2887 146 2921 β
269 2891 361 2927 Non
379 2889 554 2927 venerari
572 2897 702 2927 autem
720 2889 907 2927 unionem
926 2897 982 2926 est
999 2889 1164 2939 impium
1179 2888 1204 2926 β.
1226 2890 1327 2937 Ergo

87 2950 90 2951 ’
269 2943 436 2992 impium
464 2950 519 2979 est
538 2942 663 2980 dicere
682 2942 790 2992 quod
818 2942 972 2979 scientia
991 2943 1073 2979 eius
1092 2942 1328 2980 additamen-

79 3030 103 3042 .„
269 3004 354 3033 tum
382 2995 579 3044 acceperit.
747 2997 749 2999 ’

32 3045 38 3085 ζ
72 3045 106 3079 s
124 3051 172 3078 '⁵²-
323 3049 397 3086 SED
425 3060 570 3086 CONTRA
597 3060 662 3086 EST
690 3049 797 3098 quod
825 3049 988 3086 habetur
1009 3050 1104 3086 Luc.
1125 3061 1147 3086 11
1160 3049 1190 3096 ²¹⁶,
1220 3049 1328 3098 quod

268 3103 372 3138 Iesus
385 3103 606 3151 proficiebat
622 3103 801 3151 sapientia
826 3107 860 3138 et
885 3107 1003 3139 aetate
1021 3108 1054 3138 et
1071 3104 1208 3152 gratia,
1229 3102 1330 3151 apud

30 3163 45 3201 j
77 3150 244 3203 [ἔτζᾴωζξῆξῖᾖ
269 3156 391 3191 Deum
419 3160 453 3191 et
479 3156 654 3192 homines.
700 3155 748 3191 Et
784 3154 1012 3192 Ambrosius
1049 3154 1139 3191 dicit
1165 3155 1185 3177 ²¹⁶
1219 3155 1326 3203 quod

122 3214 124 3221 ’
263 3209 484 3257 proficiebat
509 3207 710 3244 secundum
741 3208 958 3256 sapientiam
992 3209 1207 3245 humanam.
1245 3208 1326 3243 Hu-

270 3272 386 3297 mana
413 3267 543 3297 autem
571 3259 754 3309 sapientia
785 3268 841 3297 est
868 3272 967 3310 quae
995 3261 1169 3297 humano
1206 3259 1326 3296 modo

271 3312 487 3362 acquiritur,
517 3312 655 3350 scilicet
681 3325 751 3362 per
777 3314 909 3350 lumen
937 3313 1144 3350 intellectus
1173 3312 1324 3360 agentis.

271 3366 372 3414 Ergo
393 3365 566 3403 Christus
585 3365 800 3402 secundum
819 3366 919 3403 hanc
938 3365 1133 3403 scientiam
1156 3364 1324 3414 profecit.

19 2363 22 2386 2
67 2375 76 2399 (⁴
99 2381 104 2388 .
119 2365 226 2394 praeced.

70 2579 111 2598 ξδ’.
140 2574 241 2596 Aristot-

79 2614 95 2629 ,-
117 2617 123 2623 .
141 2601 182 2623 lib.
200 2601 242 2628 111,

150 2633 173 2649 n.
193 2628 215 2650 8.
230 2639 241 2644 -

86 2658 102 2673 'v
137 2657 180 2676 eet.
195 2660 228 2676 xi.

26 2723 30 2735 “’
96 2732 154 2756 me
163 2733 242 2760 orm„

82 2764 106 2785 ζ’·
129 2765 242 2788 enp.xxu.

323 3488 352 3523 α)
371 3489 564 3522 suscipientem.
579 3503 600 3509 -
617 3490 704 3514 Tertia
727 3494 828 3522 praeter
847 3490 881 3521 P;
906 3496 997 3515 sensus
1019 3488 1212 3520 suscipientem.
1231 3501 1250 3505 -
1268 3487 1330 3511 Post

272 3523 395 3549 unionem
409 3525 429 3549 F
442 3529 468 3550 et
480 3526 552 3550 tertia
571 3525 667 3550 addunt
685 3532 754 3557 quae
771 3524 850 3558 (quae
868 3528 907 3550 est
922 3524 974 3558 PF)
993 3524 1134 3549 secundum
1154 3523 1328 3556 hypostasim.

325 3557 350 3592 β)
369 3559 456 3586 Non...
471 3560 590 3592 impium.
601 3575 620 3580 -
632 3561 679 3586 Ed.
689 3568 722 3591 a,·
740 3564 788 3587 etc.
801 3561 871 3586 addit
884 3562 965 3593 prima
979 3565 1004 3584 et
1017 3560 1050 3590 E;
1064 3559 1136 3583 tertia
1150 3564 1174 3582 et
1189 3559 1208 3582 F
1224 3559 1326 3591 legunt:

272 3593 327 3619 Sed
345 3594 454 3626 impium
472 3598 511 3620 est
530 3596 651 3621 unionem
671 3595 756 3630 (illam
775 3596 897 3621 unionem
917 3595 999 3628 tertia)
1019 3602 1070 3619 non
1090 3594 1221 3619 venerari.

982 291 1245 338 QUAESTIO
1275 261 1358 338 XII,
1389 292 1682 329 ARTICULUS
1711 294 1741 330 ΙΙ

2379 295 2451 342 167

1383 370 1528 400 rientiam
1551 380 1660 410 parere
1685 371 1850 401 scientiam
1865 371 2017 401 similium
2033 377 2166 407 tantum,
2191 378 2296 412 potest
2314 373 2447 413 intelligi

1384 413 1567 454 dupliciter:
1599 415 1718 444 scilicet
1741 415 1791 444 vel
1814 414 2013 450 immediate,
2046 421 2076 445 et
2099 416 2143 445 sic
2168 422 2214 446 est
2237 426 2365 453 verum:
2396 417 2448 447 vel

1384 459 1498 497 quovis
1521 458 1632 494 modo,
1658 464 1689 488 et
1711 459 1755 488 sic
1779 464 1825 488 est
1848 458 1978 495 falsum,
2003 464 2038 488 ut
2061 460 2093 500 in
2117 459 2219 489 littera
2241 461 2299 490 hac
2323 460 2446 491 dicitur.

1383 502 1533 537 scientia,
1557 502 1662 542 inquit
1684 502 1823 538 Auctor,
1849 512 1957 532 rerum
1982 512 2046 532 non
2070 503 2174 533 solum
2198 504 2324 544 acquiri
2341 509 2449 544 potest

1383 555 1424 575 ex
1454 546 1652 586 experientia
1684 546 1843 585 ipsarum,
1874 546 1930 576 sed
1955 556 1997 576 ex
2020 547 2216 586 experientia
2244 548 2447 587 quarundam

1383 590 1533 620 aliarum,
1558 590 1598 619 Et
1614 590 1693 619 ratio
1710 590 1897 629 assignatur:
1914 590 1989 630 quia
2006 600 2047 620 ex
2063 591 2179 621 virtute
2195 591 2324 621 luminis
2341 597 2450 632 potest

1382 634 1478 663 homo
1497 633 1677 674 procedere
1693 638 1751 663 etc.

1438 678 1479 708 Et
1502 678 1581 707 scito
1606 677 1695 717 quod
1718 683 1786 707 tota
1809 677 1976 707 difficultas
1999 683 2108 708 nostra
2136 679 2279 708 consistit
2302 679 2335 708 in
2359 689 2448 709 com-

1383 721 1611 761 prehendendo
1635 722 1842 751 substantiam
1866 731 1963 751 unam
1980 721 2181 752 inferiorern:
2207 723 2371 762 quoniam,
2396 723 2449 753 illa

1384 766 1624 806 comprehensa,
1650 764 1741 795 facile
1762 766 1902 806 reliquae
1919 765 2274 805 comprehenderentur.
2299 767 2339 796 Et
2363 767 2449 797 simi-

1383 810 1453 840 liter
1476 810 1509 839 in
1525 808 1830 849 comprehendendo
1850 819 1952 839 unum
1969 819 2086 849 corpus
2103 811 2253 840 caeleste:
2278 820 2344 840 uno
2362 811 2448 840 enim

1384 854 1635 893 comprehenso,
1667 852 1758 883 facile
1782 854 1892 883 omnia
1915 854 2261 893 comprehenderentur
2284 855 2322 884 ab
2347 855 2449 885 excel-

1383 897 1558 928 lentissimo
1583 898 1713 936 ingenio
1737 898 1831 936 quale
1851 897 1910 927 fuit
1925 897 2005 928 illud
2020 899 2144 928 animae
2161 898 2286 928 Christi.
2311 899 2386 928 Non
2402 904 2450 929 est

1383 947 1491 972 autem
1507 941 1704 981 impossibile
1720 941 1774 971 tali
1789 942 1919 981 ingenio
1933 942 2204 982 comprehendere
2216 952 2319 972 unum
2331 952 2448 982 corpus

1384 985 1528 1021 caeleste,
1554 991 1585 1015 et
1605 995 1708 1015 unum
1723 986 1859 1016 mixtum
1875 985 2063 1025 perfectum,
2080 992 2157 1026 puta
2172 987 2347 1016 hominem.
2372 987 2448 1017 Non

1384 1035 1430 1059 est
1460 1030 1555 1069 igitur
1585 1029 1782 1069 impossibile
1813 1029 1903 1070 quod
1927 1031 2035 1060 omnia
2067 1040 2149 1070 quae
2175 1036 2310 1070 possunt
2332 1031 2447 1061 virtute

1382 1073 1561 1103 intellectus
1585 1074 1705 1113 agentis
1729 1074 1896 1113 cognosci,
1922 1075 2109 1113 cognoverit
2138 1084 2195 1114 per
2217 1075 2446 1104 inventionem.

1439 1117 1491 1147 IV.
1515 1118 1558 1147 At
1581 1117 1607 1147 si
1630 1118 1701 1157 quis
1725 1116 1837 1147 dixerit
1859 1118 2003 1148 sensibus
2023 1117 2139 1148 Christi
2156 1119 2263 1148 omnia
2279 1119 2448 1158 singularia

1383 1167 1567 1201 opportuna
1583 1161 1622 1191 ad
1637 1161 1812 1201 perfectam
1824 1171 1881 1201 per
1891 1162 2111 1192 inventionem
2124 1163 2287 1192 scientiam
2300 1163 2448 1193 omnium

1382 1206 1517 1236 naturali
1541 1206 1663 1235 ratione
1680 1206 1955 1245 cognoscibilium,
1980 1206 2086 1236 oblata
2102 1216 2169 1236 esse
2186 1207 2372 1246 angelorum
2387 1207 2447 1237 mi-

1382 1250 1511 1280 nisterio
1536 1249 1715 1289 supplente,
1739 1259 1807 1280 non
1823 1250 1988 1280 aberraret.
2014 1250 2178 1288 Quoniam
2194 1251 2230 1287 si,
2247 1251 2447 1290 Evangelista

1382 1299 1526 1329 testante,
1552 1294 1702 1324 esurienti
1725 1293 1852 1324 Christo
1877 1295 1980 1334 angeli
2004 1295 2111 1325 cibum
2131 1295 2330 1335 corporalem
2353 1295 2447 1325 mini-

1382 1343 1567 1374 straverunt,
1592 1338 1752 1367 Matth.1v
1767 1338 1798 1374 *3
1822 1338 1926 1368 multo
1950 1339 2049 1378 magis
2072 1339 2258 1369 rationabile
2282 1345 2328 1369 est
2343 1344 2379 1369 ut
2399 1339 2447 1369 in-

1383 1382 1502 1422 digenti
1526 1381 1653 1412 Christo
1685 1382 1839 1421 spirituali
1863 1383 1935 1412 cibo
1966 1384 2116 1413 scientiae
2139 1384 2328 1423 acquisitae,
2352 1383 2447 1413 mini-

1383 1427 1546 1456 straverint
1569 1426 1673 1466 angeli
1696 1426 1865 1465 singularia
1888 1433 2071 1467 opportuna
2093 1437 2132 1458 ex
2155 1428 2272 1468 quibus
2294 1427 2363 1467 ipse
2386 1437 2446 1458 suo

1382 1471 1512 1510 ingenio
1536 1470 1732 1500 adinveniret
1755 1471 1929 1501 scientiam.
1954 1471 2027 1501 Hoc
2044 1472 2129 1501 enim
2153 1472 2278 1502 nullum
2294 1472 2447 1501 inconve-

1382 1515 1472 1544 niens
1496 1514 1590 1544 habet
1613 1523 1783 1544 annexum.
1814 1514 1881 1544 Nec
1913 1521 1959 1545 est
1989 1515 2179 1546 miraculum
2202 1516 2379 1546 voluntarie
2409 1514 2447 1545 fi-

1383 1564 1487 1589 ctum:
1520 1558 1575 1588 sed
1598 1567 1694 1598 super
1716 1558 1811 1588 simili
1842 1564 1873 1589 et
1895 1559 2002 1589 minus
2024 1560 2202 1590 necessario
2233 1569 2381 1600 expresso
2413 1560 2446 1589 in

1382 1602 1557 1642 Evangelio
1590 1602 1768 1632 fundatum.
1804 1602 1845 1632 Et
1867 1608 2036 1642 propterea
2058 1609 2094 1633 ut
2116 1604 2302 1634 rationabile
2326 1604 2446 1643 ample-

1383 1646 1536 1676 ctendum
1560 1652 1615 1676 est.

1034 1799 1352 1841 ARTICULUS
1382 1799 1683 1841 SECUNDUS

339 1893 494 1925 UTRUM
518 1892 757 1924 SECUNDUM
781 1892 1019 1923 SCIENTIAM
1041 1891 1314 1929 ACQUISITAM
1337 1892 1422 1922 VEL
1445 1892 1848 1922 EXPERIMENTALEM
1872 1893 2084 1924 CHRISTUS
2107 1893 2380 1925 PROFECEmT

500 1973 574 2002 lnfra,
594 1980 638 2005 qu.
657 1980 697 2002 xv,
716 1977 763 1997 art.
781 1971 813 2002 8;
831 1972 864 1996 111
883 1972 966 2001 Sem„
986 1972 1044 1997 dist.
1062 1979 1111 2001 xlv,
1131 1971 1290 2032 artij‚1;312¹
1310 1971 1340 2001 5;
1363 1972 1505 2032 Complend.
1529 1971 1626 2003 Theol„
1646 1979 1701 2005 cap.
1720 1979 1809 2003 ccxv1;
1831 1973 1860 1997 In
1882 1973 1966 2002 loun„
1986 1981 2041 2006 cap.
2061 1981 2095 2003 ιν,
2113 1974 2170 1999 lect.
2189 1981 2210 2005 1;

1251 2014 1265 2032 e
1283 2024 1303 2036 .‚
1323 2015 1377 2039 cap.
1396 2015 1419 2036 v,
1450 2012 1499 2032 ect.
1518 2014 1546 2032 11.

1431 2097 1655 2133 RESPONDEO
1693 2108 1875 2133 DICENDUM
1912 2096 2020 2144 quod
2053 2096 2194 2145 duplex
2229 2104 2284 2133 est
2321 2097 2446 2145 profe-

1379 2147 1480 2185 ctus*
1499 2148 1687 2185 scientiae.
1727 2149 1836 2185 Unus
1873 2149 2031 2197 quidem
2067 2149 2282 2186 secundum
2320 2162 2445 2186 essen-

1379 2201 1491 2238 tiam:
1530 2209 1647 2250 prout
1683 2201 1820 2238 scilicet
1856 2201 1936 2250 ipse
1974 2201 2126 2239 habitus
2167 2202 2342 2239 scientiae
2379 2216 2444 2240 au-

1379 2262 1498 2302 getur.
1529 2254 1636 2291 Alius
1665 2262 1795 2291 autem
1824 2255 2039 2291 secundum
2068 2255 2268 2292 effectum:
2298 2263 2390 2304 puta
2414 2255 2444 2292 si

1380 2307 1526 2356 aliquis,
1548 2307 1765 2344 secundum
1793 2307 1962 2344 eundern
1983 2315 2019 2344 et
2042 2309 2243 2356 aequalem
2267 2308 2443 2345 scientiae

1380 2360 1566 2407 habitum,
1582 2360 1708 2409 primo
1728 2359 1878 2396 minora
1897 2359 1977 2397 aliis
1997 2360 2241 2408 demonstret,
2258 2368 2293 2398 et
2312 2369 2444 2409 postea

1380 2413 1528 2450 maiora
1557 2421 1592 2450 et
1620 2412 1826 2449 subtiliora.

1434 2467 1521 2503 Hoc
1557 2473 1687 2503 autem
1725 2466 1896 2503 secundo
1933 2466 2074 2513 modo,
2108 2466 2351 2503 manifestum
2388 2474 2443 2503 est

1381 2519 1489 2568 quod
1518 2519 1691 2556 Christus
1711 2519 1750 2555 in
1774 2519 1927 2556 scientia
1956 2527 1991 2555 et
2016 2519 2133 2567 gratia
2160 2519 2327 2568 profecit,
2348 2519 2443 2555 sicut

1382 2580 1418 2609 et
1444 2572 1484 2609 in
1508 2579 1646 2609 aetate:
1677 2571 1767 2621 quia
1787 2572 1934 2619 scilicet,
1955 2572 2170 2608 secundum
2194 2579 2442 2620 augmentum

1382 2625 1526 2672 aetatis,
1556 2637 1674 2674 opera
1702 2625 1849 2662 maiora
1875 2624 2055 2671 faciebat,
2093 2637 2191 2674 quae
2211 2630 2226 2653 Υ
2254 2625 2441 2661 maiorem

1381 2678 1608 2727 sapientiam
1627 2685 1663 2714 et
1681 2678 1839 2726 gratiam
1868 2678 2190 2715 demonstrabant.
2222 2678 2298 2714 Sed
2320 2689 2440 2726 quan-

1381 2739 1465 2768 tum
1494 2732 1551 2768 ad*
1562 2731 1691 2780 ipsum
1710 2731 1884 2767 habitum
1914 2730 2100 2777 scientiae,
2121 2729 2362 2766 manifestum
2386 2738 2442 2767 est

1382 2784 1489 2834 quod
1508 2784 1660 2821 habitus
1680 2784 1855 2820 scientiae
1883 2783 2028 2820 infusae
2048 2783 2086 2819 in
2107 2794 2152 2818 eo
2172 2794 2251 2818 non
2275 2790 2332 2821 est
2350 2795 2440 2831 aug-

1381 2845 1593 2874 mentatus:
1633 2849 1723 2874 cum
1751 2850 1773 2873 a
1800 2836 1988 2885 principio
2025 2834 2191 2884 plenarie
2228 2834 2299 2870 sibi
2331 2835 2442 2872 fuerit

1382 2890 1508 2927 omnis
1527 2889 1540 2912 δ
1560 2890 1714 2926 scientia
1741 2889 1874 2925 infusa.
1912 2890 1960 2925 Et
1983 2889 2103 2924 multo
2132 2887 2259 2923 minus
2287 2887 2440 2926 scientia

1381 2944 1492 2980 beata
1511 2943 1550 2979 in
1578 2955 1624 2979 eo
1653 2941 1782 2989 augeri
1809 2940 1942 2989 potuit.
1972 2941 2030 2976 De
2058 2939 2210 2976 scientia
2234 2948 2363 2977 autem
2386 2942 2440 2978 di-

1381 2997 1490 3043 vina,
1520 2995 1627 3044 quod
1655 3007 1733 3031 non
1766 2994 1884 3042 possit
1918 2992 2062 3040 augeri,
2093 3004 2207 3040 supra
2241 2993 2279 3029 in
2311 2994 2440 3032 Prima

1382 3051 1491 3086 Parte
1510 3048 1530 3070 *
1558 3048 1702 3084 dictum
1731 3054 1795 3082 est.

1435 3101 1475 3139 Si
1507 3100 1633 3148 igitur,
1663 3106 1811 3148 praeter
1838 3097 2012 3134 habitum
2048 3097 2222 3134 scientiae
2257 3097 2437 3147 infusum,

1381 3166 1461 3191 non
1489 3153 1534 3189 sit
1561 3153 1600 3188 in
1619 3151 1748 3188 anima
1768 3150 1906 3187 Christi
1925 3150 2077 3188 habitus
2101 3151 2235 3201 aliquis
2263 3151 2438 3189 scientiae

1381 3205 1600 3255 acquisitae,
1630 3212 1672 3240 ut
1699 3203 1932 3252 quibusdam
1961 3203 2112 3241 videtur
2129 3204 2159 3251 ³¹³,
2189 3212 2225 3241 et
2252 3204 2347 3241 mihi
2374 3204 2438 3241 ali·
2466 3204 2492 3223 ²*

1381 3259 1537 3308 quando
1557 3257 1684 3293 visum
1703 3256 1806 3302 est*;
1827 3258 1931 3294 nulla
1950 3257 2103 3294 scientia
2123 3257 2162 3294 in
2178 3257 2328 3294 Christo
2349 3269 2438 3305 aug-

1381 3318 1548 3348 mentata
1575 3309 1643 3346 fuit
1670 3309 1885 3346 secundum
1910 3322 2021 3346 suam
2050 3310 2263 3356 essentiam,
2284 3310 2351 3346 sed
2379 3322 2439 3347 so-

1380 3366 1461 3400 lum
1493 3374 1563 3411 per
1599 3362 1889 3411 experientiam,
1919 3362 2014 3399 idest
2041 3375 2110 3412 per
2145 3362 2439 3399 conversionem

1433 3486 1459 3519 γ)
1479 3494 1555 3519 quae.
1573 3500 1592 3504 -
1608 3486 1708 3511 scilicet
1725 3487 1794 3511 addit
1813 3487 1840 3512 Ρ.
1858 3501 1878 3505 —
1895 3487 1944 3511 Pro
1963 3487 2129 3518 sapientiam,
2149 3486 2285 3511 scientiam
2305 3486 2386 3511 tertia.

1433 3520 1458 3555 δ)
1477 3522 1571 3547 omnis.
1589 3536 1608 3541 —
1625 3522 1716 3547 omnia
1735 3523 1763 3551 Ε,
1783 3523 1899 3547 omnium
1919 3523 2001 3547 tertia.

2473 1343 2482 1353 ⁸
2497 1342 2564 1364 Vers.
2581 1350 2613 1365 ¹¹-

2564 2893 2577 2917 δ

2467 3014 2533 3060 ’ἔξω
2541 3020 2588 3041 xiv,
2597 3018 2638 3036 art.
2647 3021 2680 3042 ¹5,

2467 3046 2680 3094 313.}2'1b.Magn.111

2465 3093 2539 3118 Sem„
2559 3093 2612 3114 dist.
2627 3099 2678 3119 xm,

2465 3119 2678 3173 stifftifflffffiz

2466 3177 2571 3202 qu3xm,
2591 3172 2677 3193 memb.

2466 3198 2678 3255 obssssst.‘;}⁵.3¹2’‚·n.2‘f

2464 3251 2495 3272 111
2501 3251 2679 3290 Sent.‚d3st.x1v‚

2466 3281 2678 3329 3‘1‘11³·s;¹.{¹2„²<31...

2466 3330 2677 3378 :avoe‘ssszflffiss’

2465 3370 2542 3411 arts'ss,
2557 3382 2585 3404 ad
2599 3388 2618 3410 5.
2670 3371 2678 3382 ’
