<?xml version="1.0" encoding="UTF-8"?>
<!DOCTYPE html PUBLIC "-//W3C//DTD XHTML 1.0 Transitional//EN"
    "http://www.w3.org/TR/xhtml1/DTD/xhtml1-transitional.dtd">
<html xmlns="http://www.w3.org/1999/xhtml" xml:lang="en" lang="en">
 <head>
  <title>
</title>
<meta http-equiv="Content-Type" content="text/html;charset=utf-8" />
  <meta name='ocr-system' content='tesseract 3.04.00' />
  <meta name='ocr-capabilities' content='ocr_page ocr_carea ocr_par ocr_line ocrx_word'/>
</head>
<body>
  <div class='ocr_page' id='page_1' title='image "./operaomniaiussui11thom/operaomniaiussui11thom_0155.png"; bbox 0 0 2872 3970; ppageno 0'>
   <div class='ocr_carea' id='block_1_1' title="bbox 29 452 165 476">
    <p class='ocr_par' dir='ltr' id='par_1_1' title="bbox 22 431 165 476">
     <span class='ocr_line' id='line_1_1' title="bbox 29 452 165 476; baseline -0.014 -0.098"><span class='ocrx_word' id='word_1_1' title='bbox 29 452 52 470; x_wconf 57' lang='grc'>«0</span> <span class='ocrx_word' id='word_1_2' title='bbox 63 453 133 476; x_wconf 81' lang='lat' dir='ltr'>Num.</span> <span class='ocrx_word' id='word_1_3' title='bbox 147 458 165 474; x_wconf 86' lang='lat'>1.</span> 
     </span>
    </p>
   </div>
   <div class='ocr_carea' id='block_1_2' title="bbox 0 0 103 3600">
    <p class='ocr_par' dir='ltr' id='par_1_2' title="bbox 0 0 103 3600">
     <span class='ocr_line' id='line_1_2' title="bbox 0 0 103 3600; baseline 0 0"><span class='ocrx_word' id='word_1_4' title='bbox 0 0 103 3600; x_wconf 95' lang='lat' dir='ltr'> </span> 
     </span>
    </p>
   </div>
   <div class='ocr_carea' id='block_1_3' title="bbox 44 1854 214 1892">
    <p class='ocr_par' dir='ltr' id='par_1_3' title="bbox 44 1849 214 1892">
     <span class='ocr_line' id='line_1_3' title="bbox 44 1854 214 1892; baseline -0.012 -6"><span class='ocrx_word' id='word_1_5' title='bbox 44 1854 48 1867; x_wconf 52' lang='lat'><strong>²</strong></span> <span class='ocrx_word' id='word_1_6' title='bbox 72 1862 214 1892; x_wconf 77' lang='lat' dir='ltr'>Fulgentius.</span> 
     </span>
    </p>
   </div>
   <div class='ocr_carea' id='block_1_4' title="bbox 42 1889 220 1918">
    <p class='ocr_par' dir='ltr' id='par_1_4' title="bbox 42 1889 220 1918">
     <span class='ocr_line' id='line_1_4' title="bbox 42 1889 220 1918; baseline -0.006 -7"><span class='ocrx_word' id='word_1_7' title='bbox 42 1891 48 1911; x_wconf 74' lang='grc' dir='ltr'><strong><em>ς</em></strong></span> <span class='ocrx_word' id='word_1_8' title='bbox 83 1889 140 1918; x_wconf 63' lang='lat' dir='ltr'>cap.</span> <span class='ocrx_word' id='word_1_9' title='bbox 154 1895 220 1911; x_wconf 75' lang='lat' dir='ltr'>mn.</span> 
     </span>
    </p>
   </div>
   <div class='ocr_carea' id='block_1_5' title="bbox 972 270 1731 321">
    <p class='ocr_par' dir='ltr' id='par_1_5' title="bbox 972 270 1731 321">
     <span class='ocr_line' id='line_1_5' title="bbox 972 270 1731 321; baseline -0.007 -9"><span class='ocrx_word' id='word_1_10' title='bbox 972 274 1234 321; x_wconf 90' lang='lat' dir='ltr'>QUAESTIO</span> <span class='ocrx_word' id='word_1_11' title='bbox 1265 273 1331 319; x_wconf 87' lang='lat' dir='ltr'>VI,</span> <span class='ocrx_word' id='word_1_12' title='bbox 1361 271 1652 308; x_wconf 89' lang='lat' dir='ltr'>ARTICULUS</span> <span class='ocrx_word' id='word_1_13' title='bbox 1681 270 1731 307; x_wconf 91' lang='lat' dir='ltr'>1V</span> 
     </span>
    </p>
   </div>
   <div class='ocr_carea' id='block_1_6' title="bbox 278 353 1343 1182">
    <p class='ocr_par' dir='ltr' id='par_1_6' title="bbox 278 353 1338 437">
     <span class='ocr_line' id='line_1_6' title="bbox 279 353 1338 394; baseline -0.008 -3"><span class='ocrx_word' id='word_1_14' title='bbox 279 360 462 394; x_wconf 79' lang='lat' dir='ltr'><strong>sistentiam,</strong></span> <span class='ocrx_word' id='word_1_15' title='bbox 487 358 743 389; x_wconf 89' lang='lat' dir='ltr'>terminationem</span> <span class='ocrx_word' id='word_1_16' title='bbox 769 354 1185 394; x_wconf 88' lang='lat' dir='ltr'>semique—personalitatem</span> <span class='ocrx_word' id='word_1_17' title='bbox 1210 353 1249 383; x_wconf 90' lang='lat' dir='ltr'>ad</span> <span class='ocrx_word' id='word_1_18' title='bbox 1267 362 1338 393; x_wconf 90' lang='lat' dir='ltr'>per-</span> 
     </span>
     <span class='ocr_line' id='line_1_7' title="bbox 278 396 1336 437; baseline -0.009 -2"><span class='ocrx_word' id='word_1_19' title='bbox 278 403 452 435; x_wconf 83' lang='lat' dir='ltr'>fectionem</span> <span class='ocrx_word' id='word_1_20' title='bbox 473 403 633 432; x_wconf 87' lang='lat' dir='ltr'>humanae</span> <span class='ocrx_word' id='word_1_21' title='bbox 656 399 874 430; x_wconf 77' lang='lat' dir='ltr'>subsistentiae</span> <span class='ocrx_word' id='word_1_22' title='bbox 898 403 929 428; x_wconf 89' lang='lat' dir='ltr'>et</span> <span class='ocrx_word' id='word_1_23' title='bbox 951 398 1181 437; x_wconf 83' lang='lat' dir='ltr'>personalitatis</span> <span class='ocrx_word' id='word_1_24' title='bbox 1200 396 1336 427; x_wconf 84' lang='lat' dir='ltr'>adducit.</span> 
     </span>
    </p>

    <p class='ocr_par' dir='ltr' id='par_1_7' title="bbox 278 441 1340 698">
     <span class='ocr_line' id='line_1_8' title="bbox 334 441 1338 484; baseline -0.008 -6"><span class='ocrx_word' id='word_1_25' title='bbox 334 447 372 478; x_wconf 90' lang='lat' dir='ltr'>V.</span> <span class='ocrx_word' id='word_1_26' title='bbox 398 445 516 484; x_wconf 89' lang='lat' dir='ltr'>Quoad</span> <span class='ocrx_word' id='word_1_27' title='bbox 530 445 658 476; x_wconf 83' lang='lat' dir='ltr'>tertium</span> <span class='ocrx_word' id='word_1_28' title='bbox 670 445 697 479; x_wconf 56' lang='lat'>⁴²,</span> <span class='ocrx_word' id='word_1_29' title='bbox 715 442 869 474; x_wconf 87' lang='lat' dir='ltr'>refutatur</span> <span class='ocrx_word' id='word_1_30' title='bbox 885 441 1030 481; x_wconf 84' lang='lat' dir='ltr'>Origenis</span> <span class='ocrx_word' id='word_1_31' title='bbox 1045 442 1163 481; x_wconf 90' lang='lat' dir='ltr'>positio</span> <span class='ocrx_word' id='word_1_32' title='bbox 1179 441 1338 471; x_wconf 90' lang='lat' dir='ltr'>intellecta</span> 
     </span>
     <span class='ocr_line' id='line_1_9' title="bbox 278 485 1338 527; baseline -0.008 -5"><span class='ocrx_word' id='word_1_33' title='bbox 278 489 421 522; x_wconf 89' lang='lat' dir='ltr'>secundo</span> <span class='ocrx_word' id='word_1_34' title='bbox 445 489 562 520; x_wconf 91' lang='lat' dir='ltr'>modo:</span> <span class='ocrx_word' id='word_1_35' title='bbox 593 488 712 518; x_wconf 89' lang='lat' dir='ltr'>scilicet</span> <span class='ocrx_word' id='word_1_36' title='bbox 734 485 824 527; x_wconf 92' lang='lat' dir='ltr'>quod</span> <span class='ocrx_word' id='word_1_37' title='bbox 847 486 952 515; x_wconf 87' lang='lat' dir='ltr'>anima</span> <span class='ocrx_word' id='word_1_38' title='bbox 974 485 1027 515; x_wconf 88' lang='lat' dir='ltr'>illa</span> <span class='ocrx_word' id='word_1_39' title='bbox 1050 486 1083 515; x_wconf 92' lang='lat' dir='ltr'>in</span> <span class='ocrx_word' id='word_1_40' title='bbox 1106 485 1155 515; x_wconf 91' lang='lat' dir='ltr'>sui</span> <span class='ocrx_word' id='word_1_41' title='bbox 1179 485 1338 515; x_wconf 85' lang='lat' dir='ltr'>creatione</span> 
     </span>
     <span class='ocr_line' id='line_1_10' title="bbox 279 528 1339 570; baseline -0.008 -5"><span class='ocrx_word' id='word_1_42' title='bbox 279 535 317 565; x_wconf 89' lang='lat' dir='ltr'>ab</span> <span class='ocrx_word' id='word_1_43' title='bbox 340 534 432 564; x_wconf 87' lang='lat' dir='ltr'>initio</span> <span class='ocrx_word' id='word_1_44' title='bbox 456 533 551 563; x_wconf 89' lang='lat' dir='ltr'>fuerit</span> <span class='ocrx_word' id='word_1_45' title='bbox 573 532 671 566; x_wconf 88' lang='lat' dir='ltr'>unita,</span> <span class='ocrx_word' id='word_1_46' title='bbox 696 535 727 560; x_wconf 91' lang='lat' dir='ltr'>et</span> <span class='ocrx_word' id='word_1_47' title='bbox 749 528 960 570; x_wconf 89' lang='lat' dir='ltr'>postmodum</span> <span class='ocrx_word' id='word_1_48' title='bbox 982 529 1015 558; x_wconf 90' lang='lat' dir='ltr'>in</span> <span class='ocrx_word' id='word_1_49' title='bbox 1031 534 1123 558; x_wconf 92' lang='lat' dir='ltr'>utero</span> <span class='ocrx_word' id='word_1_50' title='bbox 1139 529 1275 568; x_wconf 85' lang='lat' dir='ltr'>Virginis</span> <span class='ocrx_word' id='word_1_51' title='bbox 1291 529 1339 558; x_wconf 92' lang='lat' dir='ltr'>in-</span> 
     </span>
     <span class='ocr_line' id='line_1_11' title="bbox 279 572 1340 612; baseline -0.007 -4"><span class='ocrx_word' id='word_1_52' title='bbox 279 583 414 608; x_wconf 87' lang='lat' dir='ltr'>carnata.</span> <span class='ocrx_word' id='word_1_53' title='bbox 437 577 554 611; x_wconf 88' lang='lat' dir='ltr'>Primo,</span> <span class='ocrx_word' id='word_1_54' title='bbox 572 573 760 605; x_wconf 88' lang='lat' dir='ltr'>deducendo</span> <span class='ocrx_word' id='word_1_55' title='bbox 777 572 816 603; x_wconf 92' lang='lat' dir='ltr'>ad</span> <span class='ocrx_word' id='word_1_56' title='bbox 839 573 1083 603; x_wconf 87' lang='lat' dir='ltr'>inconveniens:</span> <span class='ocrx_word' id='word_1_57' title='bbox 1109 572 1198 612; x_wconf 93' lang='lat' dir='ltr'>quod</span> <span class='ocrx_word' id='word_1_58' title='bbox 1221 572 1340 602; x_wconf 89' lang='lat' dir='ltr'>scilicet</span> 
     </span>
     <span class='ocr_line' id='line_1_12' title="bbox 279 615 1340 652; baseline -0.008 1"><span class='ocrx_word' id='word_1_59' title='bbox 279 623 384 652; x_wconf 84' lang='lat' dir='ltr'>anima</span> <span class='ocrx_word' id='word_1_60' title='bbox 413 621 529 652; x_wconf 84' lang='lat' dir='ltr'>Christi</span> <span class='ocrx_word' id='word_1_61' title='bbox 555 628 624 650; x_wconf 87' lang='lat' dir='ltr'>non</span> <span class='ocrx_word' id='word_1_62' title='bbox 646 617 805 648; x_wconf 87' lang='lat' dir='ltr'>videretur</span> <span class='ocrx_word' id='word_1_63' title='bbox 834 626 901 647; x_wconf 86' lang='lat' dir='ltr'>esse</span> <span class='ocrx_word' id='word_1_64' title='bbox 932 615 1075 646; x_wconf 86' lang='lat' dir='ltr'>eiusdem</span> <span class='ocrx_word' id='word_1_65' title='bbox 1104 621 1234 646; x_wconf 89' lang='lat' dir='ltr'>naturae</span> <span class='ocrx_word' id='word_1_66' title='bbox 1265 625 1340 646; x_wconf 89' lang='lat' dir='ltr'>cum</span> 
     </span>
     <span class='ocr_line' id='line_1_13' title="bbox 278 661 997 698; baseline -0.01 -2"><span class='ocrx_word' id='word_1_67' title='bbox 278 666 404 696; x_wconf 71' lang='lat' dir='ltr'>nostris.</span> <span class='ocrx_word' id='word_1_68' title='bbox 427 683 451 687; x_wconf 90' lang='lat'><em>-</em></span> <span class='ocrx_word' id='word_1_69' title='bbox 473 662 633 698; x_wconf 86' lang='lat' dir='ltr'>Secundo,</span> <span class='ocrx_word' id='word_1_70' title='bbox 657 661 844 692; x_wconf 90' lang='lat' dir='ltr'>auctoritate</span> <span class='ocrx_word' id='word_1_71' title='bbox 868 661 997 690; x_wconf 87' lang='lat' dir='ltr'>Leonis.</span> 
     </span>
    </p>

    <p class='ocr_par' dir='ltr' id='par_1_8' title="bbox 278 703 1341 963">
     <span class='ocr_line' id='line_1_14' title="bbox 335 703 1339 743; baseline -0.007 -4"><span class='ocrx_word' id='word_1_72' title='bbox 335 708 428 739; x_wconf 90' lang='lat' dir='ltr'>Circa</span> <span class='ocrx_word' id='word_1_73' title='bbox 449 707 607 738; x_wconf 89' lang='lat' dir='ltr'>rationem</span> <span class='ocrx_word' id='word_1_74' title='bbox 628 706 710 735; x_wconf 89' lang='lat' dir='ltr'>hanc</span> <span class='ocrx_word' id='word_1_75' title='bbox 733 704 868 734; x_wconf 89' lang='lat' dir='ltr'>dubium</span> <span class='ocrx_word' id='word_1_76' title='bbox 884 713 922 734; x_wconf 87' lang='lat' dir='ltr'>ex</span> <span class='ocrx_word' id='word_1_77' title='bbox 938 703 1058 743; x_wconf 90' lang='lat' dir='ltr'>duplici</span> <span class='ocrx_word' id='word_1_78' title='bbox 1073 703 1176 743; x_wconf 90' lang='lat' dir='ltr'>capite</span> <span class='ocrx_word' id='word_1_79' title='bbox 1193 703 1339 733; x_wconf 89' lang='lat' dir='ltr'>occurrit.</span> 
     </span>
     <span class='ocr_line' id='line_1_15' title="bbox 278 746 1340 791; baseline -0.007 -8"><span class='ocrx_word' id='word_1_80' title='bbox 278 752 397 788; x_wconf 90' lang='lat' dir='ltr'>Primo,</span> <span class='ocrx_word' id='word_1_81' title='bbox 415 756 571 791; x_wconf 84' lang='lat' dir='ltr'>quantum</span> <span class='ocrx_word' id='word_1_82' title='bbox 586 749 687 779; x_wconf 88' lang='lat' dir='ltr'>valeat</span> <span class='ocrx_word' id='word_1_83' title='bbox 702 748 896 788; x_wconf 88' lang='lat' dir='ltr'>simpliciter.</span> <span class='ocrx_word' id='word_1_84' title='bbox 912 747 995 778; x_wconf 87' lang='lat' dir='ltr'>Nam</span> <span class='ocrx_word' id='word_1_85' title='bbox 1012 757 1050 777; x_wconf 88' lang='lat' dir='ltr'>ex</span> <span class='ocrx_word' id='word_1_86' title='bbox 1064 747 1127 777; x_wconf 92' lang='lat' dir='ltr'>hoc</span> <span class='ocrx_word' id='word_1_87' title='bbox 1140 746 1229 786; x_wconf 92' lang='lat' dir='ltr'>quod</span> <span class='ocrx_word' id='word_1_88' title='bbox 1240 747 1340 777; x_wconf 92' lang='lat' dir='ltr'>homo</span> 
     </span>
     <span class='ocr_line' id='line_1_16' title="bbox 278 791 1341 830; baseline -0.007 -4"><span class='ocrx_word' id='word_1_89' title='bbox 278 795 330 826; x_wconf 87' lang='lat' dir='ltr'>vel</span> <span class='ocrx_word' id='word_1_90' title='bbox 352 796 411 826; x_wconf 93' lang='lat' dir='ltr'>bos</span> <span class='ocrx_word' id='word_1_91' title='bbox 435 799 557 825; x_wconf 88' lang='lat' dir='ltr'>creatur</span> <span class='ocrx_word' id='word_1_92' title='bbox 580 798 652 823; x_wconf 86' lang='lat' dir='ltr'>ante</span> <span class='ocrx_word' id='word_1_93' title='bbox 676 792 785 822; x_wconf 90' lang='lat' dir='ltr'>omnia</span> <span class='ocrx_word' id='word_1_94' title='bbox 807 791 933 821; x_wconf 90' lang='lat' dir='ltr'>saecula</span> <span class='ocrx_word' id='word_1_95' title='bbox 954 791 1005 821; x_wconf 87' lang='lat' dir='ltr'>vel</span> <span class='ocrx_word' id='word_1_96' title='bbox 1024 796 1107 830; x_wconf 90' lang='lat' dir='ltr'>post,</span> <span class='ocrx_word' id='word_1_97' title='bbox 1123 800 1191 820; x_wconf 92' lang='lat' dir='ltr'>non</span> <span class='ocrx_word' id='word_1_98' title='bbox 1206 791 1341 820; x_wconf 89' lang='lat' dir='ltr'>variatur</span> 
     </span>
     <span class='ocr_line' id='line_1_17' title="bbox 278 834 1340 874; baseline -0.008 -3"><span class='ocrx_word' id='word_1_99' title='bbox 278 839 484 874; x_wconf 80' lang='lat' dir='ltr'>natura&#39;eius,</span> <span class='ocrx_word' id='word_1_100' title='bbox 500 837 555 868; x_wconf 91' lang='lat' dir='ltr'>sed</span> <span class='ocrx_word' id='word_1_101' title='bbox 570 846 719 867; x_wconf 90' lang='lat' dir='ltr'>mensura</span> <span class='ocrx_word' id='word_1_102' title='bbox 734 835 912 866; x_wconf 88' lang='lat' dir='ltr'>secundum</span> <span class='ocrx_word' id='word_1_103' title='bbox 928 834 1139 864; x_wconf 83' lang='lat' dir='ltr'>durationem.</span> <span class='ocrx_word' id='word_1_104' title='bbox 1162 834 1249 864; x_wconf 88' lang='lat' dir='ltr'>Nihil</span> <span class='ocrx_word' id='word_1_105' title='bbox 1265 844 1340 874; x_wconf 88' lang='lat' dir='ltr'>ergo</span> 
     </span>
     <span class='ocr_line' id='line_1_18' title="bbox 278 879 1341 918; baseline -0.004 -6"><span class='ocrx_word' id='word_1_106' title='bbox 278 883 403 914; x_wconf 88' lang='lat' dir='ltr'>videtur</span> <span class='ocrx_word' id='word_1_107' title='bbox 425 882 528 912; x_wconf 86' lang='lat' dir='ltr'>valere</span> <span class='ocrx_word' id='word_1_108' title='bbox 551 881 631 910; x_wconf 91' lang='lat' dir='ltr'>ratio</span> <span class='ocrx_word' id='word_1_109' title='bbox 649 879 787 910; x_wconf 89' lang='lat' dir='ltr'>inferens</span> <span class='ocrx_word' id='word_1_110' title='bbox 803 879 962 909; x_wconf 86' lang='lat' dir='ltr'>alietatem</span> <span class='ocrx_word' id='word_1_111' title='bbox 975 883 1107 909; x_wconf 90' lang='lat' dir='ltr'>naturae</span> <span class='ocrx_word' id='word_1_112' title='bbox 1123 887 1161 908; x_wconf 88' lang='lat' dir='ltr'>ex</span> <span class='ocrx_word' id='word_1_113' title='bbox 1179 879 1341 918; x_wconf 88' lang='lat' dir='ltr'>prioritate</span> 
     </span>
     <span class='ocr_line' id='line_1_19' title="bbox 280 922 933 963; baseline -0.009 -5"><span class='ocrx_word' id='word_1_114' title='bbox 280 926 458 958; x_wconf 89' lang='lat' dir='ltr'>secundum</span> <span class='ocrx_word' id='word_1_115' title='bbox 481 925 683 956; x_wconf 88' lang='lat' dir='ltr'>durationem</span> <span class='ocrx_word' id='word_1_116' title='bbox 700 922 933 963; x_wconf 91' lang='lat' dir='ltr'>productionis.</span> 
     </span>
    </p>

    <p class='ocr_par' dir='ltr' id='par_1_9' title="bbox 279 965 1343 1182">
     <span class='ocr_line' id='line_1_20' title="bbox 335 965 1341 1009; baseline -0.005 -8"><span class='ocrx_word' id='word_1_117' title='bbox 335 969 494 1005; x_wconf 88' lang='lat' dir='ltr'>Secundo,</span> <span class='ocrx_word' id='word_1_118' title='bbox 512 973 668 1009; x_wconf 86' lang='lat' dir='ltr'>quantum</span> <span class='ocrx_word' id='word_1_119' title='bbox 690 967 792 997; x_wconf 87' lang='lat' dir='ltr'>valeat</span> <span class='ocrx_word' id='word_1_120' title='bbox 815 966 854 996; x_wconf 90' lang='lat' dir='ltr'>ad</span> <span class='ocrx_word' id='word_1_121' title='bbox 876 967 1052 996; x_wconf 90' lang='lat' dir='ltr'>hominem.</span> <span class='ocrx_word' id='word_1_122' title='bbox 1081 966 1166 1003; x_wconf 91' lang='lat' dir='ltr'>Quia</span> <span class='ocrx_word' id='word_1_123' title='bbox 1189 965 1341 1005; x_wconf 88' lang='lat' dir='ltr'>Origenes</span> 
     </span>
     <span class='ocr_line' id='line_1_21' title="bbox 279 1010 1342 1055; baseline -0.006 -10"><span class='ocrx_word' id='word_1_124' title='bbox 279 1014 421 1055; x_wconf 88' lang='lat' dir='ltr'>ponebat</span> <span class='ocrx_word' id='word_1_125' title='bbox 442 1023 508 1044; x_wconf 91' lang='lat' dir='ltr'>non</span> <span class='ocrx_word' id='word_1_126' title='bbox 525 1012 631 1043; x_wconf 89' lang='lat' dir='ltr'>solum</span> <span class='ocrx_word' id='word_1_127' title='bbox 648 1011 774 1046; x_wconf 77' lang='lat' dir='ltr'>Christi,</span> <span class='ocrx_word' id='word_1_128' title='bbox 791 1010 847 1041; x_wconf 90' lang='lat' dir='ltr'>sed</span> <span class='ocrx_word' id='word_1_129' title='bbox 870 1011 1017 1040; x_wconf 87' lang='lat' dir='ltr'>omniurn</span> <span class='ocrx_word' id='word_1_130' title='bbox 1037 1010 1206 1039; x_wconf 91' lang='lat' dir='ltr'>hominum</span> <span class='ocrx_word' id='word_1_131' title='bbox 1223 1010 1342 1040; x_wconf 90' lang='lat' dir='ltr'>animas</span> 
     </span>
     <span class='ocr_line' id='line_1_22' title="bbox 281 1053 1343 1094; baseline -0.006 -5"><span class='ocrx_word' id='word_1_132' title='bbox 281 1059 319 1088; x_wconf 91' lang='lat' dir='ltr'>ab</span> <span class='ocrx_word' id='word_1_133' title='bbox 341 1058 433 1088; x_wconf 90' lang='lat' dir='ltr'>initio</span> <span class='ocrx_word' id='word_1_134' title='bbox 454 1062 581 1088; x_wconf 83' lang='lat' dir='ltr'>creatas.</span> <span class='ocrx_word' id='word_1_135' title='bbox 605 1055 699 1086; x_wconf 89' lang='lat' dir='ltr'>Unde</span> <span class='ocrx_word' id='word_1_136' title='bbox 722 1055 831 1094; x_wconf 89' lang='lat' dir='ltr'>magis,</span> <span class='ocrx_word' id='word_1_137' title='bbox 848 1055 874 1084; x_wconf 92' lang='lat' dir='ltr'>si</span> <span class='ocrx_word' id='word_1_138' title='bbox 889 1055 969 1084; x_wconf 88' lang='lat' dir='ltr'>ratio</span> <span class='ocrx_word' id='word_1_139' title='bbox 986 1054 1078 1090; x_wconf 87' lang='lat' dir='ltr'>valet,</span> <span class='ocrx_word' id='word_1_140' title='bbox 1094 1054 1238 1094; x_wconf 89' lang='lat' dir='ltr'>sequitur</span> <span class='ocrx_word' id='word_1_141' title='bbox 1253 1053 1343 1094; x_wconf 89' lang='lat' dir='ltr'>quod</span> 
     </span>
     <span class='ocr_line' id='line_1_23' title="bbox 280 1098 1341 1137; baseline -0.005 -5"><span class='ocrx_word' id='word_1_142' title='bbox 280 1103 386 1133; x_wconf 89' lang='lat' dir='ltr'>anima</span> <span class='ocrx_word' id='word_1_143' title='bbox 409 1101 525 1131; x_wconf 87' lang='lat' dir='ltr'>Christi</span> <span class='ocrx_word' id='word_1_144' title='bbox 549 1101 588 1130; x_wconf 90' lang='lat' dir='ltr'>sit</span> <span class='ocrx_word' id='word_1_145' title='bbox 611 1098 754 1130; x_wconf 89' lang='lat' dir='ltr'>eiusdem</span> <span class='ocrx_word' id='word_1_146' title='bbox 777 1104 908 1128; x_wconf 91' lang='lat' dir='ltr'>naturae</span> <span class='ocrx_word' id='word_1_147' title='bbox 938 1107 1013 1128; x_wconf 91' lang='lat' dir='ltr'>cum</span> <span class='ocrx_word' id='word_1_148' title='bbox 1042 1098 1175 1128; x_wconf 88' lang='lat' dir='ltr'>nostris:</span> <span class='ocrx_word' id='word_1_149' title='bbox 1207 1107 1245 1127; x_wconf 87' lang='lat' dir='ltr'>ex</span> <span class='ocrx_word' id='word_1_150' title='bbox 1275 1107 1341 1137; x_wconf 93' lang='lat' dir='ltr'>quo</span> 
     </span>
     <span class='ocr_line' id='line_1_24' title="bbox 280 1145 1032 1182; baseline -0.007 -6"><span class='ocrx_word' id='word_1_151' title='bbox 280 1146 376 1176; x_wconf 92' lang='lat' dir='ltr'>simul</span> <span class='ocrx_word' id='word_1_152' title='bbox 399 1146 437 1175; x_wconf 88' lang='lat' dir='ltr'>ab</span> <span class='ocrx_word' id='word_1_153' title='bbox 461 1145 552 1175; x_wconf 90' lang='lat' dir='ltr'>initio</span> <span class='ocrx_word' id='word_1_154' title='bbox 577 1153 689 1174; x_wconf 91' lang='lat' dir='ltr'>omnes</span> <span class='ocrx_word' id='word_1_155' title='bbox 713 1148 834 1173; x_wconf 91' lang='lat' dir='ltr'>creatae</span> <span class='ocrx_word' id='word_1_156' title='bbox 856 1147 1032 1182; x_wconf 88' lang='lat' dir='ltr'>ponuntur.</span> 
     </span>
    </p>
   </div>
   <div class='ocr_carea' id='block_1_7' title="bbox 336 1185 2459 1258">
    <p class='ocr_par' dir='ltr' id='par_1_10' title="bbox 336 1185 2459 1258">
     <span class='ocr_line' id='line_1_25' title="bbox 336 1185 1388 1227; baseline -0.004 -7"><span class='ocrx_word' id='word_1_157' title='bbox 336 1189 387 1220; x_wconf 90' lang='lat' dir='ltr'>Ad</span> <span class='ocrx_word' id='word_1_158' title='bbox 410 1190 472 1219; x_wconf 94' lang='lat' dir='ltr'>hoc</span> <span class='ocrx_word' id='word_1_159' title='bbox 495 1188 609 1218; x_wconf 89' lang='lat' dir='ltr'>dicitur</span> <span class='ocrx_word' id='word_1_160' title='bbox 637 1186 726 1227; x_wconf 94' lang='lat' dir='ltr'>quod</span> <span class='ocrx_word' id='word_1_161' title='bbox 749 1187 828 1216; x_wconf 91' lang='lat' dir='ltr'>ratio</span> <span class='ocrx_word' id='word_1_162' title='bbox 852 1195 919 1216; x_wconf 91' lang='lat' dir='ltr'>non</span> <span class='ocrx_word' id='word_1_163' title='bbox 943 1191 989 1215; x_wconf 89' lang='lat' dir='ltr'>est</span> <span class='ocrx_word' id='word_1_164' title='bbox 1013 1185 1052 1215; x_wconf 93' lang='lat' dir='ltr'>ad</span> <span class='ocrx_word' id='word_1_165' title='bbox 1075 1185 1257 1220; x_wconf 88' lang='lat' dir='ltr'>hominem,</span> <span class='ocrx_word' id='word_1_166' title='bbox 1288 1185 1343 1216; x_wconf 91' lang='lat' dir='ltr'>sed</span> <span class='ocrx_word' id='word_1_167' title='bbox 1386 1212 1388 1221; x_wconf 48' lang='lat'>2</span> 
     </span>
     <span class='ocr_line' id='line_1_26' title="bbox 1398 1224 2459 1258; baseline 0.004 -4"><span class='ocrx_word' id='word_1_168' title='bbox 1398 1225 1479 1255; x_wconf 92' lang='lat' dir='ltr'>bene</span> <span class='ocrx_word' id='word_1_169' title='bbox 1502 1225 1733 1255; x_wconf 89' lang='lat' dir='ltr'>resolutionem</span> <span class='ocrx_word' id='word_1_170' title='bbox 1756 1225 1871 1254; x_wconf 90' lang='lat' dir='ltr'>claram</span> <span class='ocrx_word' id='word_1_171' title='bbox 1895 1224 1980 1254; x_wconf 91' lang='lat' dir='ltr'>unde</span> <span class='ocrx_word' id='word_1_172' title='bbox 2003 1224 2082 1254; x_wconf 87' lang='lat' dir='ltr'>fides</span> <span class='ocrx_word' id='word_1_173' title='bbox 2102 1225 2218 1255; x_wconf 83' lang='lat' dir='ltr'>Christi</span> <span class='ocrx_word' id='word_1_174' title='bbox 2243 1232 2289 1256; x_wconf 90' lang='lat' dir='ltr'>est</span> <span class='ocrx_word' id='word_1_175' title='bbox 2310 1227 2459 1258; x_wconf 88' lang='lat' dir='ltr'>iustifica-</span> 
     </span>
    </p>
   </div>
   <div class='ocr_carea' id='block_1_8' title="bbox 279 1228 1344 1359">
    <p class='ocr_par' dir='ltr' id='par_1_11' title="bbox 279 1228 1344 1359">
     <span class='ocr_line' id='line_1_27' title="bbox 281 1228 1343 1273; baseline -0.006 -9"><span class='ocrx_word' id='word_1_176' title='bbox 281 1233 473 1273; x_wconf 87' lang='lat' dir='ltr'>simpliciter.</span> <span class='ocrx_word' id='word_1_177' title='bbox 503 1232 544 1262; x_wconf 92' lang='lat' dir='ltr'>Et</span> <span class='ocrx_word' id='word_1_178' title='bbox 565 1231 638 1261; x_wconf 91' lang='lat' dir='ltr'>ideo</span> <span class='ocrx_word' id='word_1_179' title='bbox 663 1240 730 1261; x_wconf 92' lang='lat' dir='ltr'>non</span> <span class='ocrx_word' id='word_1_180' title='bbox 754 1235 882 1269; x_wconf 83' lang='lat' dir='ltr'>oportet</span> <span class='ocrx_word' id='word_1_181' title='bbox 904 1230 1005 1269; x_wconf 89' lang='lat' dir='ltr'>ipsam</span> <span class='ocrx_word' id='word_1_182' title='bbox 1029 1229 1147 1259; x_wconf 85' lang='lat' dir='ltr'>salvare</span> <span class='ocrx_word' id='word_1_183' title='bbox 1174 1228 1214 1259; x_wconf 89' lang='lat' dir='ltr'>ad</span> <span class='ocrx_word' id='word_1_184' title='bbox 1239 1229 1343 1259; x_wconf 91' lang='lat' dir='ltr'>homi-</span> 
     </span>
     <span class='ocr_line' id='line_1_28' title="bbox 279 1273 1344 1315; baseline -0.007 -7"><span class='ocrx_word' id='word_1_185' title='bbox 279 1286 366 1313; x_wconf 84' lang='lat' dir='ltr'>nem,</span> <span class='ocrx_word' id='word_1_186' title='bbox 378 1276 434 1307; x_wconf 90' lang='lat' dir='ltr'>sed</span> <span class='ocrx_word' id='word_1_187' title='bbox 445 1275 638 1315; x_wconf 91' lang='lat' dir='ltr'>simpliciter.</span> <span class='ocrx_word' id='word_1_188' title='bbox 655 1273 820 1304; x_wconf 86' lang='lat' dir='ltr'>Fundatur</span> <span class='ocrx_word' id='word_1_189' title='bbox 835 1278 942 1303; x_wconf 87' lang='lat' dir='ltr'>autem</span> <span class='ocrx_word' id='word_1_190' title='bbox 958 1273 1037 1302; x_wconf 90' lang='lat' dir='ltr'>ratio</span> <span class='ocrx_word' id='word_1_191' title='bbox 1053 1282 1150 1312; x_wconf 86' lang='lat' dir='ltr'>super</span> <span class='ocrx_word' id='word_1_192' title='bbox 1164 1273 1237 1308; x_wconf 90' lang='lat' dir='ltr'>hoc,</span> <span class='ocrx_word' id='word_1_193' title='bbox 1255 1273 1344 1312; x_wconf 92' lang='lat' dir='ltr'>quod</span> 
     </span>
     <span class='ocr_line' id='line_1_29' title="bbox 279 1316 1343 1359; baseline -0.004 -7"><span class='ocrx_word' id='word_1_194' title='bbox 279 1320 430 1352; x_wconf 89' lang='lat' dir='ltr'>naturalis</span> <span class='ocrx_word' id='word_1_195' title='bbox 452 1318 568 1350; x_wconf 90' lang='lat' dir='ltr'>modus</span> <span class='ocrx_word' id='word_1_196' title='bbox 591 1317 813 1359; x_wconf 88' lang='lat' dir='ltr'>productionis</span> <span class='ocrx_word' id='word_1_197' title='bbox 837 1317 970 1347; x_wconf 89' lang='lat' dir='ltr'>alicuius</span> <span class='ocrx_word' id='word_1_198' title='bbox 993 1316 1135 1346; x_wconf 91' lang='lat' dir='ltr'>diversus</span> <span class='ocrx_word' id='word_1_199' title='bbox 1157 1325 1257 1356; x_wconf 86' lang='lat' dir='ltr'>penes</span> <span class='ocrx_word' id='word_1_200' title='bbox 1280 1317 1343 1348; x_wconf 93' lang='lat' dir='ltr'>hoc</span> 
     </span>
    </p>
   </div>
   <div class='ocr_carea' id='block_1_9' title="bbox 1061 1451 1682 1502">
    <p class='ocr_par' dir='ltr' id='par_1_12' title="bbox 1061 1451 1682 1502">
     <span class='ocr_line' id='line_1_30' title="bbox 1061 1451 1682 1502; baseline 0.003 -10"><span class='ocrx_word' id='word_1_201' title='bbox 1061 1451 1379 1495; x_wconf 88' lang='lat' dir='ltr'>ARTICULUS</span> <span class='ocrx_word' id='word_1_202' title='bbox 1410 1453 1682 1502; x_wconf 86' lang='lat' dir='ltr'>QUARTUS</span> 
     </span>
    </p>
   </div>
   <div class='ocr_carea' id='block_1_10' title="bbox 2395 280 2449 316">
    <p class='ocr_par' dir='ltr' id='par_1_13' title="bbox 2395 280 2449 316">
     <span class='ocr_line' id='line_1_31' title="bbox 2395 280 2449 316; baseline -0.019 0"><span class='ocrx_word' id='word_1_203' title='bbox 2395 280 2449 316; x_wconf 84' lang='lat'>99</span> 
     </span>
    </p>
   </div>
   <div class='ocr_carea' id='block_1_11' title="bbox 1391 348 2459 1220">
    <p class='ocr_par' dir='ltr' id='par_1_14' title="bbox 1391 348 2458 1177">
     <span class='ocr_line' id='line_1_32' title="bbox 1392 348 2452 390; baseline -0.002 -9"><span class='ocrx_word' id='word_1_204' title='bbox 1392 350 1482 390; x_wconf 85' lang='lat' dir='ltr'>quod</span> <span class='ocrx_word' id='word_1_205' title='bbox 1505 357 1551 380; x_wconf 90' lang='lat' dir='ltr'>est</span> <span class='ocrx_word' id='word_1_206' title='bbox 1573 350 1709 390; x_wconf 90' lang='lat' dir='ltr'>produci</span> <span class='ocrx_word' id='word_1_207' title='bbox 1732 350 1764 379; x_wconf 92' lang='lat' dir='ltr'>in</span> <span class='ocrx_word' id='word_1_208' title='bbox 1789 358 1941 388; x_wconf 90' lang='lat' dir='ltr'>corpore,</span> <span class='ocrx_word' id='word_1_209' title='bbox 1970 348 2021 378; x_wconf 88' lang='lat' dir='ltr'>vel</span> <span class='ocrx_word' id='word_1_210' title='bbox 2045 354 2129 378; x_wconf 89' lang='lat' dir='ltr'>extra</span> <span class='ocrx_word' id='word_1_211' title='bbox 2161 354 2191 378; x_wconf 89' lang='lat' dir='ltr'>et</span> <span class='ocrx_word' id='word_1_212' title='bbox 2218 354 2290 379; x_wconf 92' lang='lat' dir='ltr'>ante</span> <span class='ocrx_word' id='word_1_213' title='bbox 2318 358 2452 388; x_wconf 91' lang='lat' dir='ltr'>corpus,</span> 
     </span>
     <span class='ocr_line' id='line_1_33' title="bbox 1391 392 2454 432; baseline -0.001 -8"><span class='ocrx_word' id='word_1_214' title='bbox 1391 400 1546 424; x_wconf 90' lang='lat' dir='ltr'>monstrat</span> <span class='ocrx_word' id='word_1_215' title='bbox 1579 394 1791 424; x_wconf 87' lang='lat' dir='ltr'>diversitatem</span> <span class='ocrx_word' id='word_1_216' title='bbox 1822 398 1951 422; x_wconf 89' lang='lat' dir='ltr'>naturae</span> <span class='ocrx_word' id='word_1_217' title='bbox 1982 392 2027 422; x_wconf 89' lang='lat' dir='ltr'>rei</span> <span class='ocrx_word' id='word_1_218' title='bbox 2059 392 2243 431; x_wconf 88' lang='lat' dir='ltr'>productae.</span> <span class='ocrx_word' id='word_1_219' title='bbox 2282 393 2350 423; x_wconf 91' lang='lat' dir='ltr'>Nec</span> <span class='ocrx_word' id='word_1_220' title='bbox 2383 398 2454 432; x_wconf 86' lang='lat' dir='ltr'>eget</span> 
     </span>
     <span class='ocr_line' id='line_1_34' title="bbox 1392 436 2453 478; baseline -0.001 -10"><span class='ocrx_word' id='word_1_221' title='bbox 1392 438 1492 469; x_wconf 89' lang='lat' dir='ltr'>multa</span> <span class='ocrx_word' id='word_1_222' title='bbox 1521 439 1710 478; x_wconf 89' lang='lat' dir='ltr'>probatione</span> <span class='ocrx_word' id='word_1_223' title='bbox 1741 438 1818 467; x_wconf 86' lang='lat' dir='ltr'>haec</span> <span class='ocrx_word' id='word_1_224' title='bbox 1847 436 2042 476; x_wconf 85' lang='lat' dir='ltr'>propositio,</span> <span class='ocrx_word' id='word_1_225' title='bbox 2075 436 2129 466; x_wconf 91' lang='lat' dir='ltr'>sed</span> <span class='ocrx_word' id='word_1_226' title='bbox 2153 442 2199 466; x_wconf 87' lang='lat' dir='ltr'>est</span> <span class='ocrx_word' id='word_1_227' title='bbox 2229 437 2318 476; x_wconf 89' lang='lat' dir='ltr'>quasi</span> <span class='ocrx_word' id='word_1_228' title='bbox 2340 446 2397 476; x_wconf 90' lang='lat' dir='ltr'>per</span> <span class='ocrx_word' id='word_1_229' title='bbox 2420 447 2453 467; x_wconf 89' lang='lat' dir='ltr'>se</span> 
     </span>
     <span class='ocr_line' id='line_1_35' title="bbox 1392 480 2454 520; baseline -0.001 -8"><span class='ocrx_word' id='word_1_230' title='bbox 1392 488 1478 512; x_wconf 89' lang='lat' dir='ltr'>nota.</span> <span class='ocrx_word' id='word_1_231' title='bbox 1503 482 1667 520; x_wconf 85' lang='lat' dir='ltr'>Quoniam</span> <span class='ocrx_word' id='word_1_232' title='bbox 1690 482 1715 511; x_wconf 88' lang='lat' dir='ltr'>si</span> <span class='ocrx_word' id='word_1_233' title='bbox 1739 491 1787 511; x_wconf 92' lang='lat' dir='ltr'>res</span> <span class='ocrx_word' id='word_1_234' title='bbox 1812 481 1935 520; x_wconf 89' lang='lat' dir='ltr'>aliquae</span> <span class='ocrx_word' id='word_1_235' title='bbox 1959 480 2003 510; x_wconf 87' lang='lat' dir='ltr'>sic</span> <span class='ocrx_word' id='word_1_236' title='bbox 2027 489 2061 510; x_wconf 90' lang='lat' dir='ltr'>se</span> <span class='ocrx_word' id='word_1_237' title='bbox 2084 480 2201 510; x_wconf 89' lang='lat' dir='ltr'>habent</span> <span class='ocrx_word' id='word_1_238' title='bbox 2225 480 2314 519; x_wconf 92' lang='lat' dir='ltr'>quod</span> <span class='ocrx_word' id='word_1_239' title='bbox 2338 490 2376 510; x_wconf 88' lang='lat' dir='ltr'>ex</span> <span class='ocrx_word' id='word_1_240' title='bbox 2398 491 2454 511; x_wconf 90' lang='lat' dir='ltr'>na-</span> 
     </span>
     <span class='ocr_line' id='line_1_36' title="bbox 1392 523 2454 556; baseline -0.001 -1"><span class='ocrx_word' id='word_1_241' title='bbox 1392 526 1470 556; x_wconf 89' lang='lat' dir='ltr'>turis</span> <span class='ocrx_word' id='word_1_242' title='bbox 1494 526 1557 555; x_wconf 89' lang='lat' dir='ltr'>suis</span> <span class='ocrx_word' id='word_1_243' title='bbox 1573 525 1734 555; x_wconf 89' lang='lat' dir='ltr'>vindicant</span> <span class='ocrx_word' id='word_1_244' title='bbox 1752 524 1811 554; x_wconf 87' lang='lat' dir='ltr'>sibi</span> <span class='ocrx_word' id='word_1_245' title='bbox 1833 530 1898 554; x_wconf 86' lang='lat' dir='ltr'>tam</span> <span class='ocrx_word' id='word_1_246' title='bbox 1923 523 2063 554; x_wconf 86' lang='lat' dir='ltr'>diversos</span> <span class='ocrx_word' id='word_1_247' title='bbox 2079 523 2194 553; x_wconf 86' lang='lat' dir='ltr'>modos</span> <span class='ocrx_word' id='word_1_248' title='bbox 2214 534 2288 554; x_wconf 87' lang='lat' dir='ltr'>suae</span> <span class='ocrx_word' id='word_1_249' title='bbox 2304 525 2454 555; x_wconf 87' lang='lat' dir='ltr'>naturalis</span> 
     </span>
     <span class='ocr_line' id='line_1_37' title="bbox 1393 567 2454 610; baseline 0 -11"><span class='ocrx_word' id='word_1_250' title='bbox 1393 569 1632 610; x_wconf 90' lang='lat' dir='ltr'>productionis,</span> <span class='ocrx_word' id='word_1_251' title='bbox 1656 579 1723 601; x_wconf 89' lang='lat' dir='ltr'>non</span> <span class='ocrx_word' id='word_1_252' title='bbox 1746 569 1806 598; x_wconf 90' lang='lat' dir='ltr'>nisi</span> <span class='ocrx_word' id='word_1_253' title='bbox 1830 578 1868 598; x_wconf 88' lang='lat' dir='ltr'>ex</span> <span class='ocrx_word' id='word_1_254' title='bbox 1892 567 2069 598; x_wconf 90' lang='lat' dir='ltr'>diversitate</span> <span class='ocrx_word' id='word_1_255' title='bbox 2093 567 2218 597; x_wconf 89' lang='lat' dir='ltr'>formali</span> <span class='ocrx_word' id='word_1_256' title='bbox 2242 578 2347 598; x_wconf 90' lang='lat' dir='ltr'>rerum</span> <span class='ocrx_word' id='word_1_257' title='bbox 2372 578 2454 608; x_wconf 90' lang='lat' dir='ltr'>quae</span> 
     </span>
     <span class='ocr_line' id='line_1_38' title="bbox 1394 612 2455 653; baseline -0.001 -10"><span class='ocrx_word' id='word_1_258' title='bbox 1394 613 1616 653; x_wconf 91' lang='lat' dir='ltr'>producuntur</span> <span class='ocrx_word' id='word_1_259' title='bbox 1639 612 1834 653; x_wconf 88' lang='lat' dir='ltr'>procedunt:</span> <span class='ocrx_word' id='word_1_260' title='bbox 1863 617 1941 651; x_wconf 92' lang='lat' dir='ltr'>puta</span> <span class='ocrx_word' id='word_1_261' title='bbox 1964 612 2039 651; x_wconf 91' lang='lat' dir='ltr'>quia</span> <span class='ocrx_word' id='word_1_262' title='bbox 2062 621 2125 641; x_wconf 92' lang='lat' dir='ltr'>una</span> <span class='ocrx_word' id='word_1_263' title='bbox 2148 612 2330 642; x_wconf 89' lang='lat' dir='ltr'>naturaliter</span> <span class='ocrx_word' id='word_1_264' title='bbox 2353 618 2398 642; x_wconf 90' lang='lat' dir='ltr'>est</span> <span class='ocrx_word' id='word_1_265' title='bbox 2421 613 2455 642; x_wconf 90' lang='lat' dir='ltr'>in</span> 
     </span>
     <span class='ocr_line' id='line_1_39' title="bbox 1394 656 2455 697; baseline -0.001 -10"><span class='ocrx_word' id='word_1_266' title='bbox 1394 667 1530 697; x_wconf 85' lang='lat' dir='ltr'>corpore</span> <span class='ocrx_word' id='word_1_267' title='bbox 1558 663 1589 687; x_wconf 88' lang='lat' dir='ltr'>et</span> <span class='ocrx_word' id='word_1_268' title='bbox 1612 657 1671 687; x_wconf 90' lang='lat' dir='ltr'>alia</span> <span class='ocrx_word' id='word_1_269' title='bbox 1693 666 1777 692; x_wconf 92' lang='lat' dir='ltr'>non,</span> <span class='ocrx_word' id='word_1_270' title='bbox 1810 661 1841 686; x_wconf 89' lang='lat' dir='ltr'>et</span> <span class='ocrx_word' id='word_1_271' title='bbox 1863 661 2033 695; x_wconf 87' lang='lat' dir='ltr'>propterea</span> <span class='ocrx_word' id='word_1_272' title='bbox 2063 665 2127 686; x_wconf 91' lang='lat' dir='ltr'>una</span> <span class='ocrx_word' id='word_1_273' title='bbox 2150 656 2333 686; x_wconf 86' lang='lat' dir='ltr'>naturaliter</span> <span class='ocrx_word' id='word_1_274' title='bbox 2361 657 2455 696; x_wconf 89' lang='lat' dir='ltr'>exigit</span> 
     </span>
     <span class='ocr_line' id='line_1_40' title="bbox 1394 700 2456 740; baseline 0 -10"><span class='ocrx_word' id='word_1_275' title='bbox 1394 700 1462 730; x_wconf 87' lang='lat' dir='ltr'>fieri</span> <span class='ocrx_word' id='word_1_276' title='bbox 1485 701 1519 730; x_wconf 90' lang='lat' dir='ltr'>in</span> <span class='ocrx_word' id='word_1_277' title='bbox 1541 710 1694 740; x_wconf 89' lang='lat' dir='ltr'>corpore,</span> <span class='ocrx_word' id='word_1_278' title='bbox 1719 706 1749 730; x_wconf 90' lang='lat' dir='ltr'>et</span> <span class='ocrx_word' id='word_1_279' title='bbox 1773 700 1833 730; x_wconf 87' lang='lat' dir='ltr'>alia</span> <span class='ocrx_word' id='word_1_280' title='bbox 1856 705 1928 729; x_wconf 90' lang='lat' dir='ltr'>ante</span> <span class='ocrx_word' id='word_1_281' title='bbox 1953 709 2086 739; x_wconf 86' lang='lat' dir='ltr'>corpus;</span> <span class='ocrx_word' id='word_1_282' title='bbox 2118 709 2182 729; x_wconf 90' lang='lat' dir='ltr'>una</span> <span class='ocrx_word' id='word_1_283' title='bbox 2204 700 2386 730; x_wconf 88' lang='lat' dir='ltr'>naturaliter</span> <span class='ocrx_word' id='word_1_284' title='bbox 2410 706 2456 730; x_wconf 90' lang='lat' dir='ltr'>est</span> 
     </span>
     <span class='ocr_line' id='line_1_41' title="bbox 1395 743 2455 784; baseline 0 -10"><span class='ocrx_word' id='word_1_285' title='bbox 1395 743 1497 774; x_wconf 87' lang='lat' dir='ltr'>forma</span> <span class='ocrx_word' id='word_1_286' title='bbox 1521 745 1674 784; x_wconf 87' lang='lat' dir='ltr'>corporis,</span> <span class='ocrx_word' id='word_1_287' title='bbox 1699 749 1730 774; x_wconf 89' lang='lat' dir='ltr'>et</span> <span class='ocrx_word' id='word_1_288' title='bbox 1753 744 1826 774; x_wconf 90' lang='lat' dir='ltr'>ideo</span> <span class='ocrx_word' id='word_1_289' title='bbox 1850 743 1886 773; x_wconf 89' lang='lat' dir='ltr'>fit</span> <span class='ocrx_word' id='word_1_290' title='bbox 1909 744 1941 773; x_wconf 91' lang='lat' dir='ltr'>in</span> <span class='ocrx_word' id='word_1_291' title='bbox 1966 752 2111 782; x_wconf 88' lang='lat' dir='ltr'>corpore,</span> <span class='ocrx_word' id='word_1_292' title='bbox 2137 743 2196 773; x_wconf 90' lang='lat' dir='ltr'>alia</span> <span class='ocrx_word' id='word_1_293' title='bbox 2211 754 2279 774; x_wconf 92' lang='lat' dir='ltr'>non</span> <span class='ocrx_word' id='word_1_294' title='bbox 2296 750 2342 774; x_wconf 85' lang='lat' dir='ltr'>est</span> <span class='ocrx_word' id='word_1_295' title='bbox 2364 749 2455 774; x_wconf 91' lang='lat' dir='ltr'>natu-</span> 
     </span>
     <span class='ocr_line' id='line_1_42' title="bbox 1395 786 2455 828; baseline 0.001 -11"><span class='ocrx_word' id='word_1_296' title='bbox 1395 788 1498 818; x_wconf 88' lang='lat' dir='ltr'>raliter</span> <span class='ocrx_word' id='word_1_297' title='bbox 1521 787 1624 818; x_wconf 87' lang='lat' dir='ltr'>forma</span> <span class='ocrx_word' id='word_1_298' title='bbox 1647 789 1807 827; x_wconf 87' lang='lat' dir='ltr'>corporis,</span> <span class='ocrx_word' id='word_1_299' title='bbox 1839 793 1870 817; x_wconf 87' lang='lat' dir='ltr'>et</span> <span class='ocrx_word' id='word_1_300' title='bbox 1893 787 1966 817; x_wconf 93' lang='lat' dir='ltr'>ideo</span> <span class='ocrx_word' id='word_1_301' title='bbox 1994 786 2029 817; x_wconf 88' lang='lat' dir='ltr'>fit</span> <span class='ocrx_word' id='word_1_302' title='bbox 2053 792 2138 817; x_wconf 90' lang='lat' dir='ltr'>extra</span> <span class='ocrx_word' id='word_1_303' title='bbox 2168 793 2200 817; x_wconf 91' lang='lat' dir='ltr'>et</span> <span class='ocrx_word' id='word_1_304' title='bbox 2226 793 2299 818; x_wconf 87' lang='lat' dir='ltr'>ante</span> <span class='ocrx_word' id='word_1_305' title='bbox 2328 798 2455 828; x_wconf 91' lang='lat' dir='ltr'>corpus.</span> 
     </span>
     <span class='ocr_line' id='line_1_43' title="bbox 1395 831 2457 872; baseline 0 -10"><span class='ocrx_word' id='word_1_306' title='bbox 1395 831 1497 865; x_wconf 58' lang='lat' dir='ltr'>Unde⁴</span> <span class='ocrx_word' id='word_1_307' title='bbox 1511 832 1665 872; x_wconf 88' lang='lat' dir='ltr'>supponit</span> <span class='ocrx_word' id='word_1_308' title='bbox 1687 833 1766 862; x_wconf 91' lang='lat' dir='ltr'>haec</span> <span class='ocrx_word' id='word_1_309' title='bbox 1781 832 1860 861; x_wconf 88' lang='lat' dir='ltr'>ratio</span> <span class='ocrx_word' id='word_1_310' title='bbox 1878 832 1998 861; x_wconf 88' lang='lat' dir='ltr'>animas</span> <span class='ocrx_word' id='word_1_311' title='bbox 2014 837 2147 867; x_wconf 90' lang='lat' dir='ltr'>nostras,</span> <span class='ocrx_word' id='word_1_312' title='bbox 2167 831 2345 862; x_wconf 90' lang='lat' dir='ltr'>secundum</span> <span class='ocrx_word' id='word_1_313' title='bbox 2362 842 2457 862; x_wconf 91' lang='lat' dir='ltr'>suum</span> 
     </span>
     <span class='ocr_line' id='line_1_44' title="bbox 1394 874 2455 917; baseline 0.002 -12"><span class='ocrx_word' id='word_1_314' title='bbox 1394 876 1571 906; x_wconf 89' lang='lat' dir='ltr'>naturalem</span> <span class='ocrx_word' id='word_1_315' title='bbox 1594 875 1729 906; x_wconf 92' lang='lat' dir='ltr'>modum</span> <span class='ocrx_word' id='word_1_316' title='bbox 1751 874 1859 910; x_wconf 91' lang='lat' dir='ltr'>fiendi,</span> <span class='ocrx_word' id='word_1_317' title='bbox 1883 875 2023 905; x_wconf 83' lang='lat' dir='ltr'>creando</span> <span class='ocrx_word' id='word_1_318' title='bbox 2047 875 2178 916; x_wconf 86' lang='lat' dir='ltr'>infundi</span> <span class='ocrx_word' id='word_1_319' title='bbox 2200 881 2231 906; x_wconf 86' lang='lat' dir='ltr'>et</span> <span class='ocrx_word' id='word_1_320' title='bbox 2256 876 2455 917; x_wconf 85' lang='lat' dir='ltr'>infundendo</span> 
     </span>
     <span class='ocr_line' id='line_1_45' title="bbox 1396 918 2456 959; baseline 0.003 -11"><span class='ocrx_word' id='word_1_321' title='bbox 1396 919 1503 949; x_wconf 84' lang='lat' dir='ltr'>creari</span> <span class='ocrx_word' id='word_1_322' title='bbox 1517 921 1544 955; x_wconf 39' lang='grc' dir='ltr'>ἢ,</span> <span class='ocrx_word' id='word_1_323' title='bbox 1569 920 1644 959; x_wconf 89' lang='lat' dir='ltr'>quia</span> <span class='ocrx_word' id='word_1_324' title='bbox 1659 924 1734 949; x_wconf 91' lang='lat' dir='ltr'>sunt</span> <span class='ocrx_word' id='word_1_325' title='bbox 1748 919 1929 949; x_wconf 91' lang='lat' dir='ltr'>naturaliter</span> <span class='ocrx_word' id='word_1_326' title='bbox 1944 918 2065 949; x_wconf 88' lang='lat' dir='ltr'>formae</span> <span class='ocrx_word' id='word_1_327' title='bbox 2082 929 2273 959; x_wconf 83' lang='lat' dir='ltr'>corporum:</span> <span class='ocrx_word' id='word_1_328' title='bbox 2299 925 2330 950; x_wconf 91' lang='lat' dir='ltr'>et</span> <span class='ocrx_word' id='word_1_329' title='bbox 2345 930 2383 950; x_wconf 84' lang='lat' dir='ltr'>ex</span> <span class='ocrx_word' id='word_1_330' title='bbox 2398 921 2456 951; x_wconf 90' lang='lat' dir='ltr'>hac</span> 
     </span>
     <span class='ocr_line' id='line_1_46' title="bbox 1396 962 2456 1002; baseline 0.003 -10"><span class='ocrx_word' id='word_1_331' title='bbox 1396 964 1617 1002; x_wconf 86' lang='lat' dir='ltr'>suppositione</span> <span class='ocrx_word' id='word_1_332' title='bbox 1641 964 1743 1002; x_wconf 89' lang='lat' dir='ltr'>arguit</span> <span class='ocrx_word' id='word_1_333' title='bbox 1766 962 1855 1002; x_wconf 90' lang='lat' dir='ltr'>quod</span> <span class='ocrx_word' id='word_1_334' title='bbox 1878 963 1983 992; x_wconf 90' lang='lat' dir='ltr'>anima</span> <span class='ocrx_word' id='word_1_335' title='bbox 2006 962 2122 992; x_wconf 90' lang='lat' dir='ltr'>Christi</span> <span class='ocrx_word' id='word_1_336' title='bbox 2145 973 2212 993; x_wconf 89' lang='lat' dir='ltr'>non</span> <span class='ocrx_word' id='word_1_337' title='bbox 2228 963 2289 994; x_wconf 89' lang='lat' dir='ltr'>fuit</span> <span class='ocrx_word' id='word_1_338' title='bbox 2311 965 2349 994; x_wconf 91' lang='lat' dir='ltr'>ab</span> <span class='ocrx_word' id='word_1_339' title='bbox 2365 965 2456 995; x_wconf 91' lang='lat' dir='ltr'>initio</span> 
     </span>
     <span class='ocr_line' id='line_1_47' title="bbox 1396 1007 2455 1047; baseline 0.003 -11"><span class='ocrx_word' id='word_1_340' title='bbox 1396 1012 1499 1036; x_wconf 87' lang='lat' dir='ltr'>creata</span> <span class='ocrx_word' id='word_1_341' title='bbox 1523 1012 1554 1036; x_wconf 92' lang='lat' dir='ltr'>et</span> <span class='ocrx_word' id='word_1_342' title='bbox 1577 1012 1747 1046; x_wconf 87' lang='lat' dir='ltr'>assumpta.</span> <span class='ocrx_word' id='word_1_343' title='bbox 1783 1007 1943 1046; x_wconf 90' lang='lat' dir='ltr'>Supponit</span> <span class='ocrx_word' id='word_1_344' title='bbox 1967 1007 2062 1036; x_wconf 91' lang='lat' dir='ltr'>etiam</span> <span class='ocrx_word' id='word_1_345' title='bbox 2086 1007 2175 1046; x_wconf 91' lang='lat' dir='ltr'>quod</span> <span class='ocrx_word' id='word_1_346' title='bbox 2198 1008 2231 1037; x_wconf 92' lang='lat' dir='ltr'>in</span> <span class='ocrx_word' id='word_1_347' title='bbox 2254 1009 2356 1047; x_wconf 91' lang='lat' dir='ltr'>prima</span> <span class='ocrx_word' id='word_1_348' title='bbox 2380 1018 2455 1039; x_wconf 93' lang='lat' dir='ltr'>con-</span> 
     </span>
     <span class='ocr_line' id='line_1_48' title="bbox 1395 1050 2457 1090; baseline 0.003 -11"><span class='ocrx_word' id='word_1_349' title='bbox 1395 1051 1560 1080; x_wconf 81' lang='lat' dir='ltr'>stitutione</span> <span class='ocrx_word' id='word_1_350' title='bbox 1583 1051 1722 1080; x_wconf 88' lang='lat' dir='ltr'>universi</span> <span class='ocrx_word' id='word_1_351' title='bbox 1746 1059 1813 1080; x_wconf 92' lang='lat' dir='ltr'>non</span> <span class='ocrx_word' id='word_1_352' title='bbox 1837 1050 2018 1086; x_wconf 87' lang='lat' dir='ltr'>attenditur,</span> <span class='ocrx_word' id='word_1_353' title='bbox 2042 1055 2078 1080; x_wconf 92' lang='lat' dir='ltr'>ut</span> <span class='ocrx_word' id='word_1_354' title='bbox 2093 1051 2292 1090; x_wconf 89' lang='lat' dir='ltr'>Augustinus</span> <span class='ocrx_word' id='word_1_355' title='bbox 2309 1052 2419 1082; x_wconf 91' lang='lat' dir='ltr'>docuit</span> <span class='ocrx_word' id='word_1_356' title='bbox 2430 1054 2457 1089; x_wconf 49' lang='grc' dir='ltr'>θ’,</span> 
     </span>
     <span class='ocr_line' id='line_1_49' title="bbox 1397 1093 2458 1133; baseline 0.004 -10"><span class='ocrx_word' id='word_1_357' title='bbox 1397 1093 1475 1133; x_wconf 90' lang='lat' dir='ltr'>quid</span> <span class='ocrx_word' id='word_1_358' title='bbox 1498 1094 1586 1124; x_wconf 91' lang='lat' dir='ltr'>Deus</span> <span class='ocrx_word' id='word_1_359' title='bbox 1610 1094 1750 1133; x_wconf 86' lang='lat' dir='ltr'>potuerit</span> <span class='ocrx_word' id='word_1_360' title='bbox 1773 1093 1892 1124; x_wconf 85' lang='lat' dir='ltr'>facere:</span> <span class='ocrx_word' id='word_1_361' title='bbox 1924 1093 1980 1123; x_wconf 89' lang='lat' dir='ltr'>sed</span> <span class='ocrx_word' id='word_1_362' title='bbox 2004 1094 2081 1133; x_wconf 93' lang='lat' dir='ltr'>quid</span> <span class='ocrx_word' id='word_1_363' title='bbox 2104 1101 2234 1125; x_wconf 86' lang='lat' dir='ltr'>naturae</span> <span class='ocrx_word' id='word_1_364' title='bbox 2258 1106 2382 1132; x_wconf 89' lang='lat' dir='ltr'>rerum,</span> <span class='ocrx_word' id='word_1_365' title='bbox 2408 1106 2458 1127; x_wconf 90' lang='lat' dir='ltr'>ea-</span> 
     </span>
     <span class='ocr_line' id='line_1_50' title="bbox 1396 1137 1775 1177; baseline 0 -10"><span class='ocrx_word' id='word_1_366' title='bbox 1396 1146 1534 1176; x_wconf 90' lang='lat' dir='ltr'>rumque</span> <span class='ocrx_word' id='word_1_367' title='bbox 1559 1137 1638 1167; x_wconf 89' lang='lat' dir='ltr'>ordo</span> <span class='ocrx_word' id='word_1_368' title='bbox 1664 1138 1775 1177; x_wconf 85' lang='lat' dir='ltr'>exigat.</span> 
     </span>
    </p>

    <p class='ocr_par' dir='ltr' id='par_1_15' title="bbox 1453 1181 2459 1220">
     <span class='ocr_line' id='line_1_51' title="bbox 1453 1181 2459 1220; baseline 0.004 -10"><span class='ocrx_word' id='word_1_369' title='bbox 1453 1181 1506 1211; x_wconf 92' lang='lat' dir='ltr'>VI.</span> <span class='ocrx_word' id='word_1_370' title='bbox 1532 1181 1567 1210; x_wconf 93' lang='lat' dir='ltr'>In</span> <span class='ocrx_word' id='word_1_371' title='bbox 1590 1182 1798 1220; x_wconf 88' lang='lat' dir='ltr'>responsione</span> <span class='ocrx_word' id='word_1_372' title='bbox 1829 1181 1868 1211; x_wconf 92' lang='lat' dir='ltr'>ad</span> <span class='ocrx_word' id='word_1_373' title='bbox 1890 1181 2018 1211; x_wconf 89' lang='lat' dir='ltr'>tertium</span> <span class='ocrx_word' id='word_1_374' title='bbox 2046 1181 2189 1211; x_wconf 87' lang='lat' dir='ltr'>eiusdem</span> <span class='ocrx_word' id='word_1_375' title='bbox 2213 1183 2352 1218; x_wconf 86' lang='lat' dir='ltr'>articuli,</span> <span class='ocrx_word' id='word_1_376' title='bbox 2382 1190 2459 1214; x_wconf 87' lang='lat' dir='ltr'>nota</span> 
     </span>
    </p>
   </div>
   <div class='ocr_carea' id='block_1_12' title="bbox 1397 1268 2459 1352">
    <p class='ocr_par' dir='ltr' id='par_1_16' title="bbox 1397 1268 2459 1352">
     <span class='ocr_line' id='line_1_52' title="bbox 1398 1268 2459 1309; baseline 0.003 -11"><span class='ocrx_word' id='word_1_377' title='bbox 1398 1269 1479 1298; x_wconf 86' lang='lat' dir='ltr'>tiva:</span> <span class='ocrx_word' id='word_1_378' title='bbox 1500 1269 1628 1304; x_wconf 91' lang='lat' dir='ltr'>scilicet,</span> <span class='ocrx_word' id='word_1_379' title='bbox 1645 1278 1686 1298; x_wconf 87' lang='lat' dir='ltr'>ex</span> <span class='ocrx_word' id='word_1_380' title='bbox 1696 1269 1865 1308; x_wconf 80' lang='lat' dir='ltr'>proposito</span> <span class='ocrx_word' id='word_1_381' title='bbox 1882 1268 2010 1298; x_wconf 82' lang='lat' dir='ltr'>divinae</span> <span class='ocrx_word' id='word_1_382' title='bbox 2024 1269 2163 1309; x_wconf 83' lang='lat' dir='ltr'>gratiae,</span> <span class='ocrx_word' id='word_1_383' title='bbox 2179 1270 2266 1300; x_wconf 89' lang='lat' dir='ltr'>iuxta</span> <span class='ocrx_word' id='word_1_384' title='bbox 2281 1270 2459 1301; x_wconf 90' lang='lat' dir='ltr'>evidentem</span> 
     </span>
     <span class='ocr_line' id='line_1_53' title="bbox 1397 1312 2039 1352; baseline 0 -10"><span class='ocrx_word' id='word_1_385' title='bbox 1397 1313 1618 1342; x_wconf 90' lang='lat' dir='ltr'>auctoritatem</span> <span class='ocrx_word' id='word_1_386' title='bbox 1640 1313 1799 1352; x_wconf 87' lang='lat' dir='ltr'>Apostoli,</span> <span class='ocrx_word' id='word_1_387' title='bbox 1825 1312 1867 1342; x_wconf 86' lang='lat' dir='ltr'>ad</span> <span class='ocrx_word' id='word_1_388' title='bbox 1888 1312 1981 1342; x_wconf 89' lang='lat' dir='ltr'>Rom.</span> <span class='ocrx_word' id='word_1_389' title='bbox 1998 1322 2039 1342; x_wconf 85' lang='lat' dir='ltr'>1v.</span> 
     </span>
    </p>
   </div>
   <div class='ocr_carea' id='block_1_13' title="bbox 470 1545 2272 1585">
    <p class='ocr_par' dir='ltr' id='par_1_17' title="bbox 470 1545 2272 1585">
     <span class='ocr_line' id='line_1_54' title="bbox 470 1545 2272 1585; baseline -0.001 -6"><span class='ocrx_word' id='word_1_390' title='bbox 470 1546 629 1579; x_wconf 89' lang='lat' dir='ltr'><strong>UTRUM</strong></span> <span class='ocrx_word' id='word_1_391' title='bbox 653 1545 771 1577; x_wconf 90' lang='lat' dir='ltr'>CARO</span> <span class='ocrx_word' id='word_1_392' title='bbox 796 1545 969 1576; x_wconf 87' lang='lat' dir='ltr'>CHRISTI</span> <span class='ocrx_word' id='word_1_393' title='bbox 993 1545 1152 1576; x_wconf 86' lang='lat' dir='ltr'>FUERIT</span> <span class='ocrx_word' id='word_1_394' title='bbox 1176 1545 1298 1576; x_wconf 83' lang='lat' dir='ltr'>PRIUS</span> <span class='ocrx_word' id='word_1_395' title='bbox 1321 1546 1351 1576; x_wconf 94' lang='lat' dir='ltr'><strong>A</strong></span> <span class='ocrx_word' id='word_1_396' title='bbox 1374 1546 1519 1577; x_wconf 88' lang='lat' dir='ltr'>VERBO</span> <span class='ocrx_word' id='word_1_397' title='bbox 1542 1547 1772 1578; x_wconf 90' lang='lat' dir='ltr'>ASSUMPTA</span> <span class='ocrx_word' id='word_1_398' title='bbox 1794 1546 1921 1585; x_wconf 90' lang='lat' dir='ltr'>QUAM</span> <span class='ocrx_word' id='word_1_399' title='bbox 1945 1547 2113 1578; x_wconf 89' lang='lat' dir='ltr'><strong>ANIMAE</strong></span> <span class='ocrx_word' id='word_1_400' title='bbox 2136 1548 2272 1578; x_wconf 85' lang='lat' dir='ltr'><strong>UNITA</strong></span> 
     </span>
    </p>
   </div>
   <div class='ocr_carea' id='block_1_14' title="bbox 915 1614 1827 1649">
    <p class='ocr_par' dir='ltr' id='par_1_18' title="bbox 915 1614 1827 1649">
     <span class='ocr_line' id='line_1_55' title="bbox 915 1614 1827 1649; baseline 0.003 -11"><span class='ocrx_word' id='word_1_401' title='bbox 915 1615 947 1639; x_wconf 88' lang='lat'>111</span> <span class='ocrx_word' id='word_1_402' title='bbox 967 1614 1050 1644; x_wconf 68' lang='lat' dir='ltr'>Sent„</span> <span class='ocrx_word' id='word_1_403' title='bbox 1071 1614 1129 1639; x_wconf 87' lang='lat' dir='ltr'>dist.</span> <span class='ocrx_word' id='word_1_404' title='bbox 1149 1622 1176 1644; x_wconf 81' lang='grc' dir='ltr'>ιι,</span> <span class='ocrx_word' id='word_1_405' title='bbox 1196 1622 1240 1647; x_wconf 85' lang='lat' dir='ltr'>qu.</span> <span class='ocrx_word' id='word_1_406' title='bbox 1259 1622 1287 1646; x_wconf 87' lang='lat' dir='ltr'>u,</span> <span class='ocrx_word' id='word_1_407' title='bbox 1307 1620 1354 1640; x_wconf 79' lang='lat' dir='ltr'>art.</span> <span class='ocrx_word' id='word_1_408' title='bbox 1375 1615 1404 1646; x_wconf 80' lang='lat'>33</span> <span class='ocrx_word' id='word_1_409' title='bbox 1424 1615 1458 1640; x_wconf 94' lang='lat' dir='ltr'>1v</span> <span class='ocrx_word' id='word_1_410' title='bbox 1479 1616 1555 1641; x_wconf 83' lang='lat' dir='ltr'>Cont.</span> <span class='ocrx_word' id='word_1_411' title='bbox 1577 1617 1666 1646; x_wconf 83' lang='lat' dir='ltr'>Gent.‚</span> <span class='ocrx_word' id='word_1_412' title='bbox 1685 1624 1740 1649; x_wconf 87' lang='lat' dir='ltr'>cap.</span> <span class='ocrx_word' id='word_1_413' title='bbox 1759 1623 1827 1641; x_wconf 71' lang='lat' dir='ltr'>niv,</span> 
     </span>
    </p>
   </div>
   <div class='ocr_carea' id='block_1_15' title="bbox 286 1699 495 1896">
    <p class='ocr_par' dir='ltr' id='par_1_19' title="bbox 286 1699 495 1896">
     <span class='ocr_line' id='line_1_56' title="bbox 286 1699 495 1896; baseline 0 0"><span class='ocrx_word' id='word_1_414' title='bbox 286 1699 495 1896; x_wconf 95' lang='lat' dir='ltr'>   </span> 
     </span>
    </p>
   </div>
   <div class='ocr_carea' id='block_1_16' title="bbox 283 1745 1350 3372">
    <p class='ocr_par' dir='ltr' id='par_1_20' title="bbox 283 1745 1349 2310">
     <span class='ocr_line' id='line_1_57' title="bbox 423 1745 1345 1807; baseline -0.002 -23"><span class='ocrx_word' id='word_1_415' title='bbox 423 1774 473 1807; x_wconf 42' lang='grc' dir='ltr'><strong><em>ψ</em></strong></span> <span class='ocrx_word' id='word_1_416' title='bbox 497 1759 585 1784; x_wconf 90' lang='lat' dir='ltr'>caro</span> <span class='ocrx_word' id='word_1_417' title='bbox 607 1746 746 1783; x_wconf 91' lang='lat' dir='ltr'>Christi</span> <span class='ocrx_word' id='word_1_418' title='bbox 764 1746 833 1783; x_wconf 84' lang='lat' dir='ltr'>fuit</span> <span class='ocrx_word' id='word_1_419' title='bbox 845 1745 973 1794; x_wconf 91' lang='lat' dir='ltr'>primo</span> <span class='ocrx_word' id='word_1_420' title='bbox 985 1751 1002 1766; x_wconf 62' lang='grc' dir='ltr'><strong>α</strong></span> <span class='ocrx_word' id='word_1_421' title='bbox 1017 1758 1039 1782; x_wconf 92' lang='grc'>3</span> <span class='ocrx_word' id='word_1_422' title='bbox 1053 1746 1182 1782; x_wconf 89' lang='lat' dir='ltr'>Verbo</span> <span class='ocrx_word' id='word_1_423' title='bbox 1198 1758 1345 1782; x_wconf 89' lang='lat' dir='ltr'>assum-</span> 
     </span>
     <span class='ocr_line' id='line_1_58' title="bbox 318 1788 1345 1848; baseline -0.002 -12"><span class='ocrx_word' id='word_1_424' title='bbox 318 1842 319 1845; x_wconf 12' lang='lat'><em>*</em></span> <span class='ocrx_word' id='word_1_425' title='bbox 349 1814 424 1848; x_wconf 41' lang='grc' dir='ltr'>,κς</span> <span class='ocrx_word' id='word_1_426' title='bbox 438 1788 467 1846; x_wconf 52' lang='grc' dir='ltr'>’ᾗ</span> <span class='ocrx_word' id='word_1_427' title='bbox 496 1807 561 1848; x_wconf 88' lang='lat' dir='ltr'>pta</span> <span class='ocrx_word' id='word_1_428' title='bbox 579 1811 699 1848; x_wconf 89' lang='lat' dir='ltr'>quam</span> <span class='ocrx_word' id='word_1_429' title='bbox 718 1798 870 1835; x_wconf 90' lang='lat' dir='ltr'>animae</span> <span class='ocrx_word' id='word_1_430' title='bbox 889 1797 1006 1834; x_wconf 90' lang='lat' dir='ltr'>unita.</span> <span class='ocrx_word' id='word_1_431' title='bbox 1027 1797 1127 1835; x_wconf 89' lang='lat' dir='ltr'>Dicit</span> <span class='ocrx_word' id='word_1_432' title='bbox 1147 1798 1252 1834; x_wconf 89' lang='lat' dir='ltr'>enim</span> <span class='ocrx_word' id='word_1_433' title='bbox 1266 1799 1345 1834; x_wconf 92' lang='lat' dir='ltr'>Au-</span> 
     </span>
     <span class='ocr_line' id='line_1_59' title="bbox 305 1826 1344 1900; baseline 0.001 -15"><span class='ocrx_word' id='word_1_434' title='bbox 305 1853 308 1856; x_wconf 84' lang='lat'>&#39;</span> <span class='ocrx_word' id='word_1_435' title='bbox 341 1826 440 1885; x_wconf 46' lang='lat' dir='ltr'>&amp;ab</span> <span class='ocrx_word' id='word_1_436' title='bbox 454 1842 487 1885; x_wconf 45' lang='grc' dir='ltr'>Κ</span> <span class='ocrx_word' id='word_1_437' title='bbox 496 1851 669 1900; x_wconf 88' lang='lat' dir='ltr'>gustinus</span> <span class='ocrx_word' id='word_1_438' title='bbox 679 1851 710 1896; x_wconf 70' lang='lat'>³¹⁶,</span> <span class='ocrx_word' id='word_1_439' title='bbox 727 1850 766 1887; x_wconf 91' lang='lat' dir='ltr'>in</span> <span class='ocrx_word' id='word_1_440' title='bbox 781 1850 877 1887; x_wconf 90' lang='lat' dir='ltr'>libro</span> <span class='ocrx_word' id='word_1_441' title='bbox 893 1850 938 1887; x_wconf 82' lang='lat' dir='ltr'>de</span> <span class='ocrx_word' id='word_1_442' title='bbox 950 1851 1042 1887; x_wconf 86' lang='lat' dir='ltr'>Fide</span> <span class='ocrx_word' id='word_1_443' title='bbox 1060 1850 1111 1887; x_wconf 86' lang='lat' dir='ltr'>ad</span> <span class='ocrx_word' id='word_1_444' title='bbox 1121 1851 1273 1887; x_wconf 88' lang='lat' dir='ltr'>Petrum</span> <span class='ocrx_word' id='word_1_445' title='bbox 1287 1850 1344 1886; x_wconf 67' lang='lat'><strong>*²¹⁸1</strong></span> 
     </span>
     <span class='ocr_line' id='line_1_60' title="bbox 283 1903 1347 1950; baseline -0.003 -8"><span class='ocrx_word' id='word_1_446' title='bbox 283 1906 515 1944; x_wconf 81' lang='lat' dir='ltr'>Firmissime</span> <span class='ocrx_word' id='word_1_447' title='bbox 532 1910 624 1950; x_wconf 87' lang='lat' dir='ltr'>tene,</span> <span class='ocrx_word' id='word_1_448' title='bbox 645 1909 678 1940; x_wconf 86' lang='lat' dir='ltr'>et</span> <span class='ocrx_word' id='word_1_449' title='bbox 697 1903 903 1940; x_wconf 86' lang='lat' dir='ltr'>nullatenus</span> <span class='ocrx_word' id='word_1_450' title='bbox 928 1903 1076 1949; x_wconf 83' lang='lat' dir='ltr'>dubites,</span> <span class='ocrx_word' id='word_1_451' title='bbox 1098 1915 1171 1939; x_wconf 91' lang='lat' dir='ltr'>non</span> <span class='ocrx_word' id='word_1_452' title='bbox 1194 1915 1347 1940; x_wconf 87' lang='lat' dir='ltr'>carnem</span> 
     </span>
     <span class='ocr_line' id='line_1_61' title="bbox 290 1957 1348 2005; baseline -0.004 -10"><span class='ocrx_word' id='word_1_453' title='bbox 290 1959 427 1996; x_wconf 84' lang='lat' dir='ltr'>Christi</span> <span class='ocrx_word' id='word_1_454' title='bbox 450 1958 529 1994; x_wconf 88' lang='lat' dir='ltr'>sine</span> <span class='ocrx_word' id='word_1_455' title='bbox 551 1957 738 1994; x_wconf 83' lang='lat' dir='ltr'>divinitate</span> <span class='ocrx_word' id='word_1_456' title='bbox 755 1961 970 2004; x_wconf 84' lang='lat' dir='ltr'>conceptam</span> <span class='ocrx_word' id='word_1_457' title='bbox 998 1957 1034 1991; x_wconf 89' lang='lat' dir='ltr'>in</span> <span class='ocrx_word' id='word_1_458' title='bbox 1055 1961 1158 1992; x_wconf 86' lang='lat' dir='ltr'>utero</span> <span class='ocrx_word' id='word_1_459' title='bbox 1186 1957 1348 2005; x_wconf 81' lang='lat' dir='ltr'>Virginis</span> 
     </span>
     <span class='ocr_line' id='line_1_62' title="bbox 286 2007 1349 2060; baseline -0.004 -12"><span class='ocrx_word' id='word_1_460' title='bbox 286 2016 483 2060; x_wconf 83' lang='lat' dir='ltr'>antequam</span> <span class='ocrx_word' id='word_1_461' title='bbox 510 2011 755 2058; x_wconf 54' lang='lat' dir='ltr'>susciperetur</span> <span class='ocrx_word' id='word_1_462' title='bbox 782 2021 805 2045; x_wconf 86' lang='lat' dir='ltr'>a</span> <span class='ocrx_word' id='word_1_463' title='bbox 832 2009 962 2045; x_wconf 77' lang='lat' dir='ltr'>Verbo.</span> <span class='ocrx_word' id='word_1_464' title='bbox 994 2008 1071 2045; x_wconf 92' lang='lat' dir='ltr'>Sed</span> <span class='ocrx_word' id='word_1_465' title='bbox 1090 2020 1179 2044; x_wconf 89' lang='lat' dir='ltr'>caro</span> <span class='ocrx_word' id='word_1_466' title='bbox 1209 2007 1349 2045; x_wconf 88' lang='lat' dir='ltr'>Christi</span> 
     </span>
     <span class='ocr_line' id='line_1_63' title="bbox 285 2060 1348 2112; baseline -0.003 -12"><span class='ocrx_word' id='word_1_467' title='bbox 285 2062 438 2100; x_wconf 89' lang='lat' dir='ltr'>videtur</span> <span class='ocrx_word' id='word_1_468' title='bbox 455 2062 561 2112; x_wconf 90' lang='lat' dir='ltr'>prius</span> <span class='ocrx_word' id='word_1_469' title='bbox 580 2061 695 2098; x_wconf 84' lang='lat' dir='ltr'>fuisse</span> <span class='ocrx_word' id='word_1_470' title='bbox 714 2067 900 2110; x_wconf 91' lang='lat' dir='ltr'>concepta</span> <span class='ocrx_word' id='word_1_471' title='bbox 919 2072 1038 2110; x_wconf 90' lang='lat' dir='ltr'>quam</span> <span class='ocrx_word' id='word_1_472' title='bbox 1065 2060 1216 2097; x_wconf 88' lang='lat' dir='ltr'>animae</span> <span class='ocrx_word' id='word_1_473' title='bbox 1236 2060 1348 2097; x_wconf 91' lang='lat' dir='ltr'>ratio-</span> 
     </span>
     <span class='ocr_line' id='line_1_64' title="bbox 287 2112 1349 2163; baseline -0.004 -10"><span class='ocrx_word' id='word_1_474' title='bbox 287 2115 365 2154; x_wconf 88' lang='lat' dir='ltr'>nali</span> <span class='ocrx_word' id='word_1_475' title='bbox 392 2115 515 2152; x_wconf 91' lang='lat' dir='ltr'>unita:</span> <span class='ocrx_word' id='word_1_476' title='bbox 549 2114 641 2163; x_wconf 89' lang='lat' dir='ltr'>quia</span> <span class='ocrx_word' id='word_1_477' title='bbox 667 2113 872 2151; x_wconf 89' lang='lat' dir='ltr'>materialis</span> <span class='ocrx_word' id='word_1_478' title='bbox 894 2112 908 2142; x_wconf 72' lang='grc' dir='ltr'><strong>β</strong></span> <span class='ocrx_word' id='word_1_479' title='bbox 935 2112 1133 2162; x_wconf 89' lang='lat' dir='ltr'>dispositio</span> <span class='ocrx_word' id='word_1_480' title='bbox 1159 2112 1265 2161; x_wconf 90' lang='lat' dir='ltr'>prius</span> <span class='ocrx_word' id='word_1_481' title='bbox 1293 2121 1349 2149; x_wconf 91' lang='lat' dir='ltr'>est</span> 
     </span>
     <span class='ocr_line' id='line_1_65' title="bbox 286 2165 1349 2216; baseline -0.005 -10"><span class='ocrx_word' id='word_1_482' title='bbox 286 2168 328 2206; x_wconf 91' lang='lat' dir='ltr'>in</span> <span class='ocrx_word' id='word_1_483' title='bbox 346 2167 410 2206; x_wconf 88' lang='lat' dir='ltr'>via</span> <span class='ocrx_word' id='word_1_484' title='bbox 427 2166 680 2216; x_wconf 86' lang='lat' dir='ltr'>generationis</span> <span class='ocrx_word' id='word_1_485' title='bbox 698 2178 819 2215; x_wconf 89' lang='lat' dir='ltr'>quam</span> <span class='ocrx_word' id='word_1_486' title='bbox 837 2166 962 2203; x_wconf 86' lang='lat' dir='ltr'>forma</span> <span class='ocrx_word' id='word_1_487' title='bbox 980 2165 1223 2214; x_wconf 90' lang='lat' dir='ltr'>completiva.</span> <span class='ocrx_word' id='word_1_488' title='bbox 1247 2166 1349 2213; x_wconf 88' lang='lat' dir='ltr'>Ergo</span> 
     </span>
     <span class='ocr_line' id='line_1_66' title="bbox 287 2218 1349 2271; baseline -0.003 -14"><span class='ocrx_word' id='word_1_489' title='bbox 287 2220 395 2271; x_wconf 90' lang='lat' dir='ltr'>prius</span> <span class='ocrx_word' id='word_1_490' title='bbox 422 2220 491 2257; x_wconf 88' lang='lat' dir='ltr'>fuit</span> <span class='ocrx_word' id='word_1_491' title='bbox 524 2231 614 2256; x_wconf 88' lang='lat' dir='ltr'>caro</span> <span class='ocrx_word' id='word_1_492' title='bbox 643 2218 782 2256; x_wconf 90' lang='lat' dir='ltr'>Christi</span> <span class='ocrx_word' id='word_1_493' title='bbox 817 2226 1014 2267; x_wconf 89' lang='lat' dir='ltr'>assumpta</span> <span class='ocrx_word' id='word_1_494' title='bbox 1045 2230 1164 2267; x_wconf 91' lang='lat' dir='ltr'>quam</span> <span class='ocrx_word' id='word_1_495' title='bbox 1198 2218 1349 2255; x_wconf 87' lang='lat' dir='ltr'>animae</span> 
     </span>
     <span class='ocr_line' id='line_1_67' title="bbox 289 2273 406 2310; baseline -0.009 0"><span class='ocrx_word' id='word_1_496' title='bbox 289 2273 406 2310; x_wconf 90' lang='lat' dir='ltr'>unita.</span> 
     </span>
    </p>

    <p class='ocr_par' dir='ltr' id='par_1_21' title="bbox 288 2323 1350 2847">
     <span class='ocr_line' id='line_1_68' title="bbox 343 2323 1349 2373; baseline -0.002 -11"><span class='ocrx_word' id='word_1_497' title='bbox 343 2337 378 2362; x_wconf 88' lang='lat'>2.</span> <span class='ocrx_word' id='word_1_498' title='bbox 407 2325 646 2371; x_wconf 77' lang='lat' dir='ltr'>PRAETEREA,</span> <span class='ocrx_word' id='word_1_499' title='bbox 677 2323 773 2360; x_wconf 90' lang='lat' dir='ltr'>sicut</span> <span class='ocrx_word' id='word_1_500' title='bbox 808 2323 938 2361; x_wconf 90' lang='lat' dir='ltr'>anima</span> <span class='ocrx_word' id='word_1_501' title='bbox 974 2331 1030 2360; x_wconf 91' lang='lat' dir='ltr'>est</span> <span class='ocrx_word' id='word_1_502' title='bbox 1065 2336 1154 2373; x_wconf 89' lang='lat' dir='ltr'>pars</span> <span class='ocrx_word' id='word_1_503' title='bbox 1190 2331 1349 2360; x_wconf 90' lang='lat' dir='ltr'>naturae</span> 
     </span>
     <span class='ocr_line' id='line_1_69' title="bbox 288 2375 1349 2425; baseline -0.004 -9"><span class='ocrx_word' id='word_1_504' title='bbox 288 2378 496 2424; x_wconf 84' lang='lat' dir='ltr'>humanae,</span> <span class='ocrx_word' id='word_1_505' title='bbox 516 2376 567 2413; x_wconf 88' lang='lat' dir='ltr'>ita</span> <span class='ocrx_word' id='word_1_506' title='bbox 595 2384 631 2413; x_wconf 92' lang='lat' dir='ltr'>et</span> <span class='ocrx_word' id='word_1_507' title='bbox 649 2388 802 2425; x_wconf 90' lang='lat' dir='ltr'>corpus.</span> <span class='ocrx_word' id='word_1_508' title='bbox 833 2376 909 2414; x_wconf 89' lang='lat' dir='ltr'>Sed</span> <span class='ocrx_word' id='word_1_509' title='bbox 929 2375 1058 2413; x_wconf 89' lang='lat' dir='ltr'>anima</span> <span class='ocrx_word' id='word_1_510' title='bbox 1077 2377 1250 2413; x_wconf 92' lang='lat' dir='ltr'>humana</span> <span class='ocrx_word' id='word_1_511' title='bbox 1269 2388 1349 2413; x_wconf 92' lang='lat' dir='ltr'>non</span> 
     </span>
     <span class='ocr_line' id='line_1_70' title="bbox 289 2428 1350 2478; baseline -0.003 -10"><span class='ocrx_word' id='word_1_512' title='bbox 289 2430 423 2468; x_wconf 84' lang='lat' dir='ltr'>habuit</span> <span class='ocrx_word' id='word_1_513' title='bbox 441 2429 544 2467; x_wconf 89' lang='lat' dir='ltr'>aliud</span> <span class='ocrx_word' id='word_1_514' title='bbox 562 2429 796 2478; x_wconf 89' lang='lat' dir='ltr'>principium</span> <span class='ocrx_word' id='word_1_515' title='bbox 815 2429 874 2466; x_wconf 91' lang='lat' dir='ltr'>sui</span> <span class='ocrx_word' id='word_1_516' title='bbox 893 2441 974 2466; x_wconf 90' lang='lat' dir='ltr'>esse</span> <span class='ocrx_word' id='word_1_517' title='bbox 994 2429 1034 2465; x_wconf 92' lang='lat' dir='ltr'>in</span> <span class='ocrx_word' id='word_1_518' title='bbox 1054 2428 1206 2466; x_wconf 92' lang='lat' dir='ltr'>Christo</span> <span class='ocrx_word' id='word_1_519' title='bbox 1231 2441 1350 2478; x_wconf 90' lang='lat' dir='ltr'>quam</span> 
     </span>
     <span class='ocr_line' id='line_1_71' title="bbox 288 2481 1350 2531; baseline -0.002 -11"><span class='ocrx_word' id='word_1_520' title='bbox 288 2483 329 2520; x_wconf 91' lang='lat' dir='ltr'>in</span> <span class='ocrx_word' id='word_1_521' title='bbox 347 2482 428 2520; x_wconf 88' lang='lat' dir='ltr'>aliis</span> <span class='ocrx_word' id='word_1_522' title='bbox 447 2481 688 2519; x_wconf 90' lang='lat' dir='ltr'>hominibus:</span> <span class='ocrx_word' id='word_1_523' title='bbox 718 2489 760 2518; x_wconf 92' lang='lat' dir='ltr'>ut</span> <span class='ocrx_word' id='word_1_524' title='bbox 779 2489 882 2531; x_wconf 91' lang='lat' dir='ltr'>patet</span> <span class='ocrx_word' id='word_1_525' title='bbox 901 2493 948 2518; x_wconf 87' lang='lat' dir='ltr'>ex</span> <span class='ocrx_word' id='word_1_526' title='bbox 966 2481 1187 2518; x_wconf 89' lang='lat' dir='ltr'>auctoritate</span> <span class='ocrx_word' id='word_1_527' title='bbox 1206 2482 1350 2518; x_wconf 91' lang='lat' dir='ltr'>Leonis</span> 
     </span>
     <span class='ocr_line' id='line_1_72' title="bbox 289 2534 1350 2585; baseline -0.001 -13"><span class='ocrx_word' id='word_1_528' title='bbox 289 2537 416 2585; x_wconf 90' lang='lat' dir='ltr'>Papae</span> <span class='ocrx_word' id='word_1_529' title='bbox 445 2541 561 2584; x_wconf 83' lang='lat' dir='ltr'>supra</span> <span class='ocrx_word' id='word_1_530' title='bbox 577 2534 598 2556; x_wconf 78' lang='lat'>&#39;¹‘</span> <span class='ocrx_word' id='word_1_531' title='bbox 625 2534 790 2571; x_wconf 87' lang='lat' dir='ltr'>inducta.</span> <span class='ocrx_word' id='word_1_532' title='bbox 828 2535 929 2582; x_wconf 88' lang='lat' dir='ltr'>Ergo</span> <span class='ocrx_word' id='word_1_533' title='bbox 958 2534 1110 2571; x_wconf 85' lang='lat' dir='ltr'>videtur</span> <span class='ocrx_word' id='word_1_534' title='bbox 1143 2534 1251 2583; x_wconf 89' lang='lat' dir='ltr'>quod</span> <span class='ocrx_word' id='word_1_535' title='bbox 1278 2546 1350 2571; x_wconf 92' lang='lat' dir='ltr'>nec</span> 
     </span>
     <span class='ocr_line' id='line_1_73' title="bbox 289 2586 1350 2637; baseline -0.002 -12"><span class='ocrx_word' id='word_1_536' title='bbox 289 2599 430 2637; x_wconf 89' lang='lat' dir='ltr'>corpus</span> <span class='ocrx_word' id='word_1_537' title='bbox 465 2586 604 2624; x_wconf 89' lang='lat' dir='ltr'>Christi</span> <span class='ocrx_word' id='word_1_538' title='bbox 631 2587 738 2624; x_wconf 91' lang='lat' dir='ltr'>aliter</span> <span class='ocrx_word' id='word_1_539' title='bbox 770 2586 904 2624; x_wconf 88' lang='lat' dir='ltr'>habuit</span> <span class='ocrx_word' id='word_1_540' title='bbox 931 2586 1165 2636; x_wconf 88' lang='lat' dir='ltr'>principium</span> <span class='ocrx_word' id='word_1_541' title='bbox 1199 2587 1350 2624; x_wconf 88' lang='lat' dir='ltr'>essendi</span> 
     </span>
     <span class='ocr_line' id='line_1_74' title="bbox 290 2639 1350 2690; baseline -0.002 -12"><span class='ocrx_word' id='word_1_542' title='bbox 290 2652 410 2690; x_wconf 90' lang='lat' dir='ltr'>quam</span> <span class='ocrx_word' id='word_1_543' title='bbox 437 2639 476 2676; x_wconf 93' lang='lat' dir='ltr'>in</span> <span class='ocrx_word' id='word_1_544' title='bbox 504 2639 627 2676; x_wconf 88' lang='lat' dir='ltr'>nobis.</span> <span class='ocrx_word' id='word_1_545' title='bbox 665 2639 742 2676; x_wconf 92' lang='lat' dir='ltr'>Sed</span> <span class='ocrx_word' id='word_1_546' title='bbox 770 2639 810 2676; x_wconf 92' lang='lat' dir='ltr'>in</span> <span class='ocrx_word' id='word_1_547' title='bbox 838 2639 949 2676; x_wconf 91' lang='lat' dir='ltr'>nobis</span> <span class='ocrx_word' id='word_1_548' title='bbox 987 2648 1073 2676; x_wconf 88' lang='lat' dir='ltr'>ante</span> <span class='ocrx_word' id='word_1_549' title='bbox 1093 2645 1108 2668; x_wconf 76' lang='grc' dir='ltr'>Υ</span> <span class='ocrx_word' id='word_1_550' title='bbox 1137 2639 1350 2688; x_wconf 89' lang='lat' dir='ltr'>concipitur</span> 
     </span>
     <span class='ocr_line' id='line_1_75' title="bbox 289 2691 1349 2741; baseline 0 -11"><span class='ocrx_word' id='word_1_551' title='bbox 289 2705 378 2730; x_wconf 90' lang='lat' dir='ltr'>caro</span> <span class='ocrx_word' id='word_1_552' title='bbox 398 2704 518 2741; x_wconf 93' lang='lat' dir='ltr'>quam</span> <span class='ocrx_word' id='word_1_553' title='bbox 536 2691 714 2728; x_wconf 88' lang='lat' dir='ltr'>adveniat</span> <span class='ocrx_word' id='word_1_554' title='bbox 732 2692 861 2729; x_wconf 88' lang='lat' dir='ltr'>anima</span> <span class='ocrx_word' id='word_1_555' title='bbox 879 2692 1082 2730; x_wconf 89' lang='lat' dir='ltr'>rationalis.</span> <span class='ocrx_word' id='word_1_556' title='bbox 1113 2693 1214 2740; x_wconf 89' lang='lat' dir='ltr'>Ergo</span> <span class='ocrx_word' id='word_1_557' title='bbox 1234 2692 1349 2730; x_wconf 86' lang='lat' dir='ltr'>etiam</span> 
     </span>
     <span class='ocr_line' id='line_1_76' title="bbox 290 2743 1348 2794; baseline -0.001 -11"><span class='ocrx_word' id='word_1_558' title='bbox 290 2746 341 2783; x_wconf 89' lang='lat' dir='ltr'>ita</span> <span class='ocrx_word' id='word_1_559' title='bbox 367 2744 436 2782; x_wconf 86' lang='lat' dir='ltr'>fuit</span> <span class='ocrx_word' id='word_1_560' title='bbox 454 2744 494 2781; x_wconf 89' lang='lat' dir='ltr'>in</span> <span class='ocrx_word' id='word_1_561' title='bbox 518 2743 680 2781; x_wconf 86' lang='lat' dir='ltr'>Christo.</span> <span class='ocrx_word' id='word_1_562' title='bbox 710 2745 758 2781; x_wconf 93' lang='lat' dir='ltr'>Et</span> <span class='ocrx_word' id='word_1_563' title='bbox 776 2745 829 2781; x_wconf 92' lang='lat' dir='ltr'>sic</span> <span class='ocrx_word' id='word_1_564' title='bbox 846 2757 935 2782; x_wconf 91' lang='lat' dir='ltr'>caro</span> <span class='ocrx_word' id='word_1_565' title='bbox 955 2745 1060 2794; x_wconf 92' lang='lat' dir='ltr'>prius</span> <span class='ocrx_word' id='word_1_566' title='bbox 1083 2745 1151 2781; x_wconf 84' lang='lat' dir='ltr'>fuit</span> <span class='ocrx_word' id='word_1_567' title='bbox 1179 2757 1201 2782; x_wconf 92' lang='lat' dir='ltr'>a</span> <span class='ocrx_word' id='word_1_568' title='bbox 1219 2746 1348 2782; x_wconf 90' lang='lat' dir='ltr'>Verbo</span> 
     </span>
     <span class='ocr_line' id='line_1_77' title="bbox 291 2796 957 2847; baseline -0.002 -12"><span class='ocrx_word' id='word_1_569' title='bbox 291 2804 487 2847; x_wconf 90' lang='lat' dir='ltr'>assumpta</span> <span class='ocrx_word' id='word_1_570' title='bbox 515 2809 634 2846; x_wconf 90' lang='lat' dir='ltr'>quam</span> <span class='ocrx_word' id='word_1_571' title='bbox 662 2796 812 2834; x_wconf 91' lang='lat' dir='ltr'>animae</span> <span class='ocrx_word' id='word_1_572' title='bbox 840 2797 957 2834; x_wconf 87' lang='lat' dir='ltr'>unita.</span> 
     </span>
    </p>

    <p class='ocr_par' dir='ltr' id='par_1_22' title="bbox 290 2849 1348 3164">
     <span class='ocr_line' id='line_1_78' title="bbox 346 2849 1347 2899; baseline 0 -12"><span class='ocrx_word' id='word_1_573' title='bbox 346 2851 379 2887; x_wconf 86' lang='lat'>3.</span> <span class='ocrx_word' id='word_1_574' title='bbox 409 2851 642 2895; x_wconf 76' lang='lat' dir='ltr'>PRAETEREA,</span> <span class='ocrx_word' id='word_1_575' title='bbox 662 2849 758 2886; x_wconf 90' lang='lat' dir='ltr'>sicut</span> <span class='ocrx_word' id='word_1_576' title='bbox 775 2849 912 2887; x_wconf 89' lang='lat' dir='ltr'>dicitur</span> <span class='ocrx_word' id='word_1_577' title='bbox 930 2849 970 2886; x_wconf 92' lang='lat' dir='ltr'>in</span> <span class='ocrx_word' id='word_1_578' title='bbox 988 2850 1085 2888; x_wconf 92' lang='lat' dir='ltr'>libro</span> <span class='ocrx_word' id='word_1_579' title='bbox 1105 2851 1150 2887; x_wconf 85' lang='lat' dir='ltr'>de</span> <span class='ocrx_word' id='word_1_580' title='bbox 1173 2851 1303 2888; x_wconf 82' lang='lat' dir='ltr'>Causis</span> <span class='ocrx_word' id='word_1_581' title='bbox 1316 2851 1347 2899; x_wconf 69' lang='lat'>²³²,</span> 
     </span>
     <span class='ocr_line' id='line_1_79' title="bbox 290 2902 1348 2952; baseline -0.001 -11"><span class='ocrx_word' id='word_1_582' title='bbox 290 2916 403 2942; x_wconf 85' lang='lat' dir='ltr'>causa</span> <span class='ocrx_word' id='word_1_583' title='bbox 417 2904 545 2952; x_wconf 83' lang='lat' dir='ltr'>prima</span> <span class='ocrx_word' id='word_1_584' title='bbox 558 2902 644 2951; x_wconf 82' lang='lat' dir='ltr'>plus</span> <span class='ocrx_word' id='word_1_585' title='bbox 672 2903 790 2951; x_wconf 86' lang='lat' dir='ltr'>influit</span> <span class='ocrx_word' id='word_1_586' title='bbox 809 2904 845 2939; x_wconf 83' lang='lat' dir='ltr'>in</span> <span class='ocrx_word' id='word_1_587' title='bbox 865 2909 1067 2949; x_wconf 82' lang='lat' dir='ltr'>causatum,</span> <span class='ocrx_word' id='word_1_588' title='bbox 1089 2909 1122 2940; x_wconf 91' lang='lat' dir='ltr'>et</span> <span class='ocrx_word' id='word_1_589' title='bbox 1134 2905 1243 2952; x_wconf 80' lang='lat' dir='ltr'>prius</span> <span class='ocrx_word' id='word_1_590' title='bbox 1271 2905 1348 2940; x_wconf 88' lang='lat' dir='ltr'>uni-</span> 
     </span>
     <span class='ocr_line' id='line_1_80' title="bbox 290 2955 1348 3004; baseline -0.002 -10"><span class='ocrx_word' id='word_1_591' title='bbox 290 2964 351 2994; x_wconf 89' lang='lat' dir='ltr'>tur</span> <span class='ocrx_word' id='word_1_592' title='bbox 378 2957 413 2993; x_wconf 90' lang='lat' dir='ltr'>ei</span> <span class='ocrx_word' id='word_1_593' title='bbox 439 2967 550 3004; x_wconf 85' lang='lat' dir='ltr'>quam</span> <span class='ocrx_word' id='word_1_594' title='bbox 584 2966 697 2991; x_wconf 85' lang='lat' dir='ltr'>causa</span> <span class='ocrx_word' id='word_1_595' title='bbox 730 2955 902 2992; x_wconf 86' lang='lat' dir='ltr'>secunda.</span> <span class='ocrx_word' id='word_1_596' title='bbox 940 2955 1017 2992; x_wconf 89' lang='lat' dir='ltr'>Sed</span> <span class='ocrx_word' id='word_1_597' title='bbox 1045 2955 1174 2992; x_wconf 90' lang='lat' dir='ltr'>anima</span> <span class='ocrx_word' id='word_1_598' title='bbox 1210 2956 1348 2993; x_wconf 92' lang='lat' dir='ltr'>Christi</span> 
     </span>
     <span class='ocr_line' id='line_1_81' title="bbox 291 3006 1347 3058; baseline -0.001 -12"><span class='ocrx_word' id='word_1_599' title='bbox 291 3016 536 3058; x_wconf 87' lang='lat' dir='ltr'>comparatur</span> <span class='ocrx_word' id='word_1_600' title='bbox 563 3007 611 3044; x_wconf 90' lang='lat' dir='ltr'>ad</span> <span class='ocrx_word' id='word_1_601' title='bbox 639 3006 812 3043; x_wconf 90' lang='lat' dir='ltr'>Verbum</span> <span class='ocrx_word' id='word_1_602' title='bbox 839 3007 935 3044; x_wconf 92' lang='lat' dir='ltr'>sicut</span> <span class='ocrx_word' id='word_1_603' title='bbox 961 3020 1077 3044; x_wconf 89' lang='lat' dir='ltr'>causa</span> <span class='ocrx_word' id='word_1_604' title='bbox 1103 3009 1272 3045; x_wconf 91' lang='lat' dir='ltr'>secunda</span> <span class='ocrx_word' id='word_1_605' title='bbox 1299 3009 1347 3045; x_wconf 91' lang='lat' dir='ltr'>ad</span> 
     </span>
     <span class='ocr_line' id='line_1_82' title="bbox 291 3059 1348 3111; baseline 0 -13"><span class='ocrx_word' id='word_1_606' title='bbox 291 3061 470 3111; x_wconf 89' lang='lat' dir='ltr'>primam.</span> <span class='ocrx_word' id='word_1_607' title='bbox 509 3059 618 3097; x_wconf 83' lang='lat' dir='ltr'>Prius</span> <span class='ocrx_word' id='word_1_608' title='bbox 655 3071 744 3107; x_wconf 86' lang='lat' dir='ltr'>ergo</span> <span class='ocrx_word' id='word_1_609' title='bbox 772 3059 946 3096; x_wconf 90' lang='lat' dir='ltr'>Verbum</span> <span class='ocrx_word' id='word_1_610' title='bbox 973 3067 1028 3097; x_wconf 88' lang='lat' dir='ltr'>est</span> <span class='ocrx_word' id='word_1_611' title='bbox 1055 3060 1206 3097; x_wconf 89' lang='lat' dir='ltr'>unitum</span> <span class='ocrx_word' id='word_1_612' title='bbox 1244 3061 1348 3098; x_wconf 89' lang='lat' dir='ltr'>carni</span> 
     </span>
     <span class='ocr_line' id='line_1_83' title="bbox 293 3125 580 3164; baseline -0.007 -13"><span class='ocrx_word' id='word_1_613' title='bbox 293 3125 412 3164; x_wconf 91' lang='lat' dir='ltr'>quam</span> <span class='ocrx_word' id='word_1_614' title='bbox 441 3125 580 3150; x_wconf 87' lang='lat' dir='ltr'>anima.</span> 
     </span>
    </p>

    <p class='ocr_par' dir='ltr' id='par_1_23' title="bbox 293 3164 1349 3372">
     <span class='ocr_line' id='line_1_84' title="bbox 347 3164 1349 3213; baseline 0 -10"><span class='ocrx_word' id='word_1_615' title='bbox 347 3167 421 3204; x_wconf 75' lang='lat' dir='ltr'>SED</span> <span class='ocrx_word' id='word_1_616' title='bbox 436 3177 580 3211; x_wconf 71' lang='lat' dir='ltr'>CONTRA</span> <span class='ocrx_word' id='word_1_617' title='bbox 595 3176 660 3202; x_wconf 84' lang='lat' dir='ltr'>EST</span> <span class='ocrx_word' id='word_1_618' title='bbox 674 3165 780 3213; x_wconf 93' lang='lat' dir='ltr'>quod</span> <span class='ocrx_word' id='word_1_619' title='bbox 795 3164 1059 3201; x_wconf 89' lang='lat' dir='ltr'>Damascenus</span> <span class='ocrx_word' id='word_1_620' title='bbox 1078 3165 1176 3213; x_wconf 88' lang='lat' dir='ltr'>dicit,</span> <span class='ocrx_word' id='word_1_621' title='bbox 1192 3166 1232 3203; x_wconf 90' lang='lat' dir='ltr'>in</span> <span class='ocrx_word' id='word_1_622' title='bbox 1246 3167 1291 3203; x_wconf 93' lang='lat' dir='ltr'>III</span> <span class='ocrx_word' id='word_1_623' title='bbox 1310 3166 1349 3202; x_wconf 92' lang='lat' dir='ltr'>li-</span> 
     </span>
     <span class='ocr_line' id='line_1_85' title="bbox 293 3217 1348 3265; baseline -0.001 -9"><span class='ocrx_word' id='word_1_624' title='bbox 293 3219 364 3256; x_wconf 91' lang='lat' dir='ltr'>bro</span> <span class='ocrx_word' id='word_1_625' title='bbox 377 3218 412 3255; x_wconf 80' lang='lat'>*:</span> <span class='ocrx_word' id='word_1_626' title='bbox 438 3218 556 3255; x_wconf 86' lang='lat' dir='ltr'>Simul</span> <span class='ocrx_word' id='word_1_627' title='bbox 568 3219 642 3254; x_wconf 88' lang='lat' dir='ltr'>Dei</span> <span class='ocrx_word' id='word_1_628' title='bbox 661 3219 771 3255; x_wconf 86' lang='lat' dir='ltr'>Verbi</span> <span class='ocrx_word' id='word_1_629' title='bbox 787 3229 890 3262; x_wconf 78' lang='lat' dir='ltr'>cam,</span> <span class='ocrx_word' id='word_1_630' title='bbox 904 3217 1014 3253; x_wconf 88' lang='lat' dir='ltr'>simul</span> <span class='ocrx_word' id='word_1_631' title='bbox 1038 3230 1127 3254; x_wconf 89' lang='lat' dir='ltr'>caro</span> <span class='ocrx_word' id='word_1_632' title='bbox 1146 3220 1312 3255; x_wconf 88' lang='lat' dir='ltr'>animata</span> <span class='ocrx_word' id='word_1_633' title='bbox 1322 3217 1348 3265; x_wconf 65' lang='grc' dir='ltr'>ὃ,</span> 
     </span>
     <span class='ocr_line' id='line_1_86' title="bbox 293 3270 1349 3317; baseline -0.001 -9"><span class='ocrx_word' id='word_1_634' title='bbox 293 3271 484 3309; x_wconf 86' lang='lat' dir='ltr'>rationalis</span> <span class='ocrx_word' id='word_1_635' title='bbox 511 3276 545 3307; x_wconf 91' lang='lat' dir='ltr'>et</span> <span class='ocrx_word' id='word_1_636' title='bbox 571 3270 829 3307; x_wconf 81' lang='lat' dir='ltr'>intellectualis.</span> <span class='ocrx_word' id='word_1_637' title='bbox 868 3270 959 3306; x_wconf 92' lang='lat' dir='ltr'>Non</span> <span class='ocrx_word' id='word_1_638' title='bbox 988 3281 1076 3317; x_wconf 86' lang='lat' dir='ltr'>ergo</span> <span class='ocrx_word' id='word_1_639' title='bbox 1112 3270 1205 3307; x_wconf 89' lang='lat' dir='ltr'>unio</span> <span class='ocrx_word' id='word_1_640' title='bbox 1233 3270 1349 3307; x_wconf 92' lang='lat' dir='ltr'>Verbi</span> 
     </span>
     <span class='ocr_line' id='line_1_87' title="bbox 294 3321 1255 3372; baseline -0.003 -11"><span class='ocrx_word' id='word_1_641' title='bbox 294 3323 343 3361; x_wconf 88' lang='lat' dir='ltr'>ad</span> <span class='ocrx_word' id='word_1_642' title='bbox 371 3335 526 3360; x_wconf 81' lang='lat' dir='ltr'>carnem</span> <span class='ocrx_word' id='word_1_643' title='bbox 553 3322 756 3372; x_wconf 87' lang='lat' dir='ltr'>praecessit</span> <span class='ocrx_word' id='word_1_644' title='bbox 783 3321 970 3359; x_wconf 90' lang='lat' dir='ltr'>unionem</span> <span class='ocrx_word' id='word_1_645' title='bbox 997 3322 1045 3358; x_wconf 90' lang='lat' dir='ltr'>ad</span> <span class='ocrx_word' id='word_1_646' title='bbox 1073 3322 1255 3359; x_wconf 89' lang='lat' dir='ltr'>animam.</span> 
     </span>
    </p>
   </div>
   <div class='ocr_carea' id='block_1_17' title="bbox 323 1693 1344 1774">
    <p class='ocr_par' dir='ltr' id='par_1_24' title="bbox 323 1693 1344 1774">
     <span class='ocr_line' id='line_1_88' title="bbox 323 1693 1344 1774; baseline -0.002 -43"><span class='ocrx_word' id='word_1_647' title='bbox 323 1708 383 1751; x_wconf 42' lang='lat' dir='ltr'>iffi}</span> <span class='ocrx_word' id='word_1_648' title='bbox 398 1712 477 1774; x_wconf 35' lang='lat'>³353«</span> <span class='ocrx_word' id='word_1_649' title='bbox 495 1707 518 1732; x_wconf 87' lang='lat' dir='ltr'>D</span> <span class='ocrx_word' id='word_1_650' title='bbox 539 1705 710 1737; x_wconf 82' lang='lat' dir='ltr'><strong>QUARTUM</strong></span> <span class='ocrx_word' id='word_1_651' title='bbox 729 1706 781 1730; x_wconf 72' lang='lat' dir='ltr'>sn:</span> <span class='ocrx_word' id='word_1_652' title='bbox 801 1705 1036 1730; x_wconf 63' lang='lat' dir='ltr'>paoerorrua.</span> <span class='ocrx_word' id='word_1_653' title='bbox 1059 1693 1219 1730; x_wconf 86' lang='lat' dir='ltr'>Videtur</span> <span class='ocrx_word' id='word_1_654' title='bbox 1237 1694 1344 1742; x_wconf 92' lang='lat' dir='ltr'>quod</span> 
     </span>
    </p>
   </div>
   <div class='ocr_carea' id='block_1_18' title="bbox 296 3435 1350 3539">
    <p class='ocr_par' dir='ltr' id='par_1_25' title="bbox 296 3435 1350 3539">
     <span class='ocr_line' id='line_1_89' title="bbox 348 3435 1183 3468; baseline 0.001 -8"><span class='ocrx_word' id='word_1_655' title='bbox 348 3444 365 3460; x_wconf 81' lang='grc' dir='ltr'><strong>α</strong></span> <span class='ocrx_word' id='word_1_656' title='bbox 391 3436 489 3468; x_wconf 79' lang='lat' dir='ltr'>primo.</span> <span class='ocrx_word' id='word_1_657' title='bbox 506 3450 526 3455; x_wconf 89' lang='lat'>—-</span> <span class='ocrx_word' id='word_1_658' title='bbox 540 3436 618 3468; x_wconf 83' lang='lat' dir='ltr'>prius</span> <span class='ocrx_word' id='word_1_659' title='bbox 635 3437 716 3462; x_wconf 82' lang='lat' dir='ltr'>tertia.</span> <span class='ocrx_word' id='word_1_660' title='bbox 735 3436 773 3462; x_wconf 89' lang='lat' dir='ltr'>Cf.</span> <span class='ocrx_word' id='word_1_661' title='bbox 793 3444 838 3468; x_wconf 91' lang='lat' dir='ltr'>qu.</span> <span class='ocrx_word' id='word_1_662' title='bbox 856 3443 896 3466; x_wconf 71' lang='lat' dir='ltr'>tv,</span> <span class='ocrx_word' id='word_1_663' title='bbox 916 3439 961 3460; x_wconf 85' lang='lat' dir='ltr'>art.</span> <span class='ocrx_word' id='word_1_664' title='bbox 983 3442 1005 3465; x_wconf 89' lang='grc' dir='ltr'>ι,</span> <span class='ocrx_word' id='word_1_665' title='bbox 1026 3435 1039 3460; x_wconf 82' lang='grc'>3</span> <span class='ocrx_word' id='word_1_666' title='bbox 1059 3443 1120 3468; x_wconf 72' lang='lat' dir='ltr'>arg.²</span> <span class='ocrx_word' id='word_1_667' title='bbox 1139 3435 1183 3461; x_wconf 86' lang='lat' dir='ltr'>fin.</span> 
     </span>
     <span class='ocr_line' id='line_1_90' title="bbox 349 3470 1350 3503; baseline 0 -7"><span class='ocrx_word' id='word_1_668' title='bbox 349 3470 363 3503; x_wconf 89' lang='grc' dir='ltr'><strong>β</strong></span> <span class='ocrx_word' id='word_1_669' title='bbox 393 3471 548 3497; x_wconf 75' lang='lat' dir='ltr'>materialis.</span> <span class='ocrx_word' id='word_1_670' title='bbox 565 3486 585 3491; x_wconf 90' lang='lat'>-</span> <span class='ocrx_word' id='word_1_671' title='bbox 603 3472 735 3497; x_wconf 77' lang='lat' dir='ltr'>naturalis</span> <span class='ocrx_word' id='word_1_672' title='bbox 753 3471 866 3496; x_wconf 75' lang='lat' dir='ltr'>materia</span> <span class='ocrx_word' id='word_1_673' title='bbox 880 3471 902 3499; x_wconf 87' lang='lat' dir='ltr'>b,</span> <span class='ocrx_word' id='word_1_674' title='bbox 924 3471 1054 3495; x_wconf 82' lang='lat' dir='ltr'>naturalis</span> <span class='ocrx_word' id='word_1_675' title='bbox 1074 3472 1187 3496; x_wconf 79' lang='lat' dir='ltr'>materia</span> <span class='ocrx_word' id='word_1_676' title='bbox 1206 3472 1246 3496; x_wconf 84' lang='lat' dir='ltr'>vel</span> <span class='ocrx_word' id='word_1_677' title='bbox 1258 3479 1280 3500; x_wconf 86' lang='lat' dir='ltr'>c,</span> <span class='ocrx_word' id='word_1_678' title='bbox 1294 3478 1350 3496; x_wconf 82' lang='lat' dir='ltr'>ma-</span> 
     </span>
     <span class='ocr_line' id='line_1_91' title="bbox 296 3506 1041 3539; baseline -0.001 -8"><span class='ocrx_word' id='word_1_679' title='bbox 296 3506 365 3532; x_wconf 73' lang='lat' dir='ltr'>teria</span> <span class='ocrx_word' id='word_1_680' title='bbox 383 3507 424 3531; x_wconf 77' lang='lat' dir='ltr'>vel</span> <span class='ocrx_word' id='word_1_681' title='bbox 442 3507 495 3532; x_wconf 82' lang='lat' dir='ltr'>PH.</span> <span class='ocrx_word' id='word_1_682' title='bbox 512 3521 532 3526; x_wconf 92' lang='lat'>—</span> <span class='ocrx_word' id='word_1_683' title='bbox 549 3507 599 3531; x_wconf 89' lang='lat' dir='ltr'>Pro</span> <span class='ocrx_word' id='word_1_684' title='bbox 613 3507 700 3539; x_wconf 76' lang='lat' dir='ltr'>prius,</span> <span class='ocrx_word' id='word_1_685' title='bbox 716 3506 796 3538; x_wconf 83' lang='lat' dir='ltr'>prior</span> <span class='ocrx_word' id='word_1_686' title='bbox 814 3507 887 3531; x_wconf 85' lang='lat' dir='ltr'>tertia</span> <span class='ocrx_word' id='word_1_687' title='bbox 905 3511 1006 3538; x_wconf 84' lang='lat' dir='ltr'>praeter</span> <span class='ocrx_word' id='word_1_688' title='bbox 1024 3506 1041 3531; x_wconf 91' lang='lat'>1.</span> 
     </span>
    </p>
   </div>
   <div class='ocr_carea' id='block_1_19' title="bbox 1398 1695 2464 3375">
    <p class='ocr_par' dir='ltr' id='par_1_26' title="bbox 1398 1695 2464 2532">
     <span class='ocr_line' id='line_1_92' title="bbox 1451 1695 2461 1744; baseline 0.005 -13"><span class='ocrx_word' id='word_1_689' title='bbox 1451 1695 1676 1731; x_wconf 63' lang='lat' dir='ltr'>Ri-:sponnsso</span> <span class='ocrx_word' id='word_1_690' title='bbox 1713 1707 1895 1732; x_wconf 79' lang='lat' dir='ltr'>DICENDUM</span> <span class='ocrx_word' id='word_1_691' title='bbox 1932 1696 2038 1744; x_wconf 93' lang='lat' dir='ltr'>quod</span> <span class='ocrx_word' id='word_1_692' title='bbox 2076 1708 2164 1733; x_wconf 92' lang='lat' dir='ltr'>caro</span> <span class='ocrx_word' id='word_1_693' title='bbox 2202 1698 2374 1735; x_wconf 89' lang='lat' dir='ltr'>humana</span> <span class='ocrx_word' id='word_1_694' title='bbox 2407 1707 2461 1736; x_wconf 89' lang='lat' dir='ltr'>est</span> 
     </span>
     <span class='ocr_line' id='line_1_93' title="bbox 1399 1747 2461 1799; baseline 0.006 -17"><span class='ocrx_word' id='word_1_695' title='bbox 1399 1747 1671 1795; x_wconf 88' lang='lat' dir='ltr'>assumptibilis</span> <span class='ocrx_word' id='word_1_696' title='bbox 1699 1759 1721 1783; x_wconf 89' lang='lat' dir='ltr'>a</span> <span class='ocrx_word' id='word_1_697' title='bbox 1748 1747 1877 1783; x_wconf 90' lang='lat' dir='ltr'>Verbo</span> <span class='ocrx_word' id='word_1_698' title='bbox 1907 1748 2122 1785; x_wconf 90' lang='lat' dir='ltr'>secundum</span> <span class='ocrx_word' id='word_1_699' title='bbox 2142 1749 2319 1786; x_wconf 89' lang='lat' dir='ltr'>ordinem</span> <span class='ocrx_word' id='word_1_700' title='bbox 2343 1763 2461 1799; x_wconf 89' lang='lat' dir='ltr'>quem</span> 
     </span>
     <span class='ocr_line' id='line_1_94' title="bbox 1399 1798 2461 1852; baseline 0.005 -17"><span class='ocrx_word' id='word_1_701' title='bbox 1399 1799 1515 1835; x_wconf 91' lang='lat' dir='ltr'>habet</span> <span class='ocrx_word' id='word_1_702' title='bbox 1543 1799 1592 1835; x_wconf 92' lang='lat' dir='ltr'>ad</span> <span class='ocrx_word' id='word_1_703' title='bbox 1620 1798 1791 1836; x_wconf 80' lang='lat' dir='ltr'>animam</span> <span class='ocrx_word' id='word_1_704' title='bbox 1820 1799 2044 1836; x_wconf 87' lang='lat' dir='ltr'>rationalem</span> <span class='ocrx_word' id='word_1_705' title='bbox 2064 1801 2159 1838; x_wconf 90' lang='lat' dir='ltr'>sicut</span> <span class='ocrx_word' id='word_1_706' title='bbox 2187 1803 2236 1838; x_wconf 90' lang='lat' dir='ltr'>ad</span> <span class='ocrx_word' id='word_1_707' title='bbox 2263 1803 2461 1852; x_wconf 85' lang='lat' dir='ltr'>propriam</span> 
     </span>
     <span class='ocr_line' id='line_1_95' title="bbox 1398 1852 2460 1893; baseline 0.006 -6"><span class='ocrx_word' id='word_1_708' title='bbox 1398 1852 1577 1888; x_wconf 86' lang='lat' dir='ltr'>formam.</span> <span class='ocrx_word' id='word_1_709' title='bbox 1608 1852 1724 1887; x_wconf 87' lang='lat' dir='ltr'>Hunc</span> <span class='ocrx_word' id='word_1_710' title='bbox 1749 1859 1878 1888; x_wconf 90' lang='lat' dir='ltr'>autem</span> <span class='ocrx_word' id='word_1_711' title='bbox 1905 1853 2082 1889; x_wconf 89' lang='lat' dir='ltr'>ordinem</span> <span class='ocrx_word' id='word_1_712' title='bbox 2107 1866 2188 1890; x_wconf 92' lang='lat' dir='ltr'>non</span> <span class='ocrx_word' id='word_1_713' title='bbox 2216 1855 2331 1891; x_wconf 88' lang='lat' dir='ltr'>habet</span> <span class='ocrx_word' id='word_1_714' title='bbox 2358 1864 2460 1893; x_wconf 90' lang='lat' dir='ltr'>ante-</span> 
     </span>
     <span class='ocr_line' id='line_1_96' title="bbox 1400 1903 2461 1956; baseline 0.007 -17"><span class='ocrx_word' id='word_1_715' title='bbox 1400 1915 1520 1952; x_wconf 86' lang='lat' dir='ltr'>quam</span> <span class='ocrx_word' id='word_1_716' title='bbox 1549 1903 1677 1940; x_wconf 89' lang='lat' dir='ltr'>anima</span> <span class='ocrx_word' id='word_1_717' title='bbox 1714 1904 1905 1941; x_wconf 90' lang='lat' dir='ltr'>rationalis</span> <span class='ocrx_word' id='word_1_718' title='bbox 1934 1905 1968 1941; x_wconf 92' lang='lat' dir='ltr'>ei</span> <span class='ocrx_word' id='word_1_719' title='bbox 1997 1906 2190 1943; x_wconf 86' lang='lat' dir='ltr'>adveniat:</span> <span class='ocrx_word' id='word_1_720' title='bbox 2230 1907 2319 1956; x_wconf 90' lang='lat' dir='ltr'>quia</span> <span class='ocrx_word' id='word_1_721' title='bbox 2348 1909 2461 1946; x_wconf 89' lang='lat' dir='ltr'>simul</span> 
     </span>
     <span class='ocr_line' id='line_1_97' title="bbox 1401 1956 2460 2008; baseline 0.006 -16"><span class='ocrx_word' id='word_1_722' title='bbox 1401 1956 1497 1993; x_wconf 90' lang='lat' dir='ltr'>dum</span> <span class='ocrx_word' id='word_1_723' title='bbox 1517 1956 1644 2005; x_wconf 90' lang='lat' dir='ltr'>aliqua</span> <span class='ocrx_word' id='word_1_724' title='bbox 1664 1956 1821 1993; x_wconf 88' lang='lat' dir='ltr'>materia</span> <span class='ocrx_word' id='word_1_725' title='bbox 1840 1957 1883 1993; x_wconf 87' lang='lat' dir='ltr'>fit</span> <span class='ocrx_word' id='word_1_726' title='bbox 1902 1963 1913 1978; x_wconf 72' lang='lat'>⁵</span> <span class='ocrx_word' id='word_1_727' title='bbox 1941 1958 2096 2007; x_wconf 90' lang='lat' dir='ltr'>propria</span> <span class='ocrx_word' id='word_1_728' title='bbox 2124 1959 2283 1996; x_wconf 90' lang='lat' dir='ltr'>alicuius</span> <span class='ocrx_word' id='word_1_729' title='bbox 2302 1961 2460 2008; x_wconf 90' lang='lat' dir='ltr'>formae,</span> 
     </span>
     <span class='ocr_line' id='line_1_98' title="bbox 1402 2009 2462 2057; baseline 0.006 -12"><span class='ocrx_word' id='word_1_730' title='bbox 1402 2009 1533 2057; x_wconf 88' lang='lat' dir='ltr'>recipit</span> <span class='ocrx_word' id='word_1_731' title='bbox 1569 2009 1673 2046; x_wconf 85' lang='lat' dir='ltr'>illam</span> <span class='ocrx_word' id='word_1_732' title='bbox 1700 2010 1886 2055; x_wconf 81' lang='lat' dir='ltr'>formam;</span> <span class='ocrx_word' id='word_1_733' title='bbox 1925 2011 2029 2047; x_wconf 90' lang='lat' dir='ltr'>unde</span> <span class='ocrx_word' id='word_1_734' title='bbox 2067 2011 2106 2047; x_wconf 92' lang='lat' dir='ltr'>in</span> <span class='ocrx_word' id='word_1_735' title='bbox 2134 2012 2274 2049; x_wconf 88' lang='lat' dir='ltr'>eodem</span> <span class='ocrx_word' id='word_1_736' title='bbox 2310 2013 2462 2051; x_wconf 89' lang='lat' dir='ltr'>instanti</span> 
     </span>
     <span class='ocr_line' id='line_1_99' title="bbox 1401 2061 2463 2112; baseline 0.007 -15"><span class='ocrx_word' id='word_1_737' title='bbox 1401 2061 1627 2098; x_wconf 88' lang='lat' dir='ltr'>terminatur</span> <span class='ocrx_word' id='word_1_738' title='bbox 1663 2062 1830 2099; x_wconf 88' lang='lat' dir='ltr'>alteratio</span> <span class='ocrx_word' id='word_1_739' title='bbox 1867 2063 1907 2099; x_wconf 91' lang='lat' dir='ltr'>in</span> <span class='ocrx_word' id='word_1_740' title='bbox 1935 2075 2014 2112; x_wconf 92' lang='lat' dir='ltr'>quo</span> <span class='ocrx_word' id='word_1_741' title='bbox 2051 2063 2305 2102; x_wconf 89' lang='lat' dir='ltr'>introducitur</span> <span class='ocrx_word' id='word_1_742' title='bbox 2339 2067 2463 2104; x_wconf 88' lang='lat' dir='ltr'>forma</span> 
     </span>
     <span class='ocr_line' id='line_1_100' title="bbox 1403 2113 2463 2164; baseline 0.007 -15"><span class='ocrx_word' id='word_1_743' title='bbox 1403 2113 1669 2150; x_wconf 88' lang='lat' dir='ltr'>substantialis.</span> <span class='ocrx_word' id='word_1_744' title='bbox 1700 2115 1748 2150; x_wconf 91' lang='lat' dir='ltr'>Et</span> <span class='ocrx_word' id='word_1_745' title='bbox 1775 2114 1863 2151; x_wconf 91' lang='lat' dir='ltr'>inde</span> <span class='ocrx_word' id='word_1_746' title='bbox 1892 2123 1947 2152; x_wconf 89' lang='lat' dir='ltr'>est</span> <span class='ocrx_word' id='word_1_747' title='bbox 1975 2117 2080 2164; x_wconf 93' lang='lat' dir='ltr'>quod</span> <span class='ocrx_word' id='word_1_748' title='bbox 2109 2129 2197 2154; x_wconf 87' lang='lat' dir='ltr'>caro</span> <span class='ocrx_word' id='word_1_749' title='bbox 2223 2130 2303 2154; x_wconf 90' lang='lat' dir='ltr'>non</span> <span class='ocrx_word' id='word_1_750' title='bbox 2331 2120 2463 2156; x_wconf 87' lang='lat' dir='ltr'>debuit</span> 
     </span>
     <span class='ocr_line' id='line_1_101' title="bbox 1402 2166 2461 2220; baseline 0.007 -18"><span class='ocrx_word' id='word_1_751' title='bbox 1402 2174 1489 2203; x_wconf 90' lang='lat' dir='ltr'>ante</span> <span class='ocrx_word' id='word_1_752' title='bbox 1518 2166 1663 2203; x_wconf 90' lang='lat' dir='ltr'>assumi</span> <span class='ocrx_word' id='word_1_753' title='bbox 1682 2179 1801 2215; x_wconf 90' lang='lat' dir='ltr'>quam</span> <span class='ocrx_word' id='word_1_754' title='bbox 1829 2175 1927 2204; x_wconf 89' lang='lat' dir='ltr'>esset</span> <span class='ocrx_word' id='word_1_755' title='bbox 1953 2180 2042 2205; x_wconf 90' lang='lat' dir='ltr'>caro</span> <span class='ocrx_word' id='word_1_756' title='bbox 2071 2170 2254 2217; x_wconf 88' lang='lat' dir='ltr'>humana,</span> <span class='ocrx_word' id='word_1_757' title='bbox 2275 2173 2382 2220; x_wconf 92' lang='lat' dir='ltr'>quod</span> <span class='ocrx_word' id='word_1_758' title='bbox 2410 2173 2461 2209; x_wconf 87' lang='lat' dir='ltr'>fa-</span> 
     </span>
     <span class='ocr_line' id='line_1_102' title="bbox 1403 2218 2464 2273; baseline 0.007 -19"><span class='ocrx_word' id='word_1_759' title='bbox 1403 2226 1509 2255; x_wconf 90' lang='lat' dir='ltr'>ctum</span> <span class='ocrx_word' id='word_1_760' title='bbox 1537 2227 1592 2255; x_wconf 90' lang='lat' dir='ltr'>est</span> <span class='ocrx_word' id='word_1_761' title='bbox 1611 2218 1739 2255; x_wconf 89' lang='lat' dir='ltr'>anima</span> <span class='ocrx_word' id='word_1_762' title='bbox 1758 2219 1930 2257; x_wconf 89' lang='lat' dir='ltr'>rationali</span> <span class='ocrx_word' id='word_1_763' title='bbox 1952 2221 2189 2259; x_wconf 89' lang='lat' dir='ltr'>adveniente.</span> <span class='ocrx_word' id='word_1_764' title='bbox 2221 2223 2326 2260; x_wconf 88' lang='lat' dir='ltr'>Sicut</span> <span class='ocrx_word' id='word_1_765' title='bbox 2353 2224 2464 2273; x_wconf 88' lang='lat' dir='ltr'>igitur</span> 
     </span>
     <span class='ocr_line' id='line_1_103' title="bbox 1403 2271 2463 2326; baseline 0.007 -19"><span class='ocrx_word' id='word_1_766' title='bbox 1403 2271 1532 2308; x_wconf 89' lang='lat' dir='ltr'>anima</span> <span class='ocrx_word' id='word_1_767' title='bbox 1560 2284 1640 2308; x_wconf 92' lang='lat' dir='ltr'>non</span> <span class='ocrx_word' id='word_1_768' title='bbox 1668 2279 1723 2308; x_wconf 91' lang='lat' dir='ltr'>est</span> <span class='ocrx_word' id='word_1_769' title='bbox 1750 2271 1855 2321; x_wconf 90' lang='lat' dir='ltr'>prius</span> <span class='ocrx_word' id='word_1_770' title='bbox 1880 2281 2075 2323; x_wconf 89' lang='lat' dir='ltr'>assumpta</span> <span class='ocrx_word' id='word_1_771' title='bbox 2103 2287 2223 2323; x_wconf 91' lang='lat' dir='ltr'>quam</span> <span class='ocrx_word' id='word_1_772' title='bbox 2250 2288 2351 2324; x_wconf 83' lang='lat' dir='ltr'>caro,</span> <span class='ocrx_word' id='word_1_773' title='bbox 2372 2277 2463 2326; x_wconf 91' lang='lat' dir='ltr'>quia</span> 
     </span>
     <span class='ocr_line' id='line_1_104' title="bbox 1403 2324 2462 2378; baseline 0.006 -18"><span class='ocrx_word' id='word_1_774' title='bbox 1403 2332 1536 2361; x_wconf 85' lang='lat' dir='ltr'>contra</span> <span class='ocrx_word' id='word_1_775' title='bbox 1572 2332 1749 2361; x_wconf 88' lang='lat' dir='ltr'>naturam</span> <span class='ocrx_word' id='word_1_776' title='bbox 1785 2324 1935 2362; x_wconf 90' lang='lat' dir='ltr'>animae</span> <span class='ocrx_word' id='word_1_777' title='bbox 1964 2333 2019 2362; x_wconf 89' lang='lat' dir='ltr'>est</span> <span class='ocrx_word' id='word_1_778' title='bbox 2046 2334 2088 2362; x_wconf 95' lang='lat' dir='ltr'>ut</span> <span class='ocrx_word' id='word_1_779' title='bbox 2123 2327 2229 2375; x_wconf 84' lang='lat' dir='ltr'>prius</span> <span class='ocrx_word' id='word_1_780' title='bbox 2266 2328 2312 2364; x_wconf 88' lang='lat' dir='ltr'>sit</span> <span class='ocrx_word' id='word_1_781' title='bbox 2343 2341 2462 2378; x_wconf 92' lang='lat' dir='ltr'>quam</span> 
     </span>
     <span class='ocr_line' id='line_1_105' title="bbox 1402 2376 2462 2429; baseline 0.005 -16"><span class='ocrx_word' id='word_1_782' title='bbox 1402 2377 1556 2426; x_wconf 92' lang='lat' dir='ltr'>corpori</span> <span class='ocrx_word' id='word_1_783' title='bbox 1592 2376 1764 2422; x_wconf 80' lang='lat' dir='ltr'>uniatur3</span> <span class='ocrx_word' id='word_1_784' title='bbox 1802 2377 1852 2414; x_wconf 91' lang='lat' dir='ltr'>ita</span> <span class='ocrx_word' id='word_1_785' title='bbox 1879 2390 1967 2414; x_wconf 87' lang='lat' dir='ltr'>caro</span> <span class='ocrx_word' id='word_1_786' title='bbox 1996 2390 2076 2415; x_wconf 91' lang='lat' dir='ltr'>non</span> <span class='ocrx_word' id='word_1_787' title='bbox 2104 2379 2236 2416; x_wconf 89' lang='lat' dir='ltr'>debuit</span> <span class='ocrx_word' id='word_1_788' title='bbox 2271 2380 2377 2429; x_wconf 92' lang='lat' dir='ltr'>prius</span> <span class='ocrx_word' id='word_1_789' title='bbox 2405 2394 2462 2418; x_wconf 90' lang='lat' dir='ltr'>as-</span> 
     </span>
     <span class='ocr_line' id='line_1_106' title="bbox 1403 2429 2461 2480; baseline 0.005 -14"><span class='ocrx_word' id='word_1_790' title='bbox 1403 2430 1505 2466; x_wconf 92' lang='lat' dir='ltr'>sumi</span> <span class='ocrx_word' id='word_1_791' title='bbox 1533 2442 1652 2479; x_wconf 91' lang='lat' dir='ltr'>quam</span> <span class='ocrx_word' id='word_1_792' title='bbox 1681 2429 1820 2476; x_wconf 83' lang='lat' dir='ltr'>anima,</span> <span class='ocrx_word' id='word_1_793' title='bbox 1841 2430 1932 2479; x_wconf 90' lang='lat' dir='ltr'>quia</span> <span class='ocrx_word' id='word_1_794' title='bbox 1959 2442 2039 2467; x_wconf 91' lang='lat' dir='ltr'>non</span> <span class='ocrx_word' id='word_1_795' title='bbox 2058 2431 2164 2480; x_wconf 92' lang='lat' dir='ltr'>prius</span> <span class='ocrx_word' id='word_1_796' title='bbox 2192 2440 2247 2468; x_wconf 90' lang='lat' dir='ltr'>est</span> <span class='ocrx_word' id='word_1_797' title='bbox 2273 2445 2361 2470; x_wconf 90' lang='lat' dir='ltr'>caro</span> <span class='ocrx_word' id='word_1_798' title='bbox 2390 2435 2461 2471; x_wconf 93' lang='lat' dir='ltr'>hu-</span> 
     </span>
     <span class='ocr_line' id='line_1_107' title="bbox 1403 2482 2292 2532; baseline 0.003 -13"><span class='ocrx_word' id='word_1_799' title='bbox 1403 2495 1520 2527; x_wconf 88' lang='lat' dir='ltr'>mana</span> <span class='ocrx_word' id='word_1_800' title='bbox 1548 2495 1666 2532; x_wconf 90' lang='lat' dir='ltr'>quam</span> <span class='ocrx_word' id='word_1_801' title='bbox 1695 2482 1833 2519; x_wconf 87' lang='lat' dir='ltr'>habeat</span> <span class='ocrx_word' id='word_1_802' title='bbox 1860 2482 2030 2520; x_wconf 88' lang='lat' dir='ltr'>animam</span> <span class='ocrx_word' id='word_1_803' title='bbox 2058 2484 2292 2522; x_wconf 88' lang='lat' dir='ltr'>rationalem.</span> 
     </span>
    </p>

    <p class='ocr_par' dir='ltr' id='par_1_27' title="bbox 1401 2537 2461 2900">
     <span class='ocr_line' id='line_1_108' title="bbox 1456 2537 2461 2585; baseline 0.004 -14"><span class='ocrx_word' id='word_1_804' title='bbox 1456 2537 1513 2572; x_wconf 82' lang='lat' dir='ltr'>An</span> <span class='ocrx_word' id='word_1_805' title='bbox 1542 2547 1676 2572; x_wconf 75' lang='lat' dir='ltr'>PmMUM</span> <span class='ocrx_word' id='word_1_806' title='bbox 1705 2547 1802 2572; x_wconf 83' lang='lat' dir='ltr'>ERGO</span> <span class='ocrx_word' id='word_1_807' title='bbox 1830 2547 2010 2573; x_wconf 76' lang='lat' dir='ltr'><strong>DICENDUM</strong></span> <span class='ocrx_word' id='word_1_808' title='bbox 2039 2537 2146 2585; x_wconf 91' lang='lat' dir='ltr'>quod</span> <span class='ocrx_word' id='word_1_809' title='bbox 2174 2549 2262 2574; x_wconf 88' lang='lat' dir='ltr'>caro</span> <span class='ocrx_word' id='word_1_810' title='bbox 2289 2538 2461 2576; x_wconf 90' lang='lat' dir='ltr'>humana</span> 
     </span>
     <span class='ocr_line' id='line_1_109' title="bbox 1403 2587 2460 2637; baseline 0.003 -12"><span class='ocrx_word' id='word_1_811' title='bbox 1403 2588 1557 2626; x_wconf 88' lang='lat' dir='ltr'>sortitur</span> <span class='ocrx_word' id='word_1_812' title='bbox 1575 2600 1657 2624; x_wconf 90' lang='lat' dir='ltr'>esse</span> <span class='ocrx_word' id='word_1_813' title='bbox 1676 2600 1746 2637; x_wconf 90' lang='lat' dir='ltr'>per</span> <span class='ocrx_word' id='word_1_814' title='bbox 1764 2587 1945 2625; x_wconf 91' lang='lat' dir='ltr'>animam.</span> <span class='ocrx_word' id='word_1_815' title='bbox 1976 2589 2023 2625; x_wconf 88' lang='lat' dir='ltr'>Et</span> <span class='ocrx_word' id='word_1_816' title='bbox 2042 2588 2129 2626; x_wconf 91' lang='lat' dir='ltr'>ideo</span> <span class='ocrx_word' id='word_1_817' title='bbox 2145 2597 2230 2626; x_wconf 89' lang='lat' dir='ltr'>ante</span> <span class='ocrx_word' id='word_1_818' title='bbox 2250 2591 2460 2628; x_wconf 87' lang='lat' dir='ltr'>adventum</span> 
     </span>
     <span class='ocr_line' id='line_1_110' title="bbox 1402 2641 2459 2691; baseline 0.002 -13"><span class='ocrx_word' id='word_1_819' title='bbox 1402 2641 1554 2678; x_wconf 91' lang='lat' dir='ltr'>animae</span> <span class='ocrx_word' id='word_1_820' title='bbox 1582 2653 1662 2677; x_wconf 89' lang='lat' dir='ltr'>non</span> <span class='ocrx_word' id='word_1_821' title='bbox 1691 2648 1746 2677; x_wconf 88' lang='lat' dir='ltr'>est</span> <span class='ocrx_word' id='word_1_822' title='bbox 1773 2653 1861 2677; x_wconf 90' lang='lat' dir='ltr'>caro</span> <span class='ocrx_word' id='word_1_823' title='bbox 1899 2642 2088 2678; x_wconf 87' lang='lat' dir='ltr'>humana:</span> <span class='ocrx_word' id='word_1_824' title='bbox 2127 2643 2193 2679; x_wconf 92' lang='lat' dir='ltr'>sed</span> <span class='ocrx_word' id='word_1_825' title='bbox 2221 2651 2344 2691; x_wconf 92' lang='lat' dir='ltr'>potest</span> <span class='ocrx_word' id='word_1_826' title='bbox 2378 2656 2459 2681; x_wconf 91' lang='lat' dir='ltr'>esse</span> 
     </span>
     <span class='ocr_line' id='line_1_111' title="bbox 1402 2693 2460 2744; baseline 0.003 -14"><span class='ocrx_word' id='word_1_827' title='bbox 1402 2693 1600 2742; x_wconf 87' lang='lat' dir='ltr'>dispositio</span> <span class='ocrx_word' id='word_1_828' title='bbox 1628 2694 1676 2730; x_wconf 90' lang='lat' dir='ltr'>ad</span> <span class='ocrx_word' id='word_1_829' title='bbox 1704 2705 1860 2730; x_wconf 89' lang='lat' dir='ltr'>carnem</span> <span class='ocrx_word' id='word_1_830' title='bbox 1887 2694 2111 2730; x_wconf 90' lang='lat' dir='ltr'>humanam.</span> <span class='ocrx_word' id='word_1_831' title='bbox 2141 2696 2182 2731; x_wconf 94' lang='lat' dir='ltr'>In</span> <span class='ocrx_word' id='word_1_832' title='bbox 2210 2696 2460 2744; x_wconf 89' lang='lat' dir='ltr'>conceptione</span> 
     </span>
     <span class='ocr_line' id='line_1_112' title="bbox 1401 2745 2459 2798; baseline 0.003 -15"><span class='ocrx_word' id='word_1_833' title='bbox 1401 2755 1531 2783; x_wconf 85' lang='lat' dir='ltr'>tamen</span> <span class='ocrx_word' id='word_1_834' title='bbox 1552 2745 1690 2782; x_wconf 89' lang='lat' dir='ltr'>Christi</span> <span class='ocrx_word' id='word_1_835' title='bbox 1720 2745 1881 2794; x_wconf 91' lang='lat' dir='ltr'>Spiritus</span> <span class='ocrx_word' id='word_1_836' title='bbox 1901 2747 2073 2792; x_wconf 86' lang='lat' dir='ltr'>Sanctus,</span> <span class='ocrx_word' id='word_1_837' title='bbox 2094 2747 2161 2795; x_wconf 92' lang='lat' dir='ltr'>qui</span> <span class='ocrx_word' id='word_1_838' title='bbox 2189 2755 2243 2783; x_wconf 91' lang='lat' dir='ltr'>est</span> <span class='ocrx_word' id='word_1_839' title='bbox 2259 2759 2385 2798; x_wconf 73' lang='lat' dir='ltr'>=agens</span> <span class='ocrx_word' id='word_1_840' title='bbox 2404 2749 2459 2786; x_wconf 91' lang='lat' dir='ltr'>in-</span> 
     </span>
     <span class='ocr_line' id='line_1_113' title="bbox 1402 2797 2461 2849; baseline 0.003 -14"><span class='ocrx_word' id='word_1_841' title='bbox 1402 2799 1532 2836; x_wconf 88' lang='lat' dir='ltr'>finitae</span> <span class='ocrx_word' id='word_1_842' title='bbox 1560 2797 1726 2844; x_wconf 88' lang='lat' dir='ltr'>virtutis,</span> <span class='ocrx_word' id='word_1_843' title='bbox 1757 2797 1871 2834; x_wconf 88' lang='lat' dir='ltr'>simul</span> <span class='ocrx_word' id='word_1_844' title='bbox 1903 2806 1939 2835; x_wconf 90' lang='lat' dir='ltr'>et</span> <span class='ocrx_word' id='word_1_845' title='bbox 1966 2799 2162 2836; x_wconf 89' lang='lat' dir='ltr'>materiam</span> <span class='ocrx_word' id='word_1_846' title='bbox 2201 2800 2388 2849; x_wconf 90' lang='lat' dir='ltr'>disposuit</span> <span class='ocrx_word' id='word_1_847' title='bbox 2425 2809 2461 2838; x_wconf 92' lang='lat' dir='ltr'>et</span> 
     </span>
     <span class='ocr_line' id='line_1_114' title="bbox 1402 2850 1905 2900; baseline -0.006 -11"><span class='ocrx_word' id='word_1_848' title='bbox 1402 2852 1451 2889; x_wconf 89' lang='lat' dir='ltr'>ad</span> <span class='ocrx_word' id='word_1_849' title='bbox 1478 2851 1690 2900; x_wconf 89' lang='lat' dir='ltr'>perfectum</span> <span class='ocrx_word' id='word_1_850' title='bbox 1718 2850 1905 2899; x_wconf 86' lang='lat' dir='ltr'>perduxit.</span> 
     </span>
    </p>

    <p class='ocr_par' dir='ltr' id='par_1_28' title="bbox 1401 2903 2461 3375">
     <span class='ocr_line' id='line_1_115' title="bbox 1455 2903 2461 2951; baseline 0.002 -10"><span class='ocrx_word' id='word_1_851' title='bbox 1455 2905 1512 2941; x_wconf 88' lang='lat' dir='ltr'>AD</span> <span class='ocrx_word' id='word_1_852' title='bbox 1541 2915 1728 2940; x_wconf 78' lang='lat' dir='ltr'><strong>SECUNDUM</strong></span> <span class='ocrx_word' id='word_1_853' title='bbox 1765 2915 1945 2939; x_wconf 83' lang='lat' dir='ltr'>DICENDUM</span> <span class='ocrx_word' id='word_1_854' title='bbox 1973 2903 2079 2951; x_wconf 91' lang='lat' dir='ltr'>quod</span> <span class='ocrx_word' id='word_1_855' title='bbox 2115 2904 2239 2942; x_wconf 85' lang='lat' dir='ltr'>forma</span> <span class='ocrx_word' id='word_1_856' title='bbox 2275 2913 2362 2942; x_wconf 91' lang='lat' dir='ltr'>actu</span> <span class='ocrx_word' id='word_1_857' title='bbox 2396 2907 2461 2943; x_wconf 91' lang='lat' dir='ltr'>dat</span> 
     </span>
     <span class='ocr_line' id='line_1_116' title="bbox 1403 2954 2461 3005; baseline 0.003 -12"><span class='ocrx_word' id='word_1_858' title='bbox 1403 2956 1590 3005; x_wconf 88' lang='lat' dir='ltr'>speciem:</span> <span class='ocrx_word' id='word_1_859' title='bbox 1620 2954 1777 2991; x_wconf 90' lang='lat' dir='ltr'>materia</span> <span class='ocrx_word' id='word_1_860' title='bbox 1805 2962 1946 3001; x_wconf 83' lang='lat' dir='ltr'>autern,</span> <span class='ocrx_word' id='word_1_861' title='bbox 1975 2963 2164 3004; x_wconf 90' lang='lat' dir='ltr'>quantum</span> <span class='ocrx_word' id='word_1_862' title='bbox 2183 2965 2238 2993; x_wconf 90' lang='lat' dir='ltr'>est</span> <span class='ocrx_word' id='word_1_863' title='bbox 2265 2958 2313 2994; x_wconf 93' lang='lat' dir='ltr'>de</span> <span class='ocrx_word' id='word_1_864' title='bbox 2332 2970 2384 3005; x_wconf 82' lang='lat' dir='ltr'>se,</span> <span class='ocrx_word' id='word_1_865' title='bbox 2405 2967 2461 2996; x_wconf 89' lang='lat' dir='ltr'>est</span> 
     </span>
     <span class='ocr_line' id='line_1_117' title="bbox 1403 3007 2459 3057; baseline 0.002 -11"><span class='ocrx_word' id='word_1_866' title='bbox 1403 3009 1442 3046; x_wconf 92' lang='lat' dir='ltr'>in</span> <span class='ocrx_word' id='word_1_867' title='bbox 1469 3007 1638 3057; x_wconf 88' lang='lat' dir='ltr'>potentia</span> <span class='ocrx_word' id='word_1_868' title='bbox 1657 3007 1705 3044; x_wconf 91' lang='lat' dir='ltr'>ad</span> <span class='ocrx_word' id='word_1_869' title='bbox 1725 3007 1902 3055; x_wconf 89' lang='lat' dir='ltr'>speciem.</span> <span class='ocrx_word' id='word_1_870' title='bbox 1933 3008 1980 3044; x_wconf 87' lang='lat' dir='ltr'>Et</span> <span class='ocrx_word' id='word_1_871' title='bbox 2007 3007 2094 3044; x_wconf 91' lang='lat' dir='ltr'>ideo</span> <span class='ocrx_word' id='word_1_872' title='bbox 2114 3017 2245 3046; x_wconf 87' lang='lat' dir='ltr'>contra</span> <span class='ocrx_word' id='word_1_873' title='bbox 2273 3011 2459 3049; x_wconf 91' lang='lat' dir='ltr'>rationem</span> 
     </span>
     <span class='ocr_line' id='line_1_118' title="bbox 1401 3059 2458 3112; baseline 0.003 -14"><span class='ocrx_word' id='word_1_874' title='bbox 1401 3063 1547 3098; x_wconf 87' lang='lat' dir='ltr'>formae</span> <span class='ocrx_word' id='word_1_875' title='bbox 1576 3067 1674 3096; x_wconf 89' lang='lat' dir='ltr'>esset</span> <span class='ocrx_word' id='word_1_876' title='bbox 1701 3059 1807 3108; x_wconf 91' lang='lat' dir='ltr'>quod</span> <span class='ocrx_word' id='word_1_877' title='bbox 1835 3059 2101 3108; x_wconf 85' lang='lat' dir='ltr'>praeexisteret</span> <span class='ocrx_word' id='word_1_878' title='bbox 2129 3067 2285 3099; x_wconf 84' lang='lat' dir='ltr'>naturae</span> <span class='ocrx_word' id='word_1_879' title='bbox 2307 3063 2458 3112; x_wconf 84' lang='lat' dir='ltr'>speciei,</span> 
     </span>
     <span class='ocr_line' id='line_1_119' title="bbox 1403 3111 2457 3163; baseline 0.003 -13"><span class='ocrx_word' id='word_1_880' title='bbox 1403 3125 1502 3163; x_wconf 92' lang='lat' dir='ltr'>quae</span> <span class='ocrx_word' id='word_1_881' title='bbox 1530 3111 1725 3161; x_wconf 88' lang='lat' dir='ltr'>perficitur</span> <span class='ocrx_word' id='word_1_882' title='bbox 1750 3124 1820 3160; x_wconf 91' lang='lat' dir='ltr'>per</span> <span class='ocrx_word' id='word_1_883' title='bbox 1847 3111 2033 3149; x_wconf 86' lang='lat' dir='ltr'>unionem</span> <span class='ocrx_word' id='word_1_884' title='bbox 2061 3113 2142 3150; x_wconf 91' lang='lat' dir='ltr'>eius</span> <span class='ocrx_word' id='word_1_885' title='bbox 2170 3115 2219 3151; x_wconf 89' lang='lat' dir='ltr'>ad</span> <span class='ocrx_word' id='word_1_886' title='bbox 2238 3116 2457 3153; x_wconf 87' lang='lat' dir='ltr'>materiam:</span> 
     </span>
     <span class='ocr_line' id='line_1_120' title="bbox 1403 3167 2459 3217; baseline 0.004 -15"><span class='ocrx_word' id='word_1_887' title='bbox 1403 3178 1482 3202; x_wconf 89' lang='lat' dir='ltr'>non</span> <span class='ocrx_word' id='word_1_888' title='bbox 1519 3172 1648 3201; x_wconf 90' lang='lat' dir='ltr'>autem</span> <span class='ocrx_word' id='word_1_889' title='bbox 1676 3172 1731 3200; x_wconf 86' lang='lat' dir='ltr'>est</span> <span class='ocrx_word' id='word_1_890' title='bbox 1758 3172 1890 3201; x_wconf 87' lang='lat' dir='ltr'>contra</span> <span class='ocrx_word' id='word_1_891' title='bbox 1926 3172 2104 3202; x_wconf 88' lang='lat' dir='ltr'>naturam</span> <span class='ocrx_word' id='word_1_892' title='bbox 2136 3167 2315 3205; x_wconf 83' lang='lat' dir='ltr'>materiae</span> <span class='ocrx_word' id='word_1_893' title='bbox 2352 3170 2459 3217; x_wconf 91' lang='lat' dir='ltr'>quod</span> 
     </span>
     <span class='ocr_line' id='line_1_121' title="bbox 1403 3217 2458 3267; baseline 0.004 -13"><span class='ocrx_word' id='word_1_894' title='bbox 1403 3217 1627 3267; x_wconf 86' lang='lat' dir='ltr'>praeexistat</span> <span class='ocrx_word' id='word_1_895' title='bbox 1654 3224 1810 3253; x_wconf 89' lang='lat' dir='ltr'>naturae</span> <span class='ocrx_word' id='word_1_896' title='bbox 1831 3217 1980 3266; x_wconf 90' lang='lat' dir='ltr'>speciei.</span> <span class='ocrx_word' id='word_1_897' title='bbox 2011 3219 2058 3255; x_wconf 88' lang='lat' dir='ltr'>Et</span> <span class='ocrx_word' id='word_1_898' title='bbox 2077 3218 2164 3256; x_wconf 89' lang='lat' dir='ltr'>ideo</span> <span class='ocrx_word' id='word_1_899' title='bbox 2192 3219 2458 3258; x_wconf 91' lang='lat' dir='ltr'>dissimilitudo</span> 
     </span>
     <span class='ocr_line' id='line_1_122' title="bbox 1404 3268 2458 3322; baseline 0.003 -15"><span class='ocrx_word' id='word_1_900' title='bbox 1404 3282 1503 3319; x_wconf 89' lang='lat' dir='ltr'>quae</span> <span class='ocrx_word' id='word_1_901' title='bbox 1543 3277 1598 3306; x_wconf 92' lang='lat' dir='ltr'>est</span> <span class='ocrx_word' id='word_1_902' title='bbox 1635 3268 1732 3306; x_wconf 90' lang='lat' dir='ltr'>inter</span> <span class='ocrx_word' id='word_1_903' title='bbox 1769 3269 1955 3317; x_wconf 87' lang='lat' dir='ltr'>originem</span> <span class='ocrx_word' id='word_1_904' title='bbox 1994 3278 2163 3308; x_wconf 89' lang='lat' dir='ltr'>nostram</span> <span class='ocrx_word' id='word_1_905' title='bbox 2201 3280 2237 3309; x_wconf 91' lang='lat' dir='ltr'>et</span> <span class='ocrx_word' id='word_1_906' title='bbox 2273 3273 2458 3322; x_wconf 85' lang='lat' dir='ltr'>originem</span> 
     </span>
     <span class='ocr_line' id='line_1_123' title="bbox 1405 3321 2458 3375; baseline 0.003 -15"><span class='ocrx_word' id='word_1_907' title='bbox 1405 3321 1542 3360; x_wconf 90' lang='lat' dir='ltr'>Christi</span> <span class='ocrx_word' id='word_1_908' title='bbox 1577 3322 1792 3359; x_wconf 89' lang='lat' dir='ltr'>secundum</span> <span class='ocrx_word' id='word_1_909' title='bbox 1819 3323 1895 3360; x_wconf 90' lang='lat' dir='ltr'>hoc</span> <span class='ocrx_word' id='word_1_910' title='bbox 1922 3324 2028 3372; x_wconf 93' lang='lat' dir='ltr'>quod</span> <span class='ocrx_word' id='word_1_911' title='bbox 2064 3336 2152 3361; x_wconf 90' lang='lat' dir='ltr'>caro</span> <span class='ocrx_word' id='word_1_912' title='bbox 2189 3333 2317 3362; x_wconf 89' lang='lat' dir='ltr'>nostra</span> <span class='ocrx_word' id='word_1_913' title='bbox 2352 3325 2458 3375; x_wconf 91' lang='lat' dir='ltr'>prius</span> 
     </span>
    </p>
   </div>
   <div class='ocr_carea' id='block_1_20' title="bbox 1403 3437 2459 3504">
    <p class='ocr_par' dir='ltr' id='par_1_29' title="bbox 1403 3437 2459 3504">
     <span class='ocr_line' id='line_1_124' title="bbox 1404 3437 2459 3496; baseline 0.004 -35"><span class='ocrx_word' id='word_1_914' title='bbox 1404 3440 1493 3461; x_wconf 85' lang='lat' dir='ltr'>autem</span> <span class='ocrx_word' id='word_1_915' title='bbox 1516 3439 1579 3496; x_wconf 56' lang='lat' dir='ltr'>{nte</span> <span class='ocrx_word' id='word_1_916' title='bbox 1598 3437 1633 3461; x_wconf 94' lang='lat' dir='ltr'>sD</span> <span class='ocrx_word' id='word_1_917' title='bbox 1652 3442 1720 3461; x_wconf 88' lang='lat' dir='ltr'>recte</span> <span class='ocrx_word' id='word_1_918' title='bbox 1739 3443 1767 3461; x_wconf 90' lang='lat' dir='ltr'>ut</span> <span class='ocrx_word' id='word_1_919' title='bbox 1785 3437 1897 3467; x_wconf 90' lang='lat' dir='ltr'>videtur,</span> <span class='ocrx_word' id='word_1_920' title='bbox 1919 3437 1948 3461; x_wconf 86' lang='lat' dir='ltr'>In</span> <span class='ocrx_word' id='word_1_921' title='bbox 1968 3437 2042 3462; x_wconf 84' lang='lat' dir='ltr'>nobis</span> <span class='ocrx_word' id='word_1_922' title='bbox 2062 3441 2150 3463; x_wconf 83' lang='lat' dir='ltr'>autem</span> <span class='ocrx_word' id='word_1_923' title='bbox 2169 3438 2205 3469; x_wconf 81' lang='lat' dir='ltr'>E;</span> <span class='ocrx_word' id='word_1_924' title='bbox 2224 3447 2272 3471; x_wconf 88' lang='lat' dir='ltr'>pro</span> <span class='ocrx_word' id='word_1_925' title='bbox 2290 3447 2377 3472; x_wconf 83' lang='lat' dir='ltr'>quam,</span> <span class='ocrx_word' id='word_1_926' title='bbox 2396 3443 2459 3465; x_wconf 76' lang='lat' dir='ltr'>ante</span> 
     </span>
     <span class='ocr_line' id='line_1_125' title="bbox 1403 3479 1546 3504; baseline 0.007 -8"><span class='ocrx_word' id='word_1_927' title='bbox 1403 3479 1482 3504; x_wconf 85' lang='lat' dir='ltr'>quam</span> <span class='ocrx_word' id='word_1_928' title='bbox 1502 3479 1515 3496; x_wconf 90' lang='lat' dir='ltr'>s</span> <span class='ocrx_word' id='word_1_929' title='bbox 1540 3491 1546 3497; x_wconf 96' lang='lat'>.</span> 
     </span>
    </p>
   </div>
   <div class='ocr_carea' id='block_1_21' title="bbox 1456 3506 2460 3540">
    <p class='ocr_par' dir='ltr' id='par_1_30' title="bbox 1456 3506 2460 3540">
     <span class='ocr_line' id='line_1_126' title="bbox 1456 3506 2460 3540; baseline 0.005 -10"><span class='ocrx_word' id='word_1_930' title='bbox 1456 3506 1481 3540; x_wconf 82' lang='grc' dir='ltr'>δ)</span> <span class='ocrx_word' id='word_1_931' title='bbox 1506 3507 1582 3532; x_wconf 79' lang='lat' dir='ltr'>Verbi</span> <span class='ocrx_word' id='word_1_932' title='bbox 1599 3514 1671 3536; x_wconf 86' lang='lat' dir='ltr'>caro,</span> <span class='ocrx_word' id='word_1_933' title='bbox 1689 3507 1769 3531; x_wconf 82' lang='lat' dir='ltr'>simul</span> <span class='ocrx_word' id='word_1_934' title='bbox 1786 3514 1849 3531; x_wconf 80' lang='lat' dir='ltr'>caro</span> <span class='ocrx_word' id='word_1_935' title='bbox 1867 3507 1997 3532; x_wconf 84' lang='lat' dir='ltr'>animata.</span> <span class='ocrx_word' id='word_1_936' title='bbox 2011 3522 2029 3526; x_wconf 91' lang='lat'>-</span> <span class='ocrx_word' id='word_1_937' title='bbox 2043 3508 2142 3539; x_wconf 86' lang='lat' dir='ltr'>Tertia;</span> <span class='ocrx_word' id='word_1_938' title='bbox 2164 3509 2274 3534; x_wconf 83' lang='lat' dir='ltr'>Verbum</span> <span class='ocrx_word' id='word_1_939' title='bbox 2294 3517 2365 3540; x_wconf 82' lang='lat' dir='ltr'>caro,</span> <span class='ocrx_word' id='word_1_940' title='bbox 2380 3510 2460 3535; x_wconf 77' lang='lat' dir='ltr'>simul</span> 
     </span>
    </p>
   </div>
   <div class='ocr_carea' id='block_1_22' title="bbox 348 3539 1613 3575">
    <p class='ocr_par' dir='ltr' id='par_1_31' title="bbox 348 3539 1613 3575">
     <span class='ocr_line' id='line_1_127' title="bbox 348 3539 1613 3575; baseline 0.001 -9"><span class='ocrx_word' id='word_1_941' title='bbox 348 3539 375 3575; x_wconf 90' lang='grc' dir='ltr'>γ)</span> <span class='ocrx_word' id='word_1_942' title='bbox 394 3541 448 3566; x_wconf 81' lang='lat' dir='ltr'>Sed</span> <span class='ocrx_word' id='word_1_943' title='bbox 466 3541 492 3566; x_wconf 87' lang='grc' dir='ltr'>ἰη</span> <span class='ocrx_word' id='word_1_944' title='bbox 511 3542 585 3567; x_wconf 82' lang='lat' dir='ltr'>nob1&#39;s</span> <span class='ocrx_word' id='word_1_945' title='bbox 608 3545 678 3568; x_wconf 82' lang='lat' dir='ltr'>ante.</span> <span class='ocrx_word' id='word_1_946' title='bbox 696 3556 715 3560; x_wconf 91' lang='lat'>—</span> <span class='ocrx_word' id='word_1_947' title='bbox 732 3541 833 3572; x_wconf 79' lang='lat' dir='ltr'>Tertia3</span> <span class='ocrx_word' id='word_1_948' title='bbox 856 3542 926 3566; x_wconf 82' lang='lat' dir='ltr'>Ante</span> <span class='ocrx_word' id='word_1_949' title='bbox 944 3541 1013 3566; x_wconf 76' lang='lat' dir='ltr'>em‘m</span> <span class='ocrx_word' id='word_1_950' title='bbox 1032 3541 1115 3574; x_wconf 82' lang='lat' dir='ltr'>prima</span> <span class='ocrx_word' id='word_1_951' title='bbox 1134 3547 1159 3566; x_wconf 87' lang='lat' dir='ltr'>et</span> <span class='ocrx_word' id='word_1_952' title='bbox 1176 3541 1205 3573; x_wconf 85' lang='lat' dir='ltr'>F,</span> <span class='ocrx_word' id='word_1_953' title='bbox 1226 3542 1255 3566; x_wconf 84' lang='lat' dir='ltr'>In</span> <span class='ocrx_word' id='word_1_954' title='bbox 1275 3542 1349 3567; x_wconf 83' lang='lat' dir='ltr'>nobis</span> <span class='ocrx_word' id='word_1_955' title='bbox 1404 3542 1524 3567; x_wconf 83' lang='lat' dir='ltr'>animata</span> <span class='ocrx_word' id='word_1_956' title='bbox 1542 3549 1613 3568; x_wconf 84' lang='lat' dir='ltr'>caro.</span> 
     </span>
    </p>
   </div>
   <div class='ocr_carea' id='block_1_23' title="bbox 1458 3576 1857 3612">
    <p class='ocr_par' dir='ltr' id='par_1_32' title="bbox 1458 3576 1857 3612">
     <span class='ocr_line' id='line_1_128' title="bbox 1458 3576 1857 3612; baseline -0.003 -10"><span class='ocrx_word' id='word_1_957' title='bbox 1458 3576 1480 3612; x_wconf 88' lang='grc' dir='ltr'>ε)</span> <span class='ocrx_word' id='word_1_958' title='bbox 1491 3578 1537 3610; x_wconf 82' lang='lat' dir='ltr'>fit.</span> <span class='ocrx_word' id='word_1_959' title='bbox 1555 3592 1574 3596; x_wconf 92' lang='lat'><em>-</em></span> <span class='ocrx_word' id='word_1_960' title='bbox 1591 3577 1648 3602; x_wconf 84' lang='lat' dir='ltr'>FsE</span> <span class='ocrx_word' id='word_1_961' title='bbox 1667 3582 1692 3602; x_wconf 87' lang='lat' dir='ltr'>et</span> <span class='ocrx_word' id='word_1_962' title='bbox 1710 3577 1782 3602; x_wconf 85' lang='lat' dir='ltr'>tertia</span> <span class='ocrx_word' id='word_1_963' title='bbox 1789 3585 1796 3608; x_wconf 73' lang='grc' dir='ltr'>ς</span> <span class='ocrx_word' id='word_1_964' title='bbox 1814 3577 1857 3602; x_wconf 82' lang='lat' dir='ltr'>sit.</span> 
     </span>
    </p>
   </div>
   <div class='ocr_carea' id='block_1_24' title="bbox 2484 924 2695 977">
    <p class='ocr_par' dir='ltr' id='par_1_33' title="bbox 2484 924 2695 977">
     <span class='ocr_line' id='line_1_129' title="bbox 2485 924 2695 952; baseline -0.01 -5"><span class='ocrx_word' id='word_1_965' title='bbox 2485 926 2494 936; x_wconf 71' lang='lat'>⁶</span> <span class='ocrx_word' id='word_1_966' title='bbox 2499 924 2597 952; x_wconf 77' lang='lat' dir='ltr'>Cf.Mag.</span> <span class='ocrx_word' id='word_1_967' title='bbox 2603 924 2623 945; x_wconf 90' lang='lat'>11</span> <span class='ocrx_word' id='word_1_968' title='bbox 2630 924 2695 945; x_wconf 83' lang='lat' dir='ltr'>Sent.</span> 
     </span>
     <span class='ocr_line' id='line_1_130' title="bbox 2484 951 2668 977; baseline -0.005 -4"><span class='ocrx_word' id='word_1_969' title='bbox 2484 951 2538 973; x_wconf 87' lang='lat' dir='ltr'>dist.</span> <span class='ocrx_word' id='word_1_970' title='bbox 2552 957 2607 977; x_wconf 79' lang='lat' dir='ltr'>xvii,</span> <span class='ocrx_word' id='word_1_971' title='bbox 2621 957 2668 972; x_wconf 76' lang='lat' dir='ltr'>xix.</span> 
     </span>
    </p>
   </div>
   <div class='ocr_carea' id='block_1_25' title="bbox 2482 1054 2697 1108">
    <p class='ocr_par' dir='ltr' id='par_1_34' title="bbox 2482 1054 2697 1108">
     <span class='ocr_line' id='line_1_131' title="bbox 2485 1054 2697 1077; baseline -0.005 -1"><span class='ocrx_word' id='word_1_972' title='bbox 2485 1057 2494 1067; x_wconf 78' lang='lat'>⁸</span> <span class='ocrx_word' id='word_1_973' title='bbox 2502 1055 2538 1076; x_wconf 87' lang='lat' dir='ltr'>De</span> <span class='ocrx_word' id='word_1_974' title='bbox 2547 1055 2603 1077; x_wconf 84' lang='lat' dir='ltr'>Gen.</span> <span class='ocrx_word' id='word_1_975' title='bbox 2612 1054 2645 1075; x_wconf 81' lang='lat' dir='ltr'>ad</span> <span class='ocrx_word' id='word_1_976' title='bbox 2652 1054 2697 1075; x_wconf 82' lang='lat' dir='ltr'>litt.</span> 
     </span>
     <span class='ocr_line' id='line_1_132' title="bbox 2482 1082 2664 1108; baseline -0.005 -5"><span class='ocrx_word' id='word_1_977' title='bbox 2482 1082 2523 1103; x_wconf 85' lang='lat' dir='ltr'>lib.</span> <span class='ocrx_word' id='word_1_978' title='bbox 2539 1082 2568 1108; x_wconf 81' lang='lat'>11,</span> <span class='ocrx_word' id='word_1_979' title='bbox 2584 1087 2634 1108; x_wconf 87' lang='lat' dir='ltr'>cap.</span> <span class='ocrx_word' id='word_1_980' title='bbox 2649 1087 2664 1102; x_wconf 82' lang='lat'>1.</span> 
     </span>
    </p>
   </div>
  </div>
 </body>
</html>
