2912 4030
451 264 536 289 xxtv

451 341 518 371 quo
537 330 701 361 seniorum
724 328 815 359 valde
843 329 974 368 antiqua
1004 326 1160 358 correctio
1188 330 1195 345 ¹
1221 330 1286 361 est,
1313 329 1343 354 et
1365 323 1518 365 segnior,

449 385 524 405 vera
547 375 652 410 lectio,
670 373 756 404 tarde
781 378 811 403 et
835 382 904 403 raro
924 373 957 402 in
978 370 1148 402 traditione
1164 369 1358 410 reapparuit)
1379 375 1520 398 errorem

450 419 576 449 auditus
599 419 707 459 potius
731 426 830 457 quam
860 416 1032 447 oculorum
1063 424 1130 446 esse
1155 413 1323 444 credimus.
1360 412 1439 442 Item
1463 420 1520 442 cu-

450 463 534 493 riosa
557 462 612 493 sed
635 462 809 502 antiquitus
833 460 924 491 valde
948 459 1062 490 diffusa
1085 459 1180 489 lectio
1205 467 1287 488 xxxi.
1307 457 1335 487 3.
1353 455 1393 486 ad
1411 455 1427 486 3
1446 460 1519 486 ante

451 506 506 537 fin.
525 507 574 550 (χ)
603 520 616 533 ‹
636 506 751 547 septies
767 506 853 536 enim
877 510 1000 545 septem
1017 509 1091 534 sunt
1108 501 1316 543 quadraginta
1332 500 1398 531 duo
1419 513 1433 527 »
1459 508 1519 540 pro

449 551 564 587 sexies,
581 556 612 581 et
629 560 695 581 vm.
715 559 746 590 7.
764 543 794 580 δ.
814 547 1047 590 assequendum
1071 557 1130 588 pro
1155 546 1199 577 ad
1220 544 1416 586 sequendum
1440 543 1519 574 Italo

450 596 678 635 pronuntiante
705 594 909 625 occasionem
934 593 1049 623 habere
1074 596 1259 632 potuerunt.
1284 589 1376 620 Alius
1396 588 1520 629 generis

451 645 498 669 est
520 639 615 670 lectio
639 649 721 669 κων.
746 647 775 668 2.
801 637 840 668 ad
865 637 881 668 3
909 637 952 679 (ρ)
977 645 1075 677 quam
1105 644 1193 666 nunc
1216 634 1371 665 exscribo.

510 726 631 754 Tsxrus
652 732 816 753 Aurtouus:
843 730 912 752 tunc
937 722 1091 760 praecipue
1119 722 1273 759 oportebat
1293 727 1325 749 ut
1346 720 1375 748 in
1403 719 1520 748 Christo

450 774 502 802 per
523 765 660 793 miracula
685 763 862 792 divinitatem
888 762 994 792 Christi
1022 763 1176 791 ostendere
1202 762 1321 799 quando
1351 759 1381 788 in
1403 768 1439 788 eo
1460 768 1522 788 ma-

450 805 526 833 xime
547 805 704 841 apparebat
725 803 875 832 infirmitas
896 803 1056 831 secundum
1078 803 1237 830 humanam
1260 808 1404 829 naturam.

510 845 625 873 Tauria
646 850 758 881 praeter
779 844 801 871 l:
822 850 890 871 tunc
911 842 1064 879 praecipue
1086 843 1241 879 oportebat
1261 841 1291 869 in
1313 839 1428 868 Christo
1450 838 1522 867 divi-

451 885 569 913 nitatem
591 893 642 921 per
663 883 802 912 miracula
822 883 984 917 ostendere,
1006 882 1125 919 quando
1146 888 1199 910 etc.

511 925 624 953 Lacrto
644 930 759 952 nostra:
781 929 850 951 tunc
871 922 1024 959 praecipue
1046 922 1200 958 oportebat
1216 930 1268 958 per
1290 919 1429 948 miracula
1450 918 1520 948 divi-

451 964 570 992 nitatem
592 963 697 992 Christi
719 963 872 991 ostendere
894 962 1012 999 quando
1034 968 1088 990 etc.

503 1003 585 1032 Aliae
606 1002 798 1032 correctiones
820 1009 901 1031 sunt:
925 1007 955 1030 ue
976 1011 1035 1030 om.
1052 1001 1150 1035 DF1a;
1171 1010 1225 1038 pro
1247 1000 1410 1033 ostendere,
1426 1004 1521 1028 osten-

448 1045 572 1072 deretur
593 1044 626 1071 E.

450 1128 551 1158 Nobis
583 1127 778 1158 constructio
813 1132 983 1167 propterea
1015 1127 1193 1166 incongrua
1227 1125 1362 1156 evasisse
1392 1123 1521 1155 videba-

449 1178 510 1208 tur,
528 1172 603 1212 quia
626 1177 739 1202 auctor
753 1172 822 1211 ipse
845 1171 927 1201 inter
950 1170 1155 1201 scribendum
1169 1170 1221 1200 vel
1244 1167 1430 1200 dictandum
1449 1178 1521 1199 sen-

449 1217 567 1247 tentiae
597 1215 815 1247 redactionem
837 1215 1002 1245 inconscie
1033 1214 1218 1251 mutaverit;
1247 1212 1367 1244 idcirco
1391 1213 1521 1244 alteram

450 1261 541 1301 quasi
571 1260 789 1291 redactionem
817 1264 1013 1290 assumentes
1043 1259 1139 1290 verba
1163 1263 1199 1289 ut
1221 1258 1254 1289 in
1281 1257 1410 1288 Christo
1431 1266 1521 1288 amo-

449 1306 565 1335 vimus.
590 1305 750 1335 Librarius
779 1313 819 1334 an
843 1303 925 1334 forte
949 1302 1127 1344 culpandus
1151 1303 1191 1333 sit
1213 1302 1340 1338 nescio,
1364 1301 1420 1332 sed
1442 1301 1521 1332 haec

450 1355 483 1380 et
506 1349 620 1380 similia
644 1348 697 1389 (cf.
719 1358 800 1379 xxxx.
824 1348 853 1378 3.
873 1357 905 1384 α,
930 1347 965 1387 τ)
989 1357 1057 1378 non
1080 1347 1240 1388 pertinent
1264 1346 1303 1377 ad
1325 1346 1480 1377 lectiones
1503 1355 1521 1376 a

450 1394 694 1434 transcriptione
719 1401 884 1428 erroneas,
910 1401 989 1432 quas
1013 1392 1046 1422 in
1070 1391 1270 1432 autographo
1302 1400 1371 1421 non
1395 1389 1522 1421 affuisse

451 1437 601 1468 diximus.

506 1482 581 1512 Non
605 1491 718 1512 omnes
741 1481 824 1512 laxas
849 1481 1104 1511 constructiones
1129 1480 1334 1511 correximus.
1359 1479 1417 1510 Ex.
1441 1488 1486 1519 gr.

504 1577 554 1596 vn.
576 1578 604 1605 9.
627 1579 650 1596 ε.
673 1567 747 1596 sicut
768 1568 812 1596 sol
833 1568 883 1605 qui
904 1567 963 1604 (sol
985 1569 1016 1603 F,
1038 1567 1064 1595 si
1084 1567 1128 1595 sol
1149 1567 1264 1604 GHlbc)
1287 1573 1329 1594 est
1353 1566 1522 1594 universalis

452 1618 539 1637 causa
559 1607 762 1645 generationis,
778 1614 809 1636 ut
830 1607 899 1636 dicit
920 1607 1078 1644 Dionysius
1092 1615 1122 1635 tv
1136 1615 1199 1644 cap.
1215 1607 1251 1635 de
1267 1606 1330 1635 Div.
1346 1607 1444 1641 Nom„
1459 1606 1522 1634 eius

451 1649 540 1677 virtus
561 1657 592 1676 se
613 1648 740 1676 extendit
760 1648 797 1676 ad
819 1647 918 1676 omnia
939 1656 1014 1684 quae
1035 1648 1089 1675 sub
1110 1646 1296 1684 generatione
1319 1647 1435 1674 cadunt.

504 1697 563 1716 Lm.
586 1695 613 1716 2.
635 1697 695 1725 arg.
718 1695 745 1716 2.
768 1688 843 1716 med.
865 1688 943 1725 Ergo
964 1687 1077 1715 videtur
1098 1687 1179 1723 quod
1203 1686 1314 1715 Christi
1342 1686 1521 1715 resurrectio

452 1738 513 1757 non
527 1728 658 1756 debuerit
669 1726 776 1756 differri
789 1736 881 1764 usque
895 1727 934 1755 ad
947 1726 1061 1755 tertiam
1076 1726 1162 1762 diem,
1178 1727 1229 1754 sed
1243 1725 1339 1754 statim
1354 1726 1459 1754 eodem
1474 1725 1521 1754 die

454 1777 636 1807 resurgere:
666 1767 820 1804 praecipue
842 1776 908 1795 cum
929 1766 1028 1804 glossa
1048 1766 1208 1804 (resurgere
1236 1765 1391 1803 praecipue
1413 1765 1522 1801 debuit,

453 1817 519 1836 cum
540 1808 635 1844 glossa
656 1807 730 1846 legit
744 1808 774 1842 F,
791 1816 846 1835 non
870 1806 1040 1846 intelligens
1060 1806 1272 1834 correctionem
1294 1805 1486 1843 exemplaris)
1500 1803 1521 1834 ².

508 1893 584 1924 Non
600 1893 784 1924 vexavimus
801 1893 896 1923 etiam
911 1902 953 1923 v1.
965 1901 997 1931 4.
1014 1902 1034 1921 a
1045 1891 1189 1932 primo...
1207 1900 1314 1932 quam,
1331 1900 1392 1922 nec
1408 1901 1448 1922 XI.
1467 1899 1493 1921 ι.
1509 1902 1521 1920 ε

448 1938 592 1978 primum
616 1947 718 1979 agens
741 1937 810 1978 qui,
835 1937 1040 1977 repetitiones
1064 1936 1291 1976 particularum
1315 1935 1415 1976 quod,
1441 1935 1523 1966 ideo.

570 2033 588 2071 §
611 2031 693 2062 VIII.
716 2049 739 2053 —
762 2031 820 2061 DE
845 2029 1048 2061 CODICUM
1071 2029 1129 2060 ET
1154 2029 1402 2060 EDITIONUM

747 2074 1038 2105 VARIANTIBUS
1062 2073 1235 2104 TACITIS

511 2175 565 2206 41.
590 2165 676 2196 Cum
702 2165 737 2195 in
760 2164 868 2195 Tertia
893 2164 985 2194 Parte
1012 2163 1116 2194 multo
1143 2163 1243 2203 magis
1271 2173 1369 2204 quam
1396 2164 1430 2194 in
1457 2163 1525 2194 aliis

457 2211 607 2252 operibus
634 2210 665 2240 S.
690 2209 838 2239 Thomae
865 2209 1033 2248 hucusque
1065 2207 1156 2238 editis
1182 2208 1314 2238 varietas
1347 2207 1525 2238 lectionum

456 2257 558 2296 ipsam
588 2260 691 2285 textus
721 2253 939 2284 redactionem
971 2258 1092 2292 tangat,
1124 2251 1198 2282 ideo
1228 2252 1263 2282 in
1293 2253 1379 2282 notis
1409 2253 1526 2282 nostris

456 2301 562 2340 plures
601 2298 705 2329 adhuc
740 2298 878 2328 minutas
912 2297 1078 2332 variantes,
1103 2302 1202 2337 quam
1237 2305 1321 2336 quae
1343 2297 1377 2326 in
1400 2295 1525 2327 Praefa-

455 2345 544 2375 tione
567 2343 640 2374 Vol.
657 2343 686 2372 X
702 2351 773 2382 pag.
789 2352 831 2372 VI.
857 2346 1060 2372 enumeratae
1083 2345 1168 2376 sunt,
1184 2340 1218 2370 in
1236 2340 1300 2370 hoc
1323 2345 1355 2370 et
1378 2341 1526 2380 sequenti

454 2388 620 2419 volumine
654 2387 780 2417 silentio
813 2386 999 2426 premimus.
1035 2385 1241 2425 Ubicumque
1273 2390 1381 2415 tamen
1413 2390 1525 2415 notam

455 2433 600 2468 fecimus,
617 2440 743 2471 semper
766 2436 867 2460 totam
890 2430 955 2460 loci
978 2429 1162 2460 varietatem
1185 2428 1308 2459 damus.
1334 2429 1525 2469 Saepissime

455 2478 550 2517 igitur
574 2475 712 2506 occurrit
727 2480 772 2511 ut,
790 2475 846 2504 ubi
861 2474 940 2504 nihil
956 2479 1117 2509 notamus,
1134 2473 1290 2503 variantes
1306 2473 1339 2503 in
1355 2472 1525 2504 traditione

455 2521 579 2554 adsint:
611 2520 667 2550 ubi
690 2529 766 2549 vero
791 2518 931 2559 aliquam
957 2518 1133 2547 variantem
1160 2523 1272 2547 notare
1295 2517 1457 2553 volumus,
1481 2518 1525 2548 ibi

457 2566 566 2596 omnia
589 2564 666 2604 sigla
681 2569 805 2594 nostra:
830 2560 1085 2592 ABCDEFGHI
1105 2561 1164 2591 abc
1179 2561 1214 2598 P,
1231 2567 1286 2592 aut
1308 2562 1377 2602 ipsa
1399 2561 1524 2598 adsunt,

457 2616 511 2640 aut
535 2607 853 2648 comprehenduntur
871 2607 930 2636 sub
951 2619 964 2632 «
980 2606 1083 2646 prima
1098 2619 1111 2632 »
1135 2619 1149 2632 «
1164 2606 1255 2636 tertia
1270 2619 1284 2633 »
1305 2611 1336 2636 et
1355 2619 1369 2633 ‹
1385 2607 1482 2636 ceteri
1497 2619 1524 2642 »‚

457 2659 511 2684 aut
539 2663 576 2683 ex
603 2653 673 2692 ipso
705 2651 831 2681 silentio
862 2655 973 2680 nostro
1005 2649 1205 2690 arguendum
1236 2656 1292 2685 est,
1324 2650 1402 2690 sigla
1431 2651 1526 2680 tacita

456 2704 579 2728 textum
603 2702 750 2727 nostrum
774 2696 907 2735 signare.

513 2742 598 2772 Cum
622 2750 698 2770 vero
722 2740 887 2775 variantes,
914 2739 1097 2779 praesertim
1126 2748 1208 2779 quae
1237 2738 1453 2769 redactionem
1478 2749 1527 2769 re-

459 2787 607 2825 spiciunt,
632 2785 727 2815 nullis
756 2784 848 2814 certis
879 2783 965 2813 libris
995 2783 1142 2822 propriae
1167 2784 1238 2818 sint,
1263 2782 1403 2823 ideoque
1431 2783 1527 2813 etiam

459 2830 612 2860 lectiones
636 2838 692 2869 per
715 2838 775 2858 nos
799 2833 910 2858 contra
934 2828 1104 2866 antiquum
1127 2833 1251 2857 textum
1274 2827 1443 2867 adoptatae
1458 2837 1526 2858 non

460 2874 565 2903 minus
588 2883 644 2913 per
666 2872 869 2902 traditionem
887 2873 1044 2907 oberrant,
1062 2872 1267 2901 occasionem
1284 2881 1322 2901 ex
1337 2872 1526 2902 variantium

460 2918 544 2947 notis
567 2917 760 2956 sumpsimus
784 2916 1030 2946 inconstantiam
1054 2916 1228 2946 testimonii
1252 2925 1311 2956 pro
1335 2916 1526 2946 lectionibus

462 2962 500 2991 ab
531 2962 663 3001 antiquo
687 2966 775 2990 textu
798 2961 890 2990 variis
914 2961 947 2990 in
971 2960 1061 2990 omni
1092 2959 1157 2990 fere
1180 2966 1258 2990 nota
1282 2969 1429 3000 expresse
1459 2970 1527 2990 ma-

461 3005 639 3035 nifestandi.
662 3005 735 3035 Hoc
753 3004 926 3040 effecimus,
942 3009 1092 3034 notarum
1109 3003 1229 3034 factura
1245 3003 1402 3034 ordinaria
1418 3005 1526 3034 tantis-

462 3059 518 3089 per
541 3054 669 3079 mutata.
694 3048 745 3079 Ad
769 3058 847 3088 quas
871 3055 962 3078 notas
985 3053 1089 3078 textus
1107 3054 1216 3079 noster
1239 3049 1277 3078 ab
1302 3049 1435 3088 antiquo
1459 3058 1527 3079 non

463 3093 579 3129 differt,
608 3093 797 3123 variantium
821 3092 1041 3122 conditionem
1069 3098 1104 3122 ut
1127 3093 1170 3122 ita
1193 3092 1297 3123 dicam
1327 3093 1464 3123 localem
1489 3102 1526 3123 ex

517 3206 523 3219 ¹
546 3206 683 3237 Propterea
697 3205 843 3236 signaturae
862 3204 938 3229 huius
957 3204 1074 3229 lectionis
1087 3205 1152 3229 AHb
1171 3206 1257 3230 locum
1271 3214 1343 3231 num.
1364 3206 1395 3231 32
1415 3213 1468 3230 non
1484 3206 1528 3230 de-

464 3241 563 3270 dImus;
584 3241 624 3265 Hb
643 3240 677 3264 ibi
696 3248 755 3264 cum
775 3240 842 3263 bona
862 3245 932 3272 parte
951 3240 1048 3271 primae
1067 3240 1163 3271 legunt.

517 3275 526 3289 ¹
546 3276 585 3301 Cf.
605 3277 680 3300 etiarn
699 3283 748 3300 xiv.
770 3275 792 3300 3.
812 3282 841 3307 γε
863 3284 875 3297 «
891 3275 942 3299 Sed
965 3282 1029 3299 caro
1051 3275 1151 3300 Christi
1170 3274 1304 3308 (Christus
1323 3276 1354 3311 P)
1373 3284 1404 3302 ex
1422 3276 1528 3310 Virgine

465 3312 607 3344 assumpsit
629 3316 746 3335 naturam
769 3309 868 3342 absque
881 3310 957 3342 culpa
972 3319 994 3335 ».
1014 3310 1046 3334 Et
1064 3317 1114 3335 xxi.
1134 3316 1157 3335 2.
1177 3317 1246 3343 corp.
1266 3313 1344 3343 princ.
1365 3322 1377 3334 «
1393 3311 1454 3344 quia
1472 3312 1528 3337 eius

466 3346 619 3371 sensualitas
644 3345 761 3371 eiusdem
787 3350 892 3370 naturae
916 3350 940 3369 et
963 3345 1058 3376 speciei
1082 3344 1128 3369 fuit
1153 3345 1177 3368 in
1199 3345 1304 3371 Christo
1328 3353 1353 3371 et
1374 3347 1399 3371 in
1422 3347 1498 3371 nobis
1514 3357 1526 3370 ι

467 3382 535 3413 quod
555 3382 642 3405 nullus
662 3386 791 3406 corrector
809 3380 898 3411 tetigit,
918 3380 983 3404 sicut
1002 3387 1049 3404 nec
1068 3387 1126 3404 an.
1143 3379 1165 3404 3.
1185 3387 1253 3412 corp.
1273 3382 1353 3413 princ.
1373 3392 1385 3404 ι
1402 3382 1528 3414 multipli-

465 3417 531 3442 citer
550 3416 650 3450 (multis
671 3416 791 3448 modis)...
806 3416 876 3440 inter
894 3422 959 3447 quos
975 3425 998 3445 »,
1017 3423 1064 3440 nec
1079 3422 1153 3439 van.
1167 3413 1192 3440 6.
1205 3422 1258 3447 arg.
1273 3423 1296 3441 2.
1317 3426 1329 3438 α
1346 3424 1426 3442 unum
1445 3425 1527 3450 agens

467 3457 550 3482 astat...
565 3452 657 3483 plures
679 3455 789 3484 agentes
807 3455 883 3484 agant
898 3459 921 3475 ».

522 3485 532 3500 ²
551 3486 683 3518 Signatura
708 3497 719 3508 ι
736 3486 848 3511 secunda
863 3495 876 3508 ιο
902 3493 916 3510 a
934 3485 1002 3510 notis
1027 3485 1107 3510 abest.
1133 3485 1275 3510 Consilium
1302 3493 1395 3518 nempe
1420 3487 1494 3511 nobis
1514 3495 1528 3512 a

467 3521 593 3554 principio
611 3526 665 3546 erat
684 3522 800 3546 codicum
821 3520 932 3545 Patavini
953 3525 977 3545 et
993 3519 1142 3553 antiquioris
1162 3520 1304 3552 Lipsiensis
1324 3527 1400 3544 usum
1420 3521 1528 3546 faciendi

467 3558 571 3589 qualem
601 3557 632 3581 de
651 3557 671 3581 E
691 3562 715 3581 et
736 3557 754 3581 F
773 3556 895 3587 fecimus,
923 3563 1020 3589 cosque
1049 3561 1172 3588 quatuor,
1201 3555 1244 3580 ubi
1274 3555 1455 3587 concinissent,
1483 3563 1529 3588 per

1575 323 1660 363 siglis
1685 322 1803 354 directe
1826 327 1922 362 patet.
1958 321 2022 354 Sed
2054 322 2111 353 ubi
2134 323 2168 353 in
2191 327 2280 353 textu
2307 327 2418 354 nostro
2443 322 2482 353 ab
2513 323 2647 364 antiquo

1574 366 1764 403 recedimus,
1781 367 1815 397 in
1831 366 1895 397 hoc
1917 371 1949 397 et
1971 367 2119 408 sequenti
2135 366 2311 398 volumine
2335 375 2481 407 expresse
2497 372 2647 398 notamus

1574 411 1652 451 sigla
1675 416 1780 441 textus
1802 411 1913 447 nostri,
1930 419 2013 451 quae
2032 411 2066 442 in
2085 410 2349 452 praecedentibus
2371 410 2484 442 decem
2500 411 2647 442 Volumi—

1574 455 1668 486 nibus
1692 464 1760 486 non
1784 463 1930 495 expresse
1954 455 2189 491 scribebantur,
2214 455 2271 486 sed
2294 465 2312 486 a
2335 455 2496 496 signatura
2524 455 2647 487 varian-

1574 500 1656 530 tium
1680 499 1772 539 quasi
1804 499 1941 530 abstrahi
1971 498 2139 530 debebant.
2173 499 2202 530 E
2225 509 2400 536 converso,
2424 499 2464 530 ad
2494 499 2648 531 lectiones

1574 543 1711 574 binarias
1735 543 1930 583 signaturam
1952 544 2100 574 variantis
2123 544 2369 584 suppressimus.
2394 543 2452 575 Ex.
2476 553 2528 584 gr:

1635 639 1654 659 x.
1673 630 1698 659 3.
1713 641 1731 669 γ
1747 630 1788 659 Si.
1803 646 1823 652 -
1839 630 1939 665 Gaul,-
1953 631 2013 659 Sed
2030 631 2057 659 si
2075 630 2169 668 prima
2183 637 2211 659 et
2225 631 2259 666 E,
2274 631 2308 660 Si
2321 641 2397 671 ergo
2411 633 2443 667 F,
2457 632 2544 672 Ergo
2557 632 2585 661 si
2598 633 2648 661 Pe.

1655 670 1669 698 δ
1691 671 1782 699 nobis.
1796 687 1816 691 -
1837 671 1887 698 DF
1907 676 1937 699 et
1956 670 2054 705 tertia;
2077 671 2106 699 in
2128 671 2220 700 nobis.

1656 720 1668 738 ε
1692 715 1720 738 et
1740 710 1867 739 iustitiae
1893 710 2076 739 rectitudine.
2091 727 2110 732 -
2131 711 2243 747 Tertia;
2265 711 2391 740 iustitiae
2418 717 2448 740 et
2473 712 2647 741 rectitudine

1575 750 1678 788 prima,
1701 750 1809 779 iustitia
1831 755 1859 778 et
1881 750 2053 779 rectitudine
2074 751 2106 786 F,
2128 750 2253 780 iustitiae
2275 757 2302 780 et
2323 751 2506 781 rectitudinis
2525 752 2558 781 E.

1575 834 1611 866 In
1635 835 1683 865 his
1706 834 1806 865 tribus
1829 835 1915 865 notis
1937 839 2011 875 post
2029 834 2269 876 portiunculam
2291 840 2395 867 textus
2414 837 2515 868 nostri
2537 837 2648 869 rescri-

1574 884 1663 920 ptam
1687 879 1831 920 sequitur
1853 879 2015 919 signatura
2029 884 2156 910 nostrae
2179 879 2326 911 lectionis
2350 881 2389 911 ab
2405 881 2538 922 antiquo
2559 887 2647 913 textu

1575 922 1768 955 differentis:
1794 934 1814 967 γ
1838 922 1976 964 legimus
2007 932 2083 954 cum
2113 922 2220 959 GI-ssb,
2245 916 2265 955 δ
2290 933 2366 955 cum
2395 924 2606 962 PDFGthc,
2631 936 2647 957 ι

1575 977 1651 999 cum
1674 967 1826 999 PGHIbc.
1850 966 1902 998 Ad
1918 961 1937 997 δ
1954 968 2077 998 varians
2100 967 2132 998 in
2157 967 2248 999 nobis
2268 968 2336 1000 sine
2355 968 2441 1010 siglis
2464 975 2521 1007 est,
2537 969 2594 1002 sed
2610 980 2648 1002 ex

1574 1012 1701 1044 silentio
1726 1017 1855 1043 notatur
1877 1010 2025 1043 ABCEa.
2050 1011 2178 1043 Novam
2200 1011 2392 1044 methodum
2416 1023 2513 1045 usum
2535 1013 2649 1046 harum

1574 1066 1682 1087 rerum
1705 1056 1895 1087 habentibus
1918 1065 1986 1087 non
2009 1056 2187 1087 intricatam
2211 1066 2279 1087 esse
2307 1056 2486 1095 credimus3
2517 1058 2648 1100 quando

1574 1110 1639 1132 una
1661 1106 1739 1132 nota
1762 1100 1854 1142 plura
1877 1100 1950 1131 loca
1972 1101 2058 1131 varia
2081 1101 2215 1142 attingit,
2231 1101 2339 1142 aliqua
2366 1101 2479 1143 utique
2502 1101 2560 1134 sed
2581 1112 2649 1134 non

1574 1145 1673 1176 nimia
1696 1145 1872 1176 attentione
1896 1154 1980 1185 opus
2004 1149 2051 1176 est
2067 1142 2090 1175 ³.

1630 1199 1684 1229 42.
1709 1189 1809 1228 Quod
1832 1189 1866 1220 in
1881 1188 2026 1220 notando
2043 1194 2075 1220 et
2090 1188 2323 1230 supprimendo
2348 1189 2520 1222 consilium
2542 1191 2649 1222 inieri-

1574 1243 1648 1266 mus
1671 1234 1783 1275 paucis
1803 1233 2000 1274 explicemus
2023 1239 2161 1274 oportet.

1630 1277 1773 1309 Notandi
1801 1278 2023 1309 necessitatem
2047 1283 2078 1308 et
2101 1278 2378 1319 opportunitatem
2402 1288 2420 1310 a
2443 1278 2572 1311 duobus
2595 1288 2649 1310 ex-

1574 1323 1694 1359 tremis,
1711 1327 1800 1353 textu
1823 1322 1945 1353 scilicet
1960 1321 2094 1362 antiquo·
2115 1327 2146 1353 et
2169 1322 2280 1359 Piano,
2297 1332 2430 1354 omnem
2446 1322 2648 1356 deduximus.

1575 1367 1681 1398 Exiles
1696 1366 1886 1397 variantulas
1902 1366 2025 1407 antiqui
2041 1371 2161 1397 textus:
2175 1367 2350 1408 proprium
2369 1366 2647 1404 Christo-Christi,

1573 1411 1848 1453 gentiles-gentes,
1871 1420 2188 1447 sumere-assumere,
2209 1417 2429 1452 per-propter,
2454 1422 2519 1443 non
2543 1413 2649 1444 sotum

1574 1455 1702 1487 sed-sed
1724 1455 1831 1491 etiam,
1849 1455 2071 1486 Mar.-Matth.
2089 1455 2171 1495 (mr,
2191 1454 2263 1496 m‘),
2282 1461 2313 1486 et
2328 1456 2443 1487 similia
2465 1457 2650 1497 praeterivi-

1574 1509 1658 1531 mus.
1682 1499 1747 1538 Qu.
1764 1509 1826 1530 xxi.
1852 1505 1908 1530 art.
1928 1509 1945 1530 2
1971 1499 2053 1530 inter
2084 1500 2192 1530 oratio
2216 1505 2248 1531 et
2271 1500 2374 1536 ratio,
2401 1500 2466 1539 Qu.
2482 1510 2544 1532 xxv
2566 1501 2650 1533 inter

1573 1545 1750 1579 honorare,
1767 1552 1933 1579 venerare,
1950 1543 2102 1580 adorare,
2120 1543 2185 1582 Qu.
2201 1554 2274 1575 xxxx
2288 1545 2371 1575 inter
2388 1544 2648 1587 (genealogiam)

1568 1587 1954 1629 perducere—producere,
1971 1587 2269 1624 Madian-Nathan,
2285 1588 2650 1632 quaterdenarius-qua-

1575 1631 2306 1674 ternarius-quadragenarius-quadrenarius,
2323 1642 2392 1664 non
2406 1633 2484 1664 levis
2500 1632 2649 1665 confusio

1575 1676 1704 1708 codices
1728 1675 1834 1713 afficit,
1851 1675 1916 1713 sed,
1933 1677 2056 1717 ubique
2085 1677 2242 1708 maiorem
2273 1682 2396 1718 partem
2419 1677 2650 1710 Vaticanorum

1575 1726 1631 1752 aut
1653 1721 1699 1752 rei
1723 1720 1917 1751 evidentiam
1940 1721 2058 1758 secuti,
2084 1720 2294 1752 variationem
2317 1730 2386 1752 non
2409 1722 2604 1753 notavimus.
2627 1740 2651 1746 -

1576 1764 1628 1796 Ad
1651 1765 1762 1795 omnia
1776 1764 1850 1795 loca
1873 1764 1997 1805 antiqui
2012 1770 2116 1796 textus
2140 1774 2223 1806 quae
2239 1764 2336 1796 dubia
2352 1765 2461 1807 quoad
2476 1766 2650 1798 lectionem

1576 1808 1770 1845 viderentur,
1787 1818 1921 1839 omnem
1944 1809 2172 1846 variationem,
2198 1809 2225 1839 si
2249 1818 2312 1850 qua
2337 1815 2418 1847 erat,
2444 1810 2649 1851 protulimus.

1576 1853 1738 1884 Erroneae
1761 1853 1916 1884 lectiones
1931 1854 2092 1894 antiquae,
2109 1862 2293 1885 communes
2311 1859 2430 1891 tamen,
2446 1864 2514 1886 non
2536 1855 2650 1898 singu-

1578 1898 1674 1934 lares,
1699 1907 1813 1928 omnes
1842 1898 2084 1928 annotationem
2115 1898 2277 1938 requirere
2300 1897 2499 1936 videbantur,
2522 1905 2560 1931 ut
2581 1909 2651 1931 non

1578 1942 1684 1973 solum
1714 1941 1826 1972 lectori
1858 1941 1898 1972 de
1921 1942 1966 1972 eis
1988 1951 2046 1982 per
2075 1951 2110 1973 se
2137 1941 2300 1973 iudicandi
2323 1943 2373 1973 ius
2396 1943 2520 1974 salvum
2550 1949 2649 1981 esset,

1578 1985 1635 2017 sed
1658 1986 1753 2016 etiam
1777 1991 1812 2016 ut
1834 1986 2057 2026 paternitatem
2079 1996 2189 2017 earum
2205 1985 2291 2027 apud
2314 1986 2478 2018 librarium
2493 1997 2650 2028 quaeren-

1579 2030 1653 2061 dam
1677 2039 1744 2061 esse
1764 2030 1903 2070 apertius
1926 2029 2133 2061 illucesceret.
2158 2031 2283 2062 Minuta
2305 2036 2414 2062 tamen
2433 2032 2650 2073 transcriptio-

1578 2075 1627 2105 nis
1651 2073 1768 2105 menda
1790 2083 1858 2105 non
1881 2074 1940 2104 sub
1964 2074 2113 2111 articulis,
2130 2074 2186 2106 sed
2209 2075 2268 2106 sub
2291 2084 2359 2106 uno
2375 2081 2507 2117 aspectu
2530 2076 2564 2107 in
2585 2075 2650 2108 fine

1578 2119 1674 2150 huius
1697 2117 1904 2149 Praefationis
1927 2123 2088 2150 notantur.
2127 2132 2134 2138 r

1634 2163 1741 2194 Unam
1771 2167 1896 2194 tantum
1925 2162 2100 2194 lectionem
2129 2163 2333 2203 singularem,
2358 2173 2496 2205 eamque
2525 2174 2586 2196 nec
2609 2164 2650 2196 ad

1580 2207 1708 2238 codices
1737 2207 1893 2238 continuo
1922 2207 2080 2238 adhibitos
2107 2208 2332 2248 pertinentem,
2357 2209 2535 2249 specialiter
2556 2215 2650 2241 nota-

1578 2252 1694 2282 vimus.
1719 2251 1784 2290 Qu.
1800 2261 1886 2282 xxvn
1909 2257 1965 2282 art.
1984 2261 2002 2282 2
2027 2251 2067 2282 ad
2084 2251 2100 2282 3
2126 2252 2160 2282 in
2182 2251 2285 2283 inciso
2313 2265 2326 2279 «
2346 2251 2446 2284 Unde·
2468 2252 2538 2284 talis
2566 2253 2650 2286 cele·

1579 2296 1674 2326 britas
1706 2295 1954 2336 (Conceptionis
1978 2295 2014 2326 B.
2039 2296 2083 2327 M.
2108 2295 2162 2336 V.)
2186 2305 2255 2327 non
2287 2301 2334 2327 est
2367 2297 2512 2329 totaliter
2539 2306 2650 2340 repro-

1579 2340 1683 2371 banda
1703 2353 1717 2367 »
1745 2339 1847 2370 codex
1875 2339 1907 2371 S.
1929 2340 2064 2370 Antonii
2094 2340 2214 2371 Patavii
2238 2340 2296 2381 (Ο)
2322 2341 2410 2372 solus
2438 2341 2473 2372 in
2502 2341 2651 2374 universa

1579 2384 1748 2415 traditione
1771 2384 1847 2425 legit
1871 2383 1952 2415 rolr'
1977 2384 2067 2425 (cum
2089 2384 2174 2416 linea
2197 2384 2351 2415 undulata
2374 2394 2470 2426 super
2489 2385 2553 2426 ro),
2569 2384 2651 2417 idest

1580 2429 1829 2459 rationabiliter.
1862 2428 1964 2460 Nobis
1987 2427 2147 2467 iudicibus
2170 2429 2249 2460 haec
2272 2428 2368 2460 lectio
2391 2438 2460 2460 non
2483 2434 2531 2460 est
2553 2429 2649 2462 lectio

1579 2472 1750 2504 deliberate
1780 2473 1889 2509 volita,
1918 2472 1975 2503 sed
2005 2482 2106 2514 purus
2138 2478 2236 2513 putus
2268 2481 2356 2503 error
2386 2474 2649 2515 transcriptionis.

1579 2517 1722 2558 Scriptor
1745 2518 1832 2548 enim
1854 2517 1997 2548 Patavini
2026 2517 2145 2558 pluries
2167 2517 2201 2547 in
2224 2516 2364 2548 eundem
2392 2526 2533 2549 errorem
2557 2517 2650 2550 cadit.

1579 2561 1672 2602 Legit
1702 2571 1757 2601 qu.
1782 2561 1895 2592 eadem
1926 2566 1981 2592 art.
2007 2561 2038 2598 3,
2063 2570 2152 2602 corp.
2177 2571 2195 2592 a
2217 2561 2319 2602 princ.
2347 2575 2361 2588 «
2380 2562 2414 2592 in
2442 2562 2513 2602 ipsa
2542 2567 2651 2595 autem

1580 2606 1795 2646 conceptione
1818 2605 1890 2636 Filii
1914 2605 1975 2636 Dei
1991 2604 2123 2645 (fomes)
2138 2605 2199 2636 fuit
2222 2604 2351 2636 roabilt'
2367 2606 2510 2637 sublatus
2530 2620 2558 2643 ι,
2583 2616 2651 2648 quo

1579 2650 1654 2681 loco
1672 2661 1690 2680 r
1706 2651 1874 2690 corrigitur
1895 2650 1929 2680 in
1953 2655 1966 2680 t
1989 2655 2020 2680 et
2042 2650 2060 2680 b
2084 2650 2286 2690 expungitur.
2312 2649 2434 2681 Ibidem
2458 2660 2548 2691 corp.
2564 2650 2650 2683 med.

1583 2708 1597 2721 «
1624 2695 1736 2725 Posset
1773 2699 1881 2725 tamen
1919 2694 2053 2734 intelligi
2087 2693 2178 2734 quod
2215 2693 2344 2736 r'o‘ablit'
2378 2694 2475 2726 fuerit
2507 2691 2651 2727 sublatus

1579 2738 1684 2770 fomes
1704 2752 1732 2769 ».
1766 2738 1889 2769 Eadem
1912 2747 2020 2769 rursus
2044 2738 2232 2778 quaestione
2257 2744 2313 2779 art.
2332 2739 2348 2770 5
2372 2738 2411 2769 ad
2429 2741 2446 2770 2'
2468 2745 2542 2780 post
2564 2739 2650 2771 med.

1583 2796 1597 2810 «
1617 2782 1771 2819 secundo,
1796 2783 1830 2813 in
1853 2783 2068 2823 conceptione
2098 2782 2171 2813 Filii
2194 2783 2255 2813 Dei
2285 2782 2346 2814 fuit
2373 2782 2475 2814 robl'r
2496 2783 2651 2815 mundata

1581 2837 1599 2857 a
1622 2827 1735 2858 fomite
1755 2841 1769 2854 »
1797 2827 1850 2867 (ro
1874 2836 1950 2857 cum
1968 2827 2060 2867 signo
2075 2832 2111 2857 ut
2126 2827 2232 2867 primo
2256 2827 2356 2868 loco).
2381 2827 2531 2864 Adverte‚
2551 2837 2650 2869 quae-

1581 2872 1719 2902 stionem
1752 2871 1877 2901 tractari
1909 2876 2019 2901 utrum
2051 2870 2154 2901 fomes
2188 2870 2283 2902 fuerit
2314 2872 2430 2912 ligatus
2460 2877 2594 2910 tantum>
2609 2877 2650 2903 an

1582 2916 1726 2946 totaliter
1748 2915 1900 2946 sublatus.
1925 2914 2002 2946 Ideo
2027 2915 2267 2946 rationabiliter
2281 2922 2318 2947 ut
2340 2916 2436 2947 lectio
2455 2914 2649 2954 falsumest,

1582 2965 1613 2991 et
1642 2965 1679 2990 ut
1705 2960 1860 3000 scriptura
1891 2969 1978 2990 error
2008 2960 2195 3000 ceteroquin
2227 2959 2378 3001 frequens
2402 2970 2421 2990 r
2441 2969 2502 3001 pro
2526 2965 2547 2991 t.
2561 2956 2648 2999 'Quo

1581 3013 1649 3034 non
1679 3004 1834 3039 obstante,
1860 3002 1938 3034 dum
1971 3003 2040 3034 aliis
2073 3004 2152 3034 locis
2184 3013 2292 3045 neque
2323 3004 2512 3035 Patavinum
2541 3012 2649 3045 neque

1582 3047 1660 3078 alios
1693 3046 1821 3078 codices
1853 3053 2003 3078 notamus
2035 3048 2103 3088 (qu.
2129 3048 2242 3079 eadem
2272 3053 2328 3080 art.
2346 3048 2363 3079 3
2389 3056 2478 3088 corp.
2501 3047 2557 3078 fi'n.
2588 3057 2648 3089 pro

1585 3105 1599 3119 «
1619 3092 1764 3122 totaliter
1778 3102 1796 3122 a
1811 3090 1924 3122 fomite
1943 3093 2116 3123 subtractio
2136 3106 2150 3119 »
2177 3093 2203 3123 Β
2227 3098 2259 3124 et
2277 3092 2342 3123 Pal.
2358 3091 2478 3123 habent
2493 3100 2649 3133 corpora-

1583 3215 1595 3228 «
1609 3206 1722 3230 secunda
1735 3215 1748 3229 »
1768 3206 1928 3239 designandi.
1947 3207 1998 3231 Sed
2017 3214 2100 3239 quum
2115 3205 2304 3239 compositione
2321 3205 2372 3231 iam
2392 3205 2511 3238 incoepta
2529 3205 2649 3232 itinerare

1581 3241 1622 3266 vix
1635 3249 1780 3274 congruum
1799 3247 1860 3272 erat,
1875 3242 2026 3275 praesertim
2041 3247 2128 3268 tamen
2146 3249 2179 3267 ne
2197 3241 2275 3266 nimia
2293 3240 2463 3266 materialium
2477 3249 2565 3266 rerum
2578 3249 2649 3267 acer-

1582 3276 1685 3302 vatione
1703 3285 1745 3302 res
1759 3285 1892 3310 suprema,
1910 3282 1994 3302 textus
2010 3277 2107 3310 antiqui
2121 3283 2208 3302 curam
2228 3276 2294 3306 dico,
2308 3276 2490 3301 detrimentum
2509 3282 2648 3309 pateretur,

1582 3312 1719 3337 consilium
1738 3313 1906 3337 mutavimus.
1926 3312 1986 3338 ldeo
2000 3313 2130 3345 signatura
2149 3310 2335 3343 compendiosa
2353 3319 2369 3335 α
2382 3311 2496 3336 secunda
2511 3321 2524 3334 a»
2544 3313 2647 3336 essendi

1581 3348 1707 3373 rationem
1735 3356 1786 3373 non
1816 3348 1902 3374 habet.
1931 3361 1952 3367 -
1981 3348 2044 3372 Post
2069 3345 2159 3379 v'ssinti
2186 3347 2287 3371 circitor
2313 3346 2487 3376 Quae-tiones
2516 3346 2647 3380 signatura

1583 3393 1595 3406 «
1617 3384 1700 3416 prima
1721 3392 1735 3407 2>
1765 3383 1842 3408 etiam
1869 3391 1883 3408 a
1908 3383 1975 3408 notis
2003 3382 2124 3415 disparet,
2150 3381 2211 3414 quia
2239 3389 2285 3414 per
2312 3382 2472 3414 signaturam
2500 3391 2512 3404 ι
2534 3382 2611 3408 ceteri
2632 3392 2645 3406 2

1581 3418 1789 3451 apprehenditur.
1810 3419 1875 3443 Nota
1893 3426 1912 3444 1.
1926 3418 1950 3443 3.
1963 3425 1980 3451 γ
1999 3417 2127 3449 potuisset
2145 3418 2183 3441 sic
2201 3417 2296 3442 scribi:

1635 3461 1650 3486 γ
1670 3453 1708 3478 Si.
1727 3467 1746 3471 —
1765 3454 1855 3485 GH1b;
1875 3453 1906 3478 Si
1923 3460 1989 3486 ergo
2001 3452 2029 3481 F.
2044 3451 2118 3485 Ergo
2131 3452 2155 3477 si
2168 3452 2210 3481 Pc.
2225 3452 2280 3477 Sed
2297 3452 2322 3477 si
2338 3451 2424 3477 ceteri.

1581 3488 1630 3512 Hic
1649 3497 1663 3512 ς
1675 3489 1751 3512 ceteri
1773 3499 1784 3510 a·
1811 3489 1880 3514 idem
1899 3493 1940 3514 est
1964 3487 2035 3521 quod
2053 3486 2088 3512 ibi
2108 3494 2122 3510 ι
2136 3486 2220 3520 prima
2238 3492 2264 3512 et
2278 3487 2309 3518 E,
2325 3497 2338 3510 ι
2360 3486 2427 3512 idest
2446 3496 2460 3511 a
2475 3486 2615 3516 ABCDEa,
2633 3498 2646 3510 ›

1582 3530 1649 3555 quae
1661 3530 1692 3547 ex
1704 3524 1833 3555 signatura
1852 3522 2118 3549 PABCDEFol—uabc
2135 3522 2252 3547 deductis
2271 3522 2355 3552 (ΞΠ-Πὸ,
2367 3522 2397 3554 1·“,
2416 3523 2452 3548 Pc
2469 3527 2610 3548 remanent.
