2872 3970
1047 271 1310 317 QUAESTIO
1339 271 1391 317 V,
1421 269 1712 334 ARTICULUS
1741 269 1770 305 II

326 351 487 400 Spiritus
516 350 654 396 Sancti,
675 357 730 386 est
751 349 832 386 eius
860 361 1000 398 corpus
1020 350 1239 386 formatum.
1269 349 1380 386 Unde

32 412 44 451 j
91 415 102 426 ·
122 413 218 440 Diales·
239 411 300 434 LXV
325 403 560 451 Augustinus
588 402 687 448 dicit,
708 402 759 439 ad
778 403 951 439 Orosium
970 402 1000 448 ³¹⁶,
1030 414 1227 450 exponens
1253 409 1381 439 aucto-

89 440 194 468 Quaen„
205 444 243 466 qu.
249 444 280 459 w.
286 449 297 453 -

40 477 42 480 ·
89 466 150 488 Inter
164 465 226 492 Ορρ.
235 465 295 490 Aug.

79 491 139 514 *1η
153 497 199 518 arg.

23 564 41 603 ζ
90 571 154 594 *uin
161 570 189 598 X,
196 577 244 598 cap.
251 577 296 592 xvi.

26 2170 52 2218 ‘y'
81 2186 91 2195 ⁸
102 2185 156 2206 Loc.
173 2185 222 2212 cit„
231 2190 292 2206 vers.

29 2233 33 2237 ,
81 2217 118 2239 45.
127 2217 166 2239 47-

27 2450 30 2453 ‘
82 2443 92 2452 ·
105 2441 141 2464 Cf.
156 2441 222 2468 ibid„
233 2447 292 2463 vers,

23 2469 33 2473 ’
80 2474 105 2497 ³5
119 2474 170 2496 *qq-

34 2767 38 2769 ,
85 2747 292 2773 ·S.Th.lect.vm;

30 2789 41 2792 “
78 2774 294 2856 ''iiiiii-{1:53}
311 2791 406 2833 fecta
427 2797 502 2823 sunt
524 2793 718 2823 naturaliter
726 2793 845 2833 priora
868 2793 1070 2835 imperfectis.
1095 2794 1239 2824 Christus
1262 2800 1379 2830 autem,

86 2859 136 2882 up.
150 2859 183 2880 rx,
197 2859 221 2876 n.
237 2860 259 2879 ις
274 2860 292 2874 ε,

34 2883 40 2905 ·,
83 2878 129 2902 Th.
137 2880 188 2902 lect.
195 2885 249 2902 xix:
258 2879 296 2901 De

86 2905 159 2928 caeto
168 2906 208 2928 lib.
216 2906 235 2932 1,
244 2911 294 2953 ωε.

37 2942 45 2946 2
85 2931 294 2960 n,n.9:s.‘l'.

33 2959 46 2978 J
85 2958 138 2981 lect.
153 2964 221 2986 tv,v.

31 3000 46 3035 ³.
86 3014 143 3036 ’Ch
154 3013 209 3036 Gen.
220 3019 270 3041 cap.
281 3019 295 3040 ι,

36 3047 38 3051 ·
86 3046 145 3063 vers.
159 3046 194 3067 αι,
208 3046 236 3067 24
249 3046 282 3068 25.

40 3078 45 3081 <
86 3068 96 3078 ⁸
113 3066 193 3089 Mmh.
213 3073 239 3088 οι
258 3082 263 3087 .
279 3072 295 3090 ι,

37 3085 42 3093 '
84 3099 144 3115 vert.
152 3093 184 3120 18,
193 3099 230 3120 203
241 3073 295 3115 Rue.

85 3125 138 3147 οιρ.
153 3125 169 3146 Ι,
190 3125 248 3141 vers.
263 3125 296 3148 35.

325 455 472 493 ritatem
491 455 686 492 inductam
700 454 739 491 *z
765 454 964 491 Caelestem
983 454 1066 490 dico
1085 455 1280 500 Christum,
1297 456 1382 503 quia

325 521 399 545 non
419 521 469 545 ex
481 509 645 545 humano
660 512 854 556 conceptus
872 512 922 542 est
940 508 1088 542 semine.
1109 507 1157 543 Et
1174 507 1249 543 hoc
1268 506 1382 543 etiam

324 561 444 600 modo
472 559 638 597 Hilarius
666 558 832 608 exponit,
852 558 892 594 in
911 557 1006 594 libro
1035 559 1080 595 de
1102 561 1137 595 T
1135 561 1279 595 rim'tate
1297 558 1327 594 ⁹¹⁶.

376 613 434 650 Ao
469 624 656 650 SECUNDUM
690 623 871 648 DICENDUM
905 611 1013 659 quod
1047 623 1137 647 caro
1170 617 1203 647 et
1229 612 1383 660 sanguis

324 677 404 701 non
431 663 670 713 accipiuntur
696 662 747 700 ibi
765 675 837 712 pro
866 662 1074 699 substantia
1102 662 1224 699 carnis
1244 670 1279 699 et
1298 675 1382 699 san-

322 716 466 765 guinis:
496 717 564 753 sed
591 728 662 765 pro
690 714 935 764 corruptione
963 715 1086 751 carnis
1114 723 1150 751 et
1176 714 1380 762 sanguinis.

323 769 435 816 Quae
462 768 622 818 quidem
650 768 690 805 in
719 768 870 805 Christo
905 779 986 804 non
1013 767 1082 804 fuit
1116 775 1306 816 quantum
1334 768 1383 804 ad

322 822 489 870 culpam.
519 820 607 858 Fuit
623 828 753 858 tamen
772 820 821 857 ad
839 827 994 868 tempus
1013 827 1203 868 quantum
1222 819 1271 856 ad
1290 831 1382 868 poe-

321 885 425 920 nam,
453 881 496 910 ut
523 885 622 922 opus
651 880 803 910 nostrae
832 871 1106 921 redemptionis
1135 873 1311 920 expleret.

374 927 432 963 AD
458 938 617 963 TERTHJM
644 937 825 962 DICENDUM
853 925 962 974 quod
985 925 1060 961 hoc
1080 924 1208 974 ipsum
1234 925 1283 961 ad
1302 936 1382 960 ma-

371 1055 396 1091 ὂ)
411 1057 544 1090 provehit.
558 1071 578 1076 -
591 1058 725 1089 provexit
743 1058 762 1082 F
782 1063 807 1082 et
825 1058 907 1083 tertia.

2442 268 2491 315 89

1436 348 1580 385 ximam
1608 347 1680 385 Dei
1712 346 1873 395 gloriam
1901 346 2062 395 pertinet
2090 347 2196 395 quod
2224 358 2364 395 corpus
2390 345 2494 382 infir-

1436 413 1548 438 mum
1576 408 1612 438 et
1638 408 1833 437 terrenum
1862 399 1910 435 ad
1938 407 2082 436 tantam
2111 398 2381 435 sublimitatem
2406 410 2494 447 pro—

1436 453 1541 489 vehit
1559 451 1583 489 δ.
1613 453 1724 490 Unde
1752 452 1791 488 in
1820 452 1979 501 Synodo
2009 451 2203 500 Ephesina
2221 451 2241 472 '¹‘
2260 451 2393 498 legitur
2410 463 2494 487 ver-

1436 505 1532 542 bum
1552 505 1669 542 sancti
1688 503 1897 553 Theophili
1917 503 2093 540 dicentis:
2127 504 2292 546 Qualiter
2310 505 2494 551 artificum

1436 560 1566 607 optimi
1582 570 1655 595 non
1666 559 1837 607 pretiosis
1852 562 1993 594 tantum
2013 558 2234 593 materiebus
2248 562 2365 592 artem
2380 562 2495 592 osten-

1437 611 1558 646 dentes
1586 612 1622 646 in
1651 610 1896 647 admiratione
1922 615 2016 655 sunt,
2043 609 2118 655 sed,
2137 609 2351 646 vilissimum
2380 609 2495 645 lutum

1437 669 1469 699 et
1496 669 1636 699 terram
1665 662 1875 699 dissolutam
1898 662 2120 711 plerumque
2146 667 2379 706 assumentes,
2407 673 2497 697 suae

1437 715 1651 764 disciplinae
1687 715 1975 751 demonstrantes
2011 716 2200 760 virtutem,
2229 714 2343 750 multo
2375 715 2497 763 magis

1436 767 1657 811 laudantur‚·
1684 769 1733 804 ita
1761 769 1927 804 omnium
1956 769 2112 816 optimus
2139 767 2288 814 artifex,
2313 767 2388 802 Dei
2411 767 2497 803 Ver-

1436 821 1543 865 bum,
1572 832 1646 856 non
1675 820 1838 868 aliquam
1861 821 2064 869 pretiosam
2098 821 2294 856 materiam
2329 820 2497 868 corporis

1436 872 1597 908 caelestis
1632 872 1910 922 apprehendens
1944 872 1995 909 ad
2020 884 2086 908 nos
2113 873 2228 918 venit,
2256 871 2321 908 sed
2356 873 2392 908 in
2422 871 2496 908 luto

1435 925 1730 973 magnitudinem
1757 937 1847 961 suae
1874 927 1963 962 artis
1991 925 2153 961 ostendit.

998 1136 1331 1169 Commentaria
1355 1135 1604 1168 Gardjnalis
1626 1136 1826 1168 Caietani

380 1227 486 1247 rrimus
507 1217 609 1247 clarus
632 1221 693 1247 est:
719 1222 750 1246 et
764 1222 873 1247 motus
895 1221 1027 1257 propter
1048 1225 1187 1246 errorem
1203 1215 1378 1251 Valentini,

323 1229 416 1291 Tut
437 1265 525 1300 patet
546 1261 580 1290 in
603 1260 647 1290 IV
672 1260 796 1290 Contra
821 1260 947 1296 Gentes,
972 1269 1041 1300 cap.
1058 1270 1128 1290 xxx.

363 1304 399 1335 In
423 1313 558 1344 corpore
579 1304 700 1334 articuli
723 1305 818 1334 unica
833 1310 880 1334 est
895 1304 1061 1335 conclusio
1080 1304 1264 1343 responsiva
1283 1313 1380 1344 quae-

318 1349 396 1379 sito:
431 1348 578 1378 Christus
606 1348 718 1378 habuit
744 1357 862 1388 corpus
888 1353 1047 1383 terrestre,
1073 1357 1138 1378 non
1162 1348 1304 1378 caeleste.
1340 1347 1381 1377 Et

318 1393 471 1432 probatur
493 1391 608 1431 triplici
630 1388 762 1427 ratione,
787 1397 818 1422 et
841 1393 1037 1422 auctoritate.

373 1436 410 1466 11.
434 1435 552 1466 Omnia
570 1435 652 1466 clara
668 1441 757 1466 sunt:
781 1436 841 1466 nisi
865 1435 964 1476 quod,
987 1437 1022 1466 in
1037 1436 1246 1475 responsione
1263 1435 1302 1465 ad
1317 1435 1380 1475 pri-

317 1489 418 1515 mum,
443 1480 526 1510 circa
547 1480 685 1519 glossam
700 1479 872 1519 Augustini
888 1485 919 1510 et
933 1480 1055 1514 Hilarii,
1081 1479 1215 1510 dubium
1232 1479 1380 1514 occurrit,

317 1524 437 1554 scilicet
464 1523 554 1563 quod
577 1523 722 1554 Christus
745 1524 784 1553 sit
805 1524 906 1554 homo
930 1524 1071 1553 caelestis
1102 1524 1177 1563 quia
1200 1523 1238 1554 de
1262 1523 1381 1563 Spiritu

318 1567 435 1598 Sancto
460 1572 646 1607 conceptus,
678 1567 842 1604 Quoniam
865 1568 890 1597 si
914 1577 951 1597 ex
974 1568 1090 1597 virtute
1113 1568 1214 1597 activa
1236 1577 1293 1597 seu
1316 1566 1381 1596 for-

318 1612 435 1642 mativa
451 1611 594 1650 corporis
610 1611 710 1640 homo
727 1616 774 1641 est
789 1611 930 1641 caelestis
942 1611 1120 1641 secundum
1133 1620 1260 1650 corpuS‚
1277 1610 1381 1640 Adam

319 1664 452 1695 quoque
476 1660 557 1685 esset
578 1655 679 1684 homo
703 1654 860 1685 caelestis:
892 1655 968 1694 quia
995 1661 1042 1685 est
1064 1654 1246 1685 immediate
1276 1654 1381 1684 divina

318 1700 434 1729 virtute
458 1707 574 1738 corpus
598 1699 666 1728 eius
689 1697 872 1729 formatum.
896 1698 937 1728 Et
959 1699 1004 1729 sic
1021 1699 1198 1738 Apostolus
1213 1708 1280 1728 non
1296 1704 1381 1728 recte

318 1743 478 1783 posuisset
497 1741 706 1772 differentiam
728 1743 810 1772 inter
823 1743 964 1782 primum
986 1743 1153 1772 hominem
1172 1748 1203 1772 et
1219 1742 1380 1772 Christum

318 1787 352 1816 in
375 1787 438 1816 hoc
462 1785 551 1826 quod
574 1785 626 1815 ille
649 1786 810 1821 terrestris,
834 1786 892 1815 iste
916 1786 1074 1822 caelestis,
1098 1785 1138 1815 ad
1161 1795 1278 1825 corpus
1301 1785 1381 1815 refe-

318 1829 430 1865 rendo,
454 1830 576 1859 ratione
599 1829 721 1858 virtutis
745 1828 940 1859 formativae.

372 1872 424 1903 Ad
446 1873 510 1902 hoc
533 1872 647 1902 dicitur
670 1872 775 1912 quod,
807 1874 882 1912 quia
905 1869 1062 1912 expositio
1085 1873 1143 1902 ista
1173 1882 1240 1902 non
1265 1878 1310 1902 est
1333 1882 1381 1902 se-

320 1916 463 1948 cundum
482 1925 611 1947 sensum
631 1916 807 1952 litteralem,
831 1926 899 1946 non
914 1922 1019 1956 potest
1035 1926 1073 1947 ex
1088 1916 1141 1946 illa
1157 1921 1381 1956 argumentum

319 1965 430 1991 contra
444 1961 539 1990 verba
553 1960 701 1999 Apostoli
718 1961 811 1990 sumi.
833 1960 885 1990 Ad
899 1961 1035 1990 litteram
1049 1970 1190 2000 namque
1205 1960 1381 2000 Apostolus

318 2004 462 2044 loquitur
485 2003 524 2034 de
547 2005 652 2044 primo
675 2004 766 2034 initio
789 2005 955 2044 utriusque
977 2005 1127 2040 hominis,
1151 2005 1270 2034 scilicet
1292 2004 1380 2034 Adae

319 2053 350 2079 et
373 2047 499 2079 Christi.
524 2047 659 2078 Constat
682 2053 789 2078 autem
811 2048 938 2078 initium
961 2047 1050 2078 Adae
1074 2058 1111 2078 ex
1130 2053 1211 2078 terra
1234 2057 1312 2083 esse,
1329 2048 1381 2078 cui

318 2091 489 2132 dispositae
511 2092 619 2122 iuncta
640 2097 686 2122 est
709 2093 830 2122 anima:
854 2092 981 2122 initium
996 2101 1072 2122 vero
1093 2091 1209 2122 Christi
1225 2101 1262 2121 ex
1278 2092 1381 2132 hypo-

318 2136 392 2166 stasi
415 2135 530 2171 divina,
555 2145 638 2175 quae
661 2136 825 2166 materiam
849 2136 907 2166 sibi
931 2135 1103 2175 disposuit,
1127 2135 1289 2171 formavit,
1315 2136 1381 2165 ani-

318 2179 426 2216 mavit,
449 2179 561 2215 univit,
578 2185 637 2209 etc.
661 2179 721 2210 Per
735 2180 799 2210 hoc
815 2180 901 2210 enim
923 2180 1038 2219 probat
1059 2179 1236 2219 Apostolus
1251 2180 1268 2196 θ
1290 2179 1381 2209 illum

319 2223 351 2254 in
366 2223 510 2254 animam
533 2223 696 2258 viventem,
713 2224 810 2254 istum
826 2223 858 2254 in
874 2224 1021 2263 spiritum
1037 2224 1248 2265 vivificantem
1255 2230 1268 2259 ,⁸
1290 2223 1380 2253 illum

319 2272 491 2302 terrenum,
509 2267 584 2306 quia
598 2276 672 2297 vere
693 2276 830 2307 persona
853 2272 976 2298 terrena
991 2273 1022 2297 et
1044 2266 1222 2298 secundum
1237 2267 1380 2297 substan-

318 2311 396 2342 tiam
419 2315 450 2341 et
473 2310 651 2340 secundum
675 2311 858 2350 qualitatem
873 2310 933 2341 fuit
948 2311 1068 2347 Adam;
1093 2312 1188 2341 istum
1204 2311 1379 2347 caelestem,

319 2359 350 2385 et
372 2353 551 2385 secundum
574 2355 780 2385 substantiam
803 2364 969 2394 personae,
994 2360 1025 2385 et
1047 2354 1224 2385 secundum
1248 2355 1380 2395 qualita-

317 2404 384 2429 tem
399 2398 570 2438 superioris
586 2397 715 2434 ordinis,
734 2398 821 2429 unde
843 2404 917 2429 sunt
932 2398 1022 2429 dotes
1039 2399 1190 2438 corporis,
1208 2398 1247 2429 de
1263 2399 1380 2439 quibus

318 2442 462 2482 loquitur
477 2443 504 2472 θ.

373 2486 477 2516 Allata
491 2491 599 2517 tamen
614 2487 771 2527 expositio
795 2496 863 2517 non
879 2492 926 2516 est
941 2486 1115 2522 refutanda,
1132 2486 1187 2517 sed
1202 2492 1381 2517 reverenter

319 2529 557 2569 amplectenda,
587 2530 631 2560 ita
653 2536 689 2560 ut
716 2531 810 2560 etiam
841 2531 939 2560 salvet
969 2530 1177 2561 differentiam
1207 2540 1381 2570 corporum

319 2572 498 2604 secundum
519 2574 670 2604 virtutem
692 2573 903 2604 formativam.
927 2574 1014 2604 Tum
1038 2575 1112 2614 quia
1127 2574 1232 2604 Adam
1247 2574 1306 2605 fuit
1321 2575 1381 2606 im-

319 2615 455 2647 mediate
472 2626 490 2647 a
505 2617 576 2648 Deo
597 2617 775 2648 secundum
792 2617 934 2648 debitum
949 2624 1080 2648 naturae
1097 2618 1252 2648 ordinem.
1276 2618 1381 2658 Exigit

320 2660 478 2700 siquidem
500 2669 606 2691 rerum
625 2661 716 2697 ordo,
740 2662 905 2702 supposita
919 2663 1059 2692 novitate
1074 2662 1196 2698 mundi,
1220 2668 1256 2692 ut
1277 2663 1380 2702 prima

319 2703 483 2735 individua
503 2704 716 2744 perfectarum
730 2706 909 2745 specierum
929 2705 1016 2742 fiant,
1040 2716 1107 2736 non
1124 2715 1161 2736 ex
1177 2706 1308 2742 semine,
1324 2706 1380 2736 sed

319 2748 503 2779 immediate
518 2758 537 2778 a
548 2749 635 2779 Deo:
653 2750 816 2789 quoniam,
829 2755 865 2780 ut
880 2749 994 2780 dicitur
1006 2750 1062 2780 XII
1075 2751 1256 2791 Metaphys.
1269 2751 1295 2786 ἥ,
1302 2760 1379 2791 per-

320 2841 422 2866 stante
444 2836 508 2866 iam
530 2836 665 2866 naturali
688 2836 787 2867 modo
810 2838 1022 2876 generationis
1037 2838 1196 2868 humanae
1218 2847 1276 2878 per
1291 2847 1380 2868 corn—

320 2880 510 2910 mixtionem
539 2880 634 2909 maris
663 2885 694 2910 et
722 2879 876 2916 feminae,
906 2881 1096 2912 miraculose
1126 2891 1221 2922 supra
1250 2887 1380 2912 naturae

321 2923 406 2963 leges
422 2929 598 2963 conceptus
614 2929 661 2953 est
676 2923 780 2953 divina
790 2924 915 2960 virtute,
928 2925 1048 2965 absque
1059 2926 1180 2956 semine
1194 2926 1348 2956 humano.
1358 2944 1381 2948 —

322 2967 409 2998 Tum
433 2968 508 3007 quia
530 2967 634 2997 Adam
658 2977 676 2997 a
697 2967 768 2998 Deo
791 2967 973 2999 immediate
995 2968 1096 2999 factus
1119 2970 1201 3000 sicut
1225 2975 1255 2999 et
1282 2970 1380 2999 boves

323 3016 354 3041 et
376 3011 497 3047 leones,
517 3011 696 3041 secundum
718 3020 790 3041 suas
813 3017 949 3047 naturas,
974 3011 1087 3042 dicitur
1103 3013 1136 3043 *z
1165 3013 1282 3043 Christi
1303 3022 1380 3043 vero

323 3055 493 3095 conceptio
510 3054 686 3095 specialiter
708 3055 930 3094 appropriatur
945 3055 1075 3095 Spiritui
1098 3055 1215 3087 Sancto
1231 3058 1257 3093 ὓ,
1275 3062 1311 3086 ut
1333 3057 1380 3086 in-

322 3099 480 3138 telligatur
494 3098 534 3129 ad
545 3099 608 3129 hoc
625 3109 642 3128 a
654 3098 724 3128 Deo
738 3097 919 3128 immediate
935 3098 1036 3129 factus
1051 3099 1151 3130 homo
1164 3105 1199 3130 ut
1211 3100 1380 3140 spiritualis

322 3142 371 3172 sit.
395 3142 440 3173 Ita
463 3142 552 3182 quod
574 3152 642 3173 non
665 3152 703 3172 ex
726 3142 793 3172 sola
815 3142 984 3182 negatione
1006 3143 1139 3173 humani
1163 3144 1301 3180 seminis,
1325 3143 1381 3174 sed

463 3553 574 3578 Sumam
593 3553 693 3579 'si-1301..
715 3553 744 3579 D.
764 3553 879 3578 ’raama
898 3553 930 3579 T.
948 3553 1013 3578 V111.

1436 1224 1474 1245 ex
1489 1216 1552 1245 hoc
1569 1215 1667 1255 quod,
1685 1225 1778 1255 supra
1793 1221 1923 1246 naturae
1946 1216 2040 1255 leges,
2058 1225 2095 1245 ex
2112 1215 2230 1255 Spiritu
2250 1215 2366 1246 Sancto
2383 1216 2496 1246 dicitur

1437 1265 1629 1299 conceptus,
1659 1259 1832 1289 differentia
1855 1260 1958 1299 posita
1982 1265 2028 1289 est
2050 1259 2131 1289 inter
2155 1259 2316 1289 Christum
2341 1265 2371 1289 et
2393 1259 2496 1290 Adam

1437 1308 1594 1342 quantum
1617 1302 1656 1333 ad
1680 1313 1806 1343 corpus,
1831 1303 1919 1343 quod
1942 1303 2085 1333 Christus
2107 1303 2146 1333 de
2161 1303 2250 1333 caelo
2267 1304 2420 1339 caelestis,
2445 1303 2497 1334 ille

1436 1346 1475 1377 de
1499 1351 1587 1377 terra
1611 1347 1782 1378 terrestris.

1491 1390 1542 1421 111.
1567 1391 1602 1421 In
1617 1392 1680 1421 hoc
1697 1390 1838 1421 secundo
1856 1391 1987 1421 articulo
2012 1390 2145 1421 dubium
2169 1391 2306 1421 occurrit
2322 1390 2361 1421 de
2377 1401 2497 1422 assum-

1436 1435 1548 1474 ptione
1570 1435 1746 1474 sanguinis:
1779 1445 1818 1465 an
1842 1435 1960 1465 scilicet
1983 1435 2109 1474 sang-uis
2140 1435 2195 1474 qui
2219 1440 2283 1464 erat
2306 1435 2338 1464 in
2362 1444 2497 1475 corpore

1438 1478 1564 1514 Christi,
1589 1485 1654 1508 erat
1676 1479 1784 1509 unitus
1808 1478 1970 1509 divinitati.
1995 1479 2035 1508 Et
2056 1484 2102 1508 est
2124 1479 2203 1508 ratio
2221 1478 2308 1508 dubii
2332 1488 2369 1508 ex
2392 1479 2497 1518 philo—

1436 1523 1558 1561 sophia.
1592 1522 1677 1559 Quia
1700 1523 1827 1562 sanguis
1850 1532 1917 1552 non
1941 1527 1987 1552 est
2009 1532 2080 1562 pars
2105 1523 2247 1562 corporis
2270 1523 2417 1558 humani,
2442 1522 2497 1553 sed

1437 1566 1624 1596 alimentum
1655 1567 1738 1596 eius:
1775 1566 1863 1605 quod
1895 1571 2018 1596 constat
2050 1576 2118 1596 non
2149 1575 2215 1596 esse
2247 1571 2335 1601 actu,
2360 1566 2415 1596 sed
2437 1576 2497 1606 po-

1436 1610 1535 1639 tentia
1557 1619 1674 1650 corpus
1704 1610 1794 1650 quod
1816 1610 1918 1640 alitur.
1953 1611 2009 1640 Est
2039 1610 2124 1640 enim
2155 1611 2280 1649 sanguis
2311 1610 2498 1640 alimentum

1436 1653 1607 1684 decoctum
1631 1653 1894 1689 convertendum,
1917 1663 1985 1684 non
2009 1663 2210 1689 conversum,
2234 1654 2267 1683 in
2289 1654 2442 1684 membra.

1491 1697 1532 1727 Et
1555 1697 1762 1727 confirmatur
1785 1699 1971 1728 auctoritate
1993 1707 2061 1727 non
2084 1698 2190 1727 solum
2205 1698 2392 1733 Aristotelis,
2417 1698 2443 1727 II
2460 1698 2499 1728 de

1435 1741 1585 1771 Partibus
1600 1741 1797 1771 Animalium
1809 1742 1842 1770 ⁴⁶:
1867 1741 1923 1771 sed
1939 1741 2002 1770 divi
2018 1741 2174 1776 Thomae,
2190 1742 2224 1770 in
2238 1740 2346 1770 multis
2362 1741 2441 1771 locis
2453 1743 2497 1777 ἢ,

1437 1789 1468 1814 et
1490 1785 1688 1823 singulariter
1710 1784 1840 1814 inferius
1863 1785 1897 1814 in
1921 1794 1975 1824 qu.
1992 1794 2074 1819 xxxx,
2099 1790 2154 1814 art.
2174 1785 2202 1820 5,
2220 1784 2259 1814 ad
2278 1792 2305 1820 1,
2329 1785 2385 1814 ubi
2407 1786 2500 1824 ponit

1437 1827 1645 1858 differentiam
1668 1829 1750 1858 inter
1773 1837 1843 1858 ossa
1867 1834 1898 1858 et
1921 1837 2029 1858 carnes
2053 1838 2091 1858 ex
2114 1838 2178 1858 una
2196 1833 2294 1867 parte,
2319 1834 2350 1858 et
2373 1830 2499 1868 sangui-

1436 1881 1511 1901 nem
1535 1881 1573 1901 ex
1597 1872 1656 1901 alia
1679 1878 1784 1911 parte,
1816 1873 1849 1902 in
1872 1873 1935 1902 hoc
1959 1871 2048 1911 quod
2072 1881 2149 1902 caro
2173 1877 2204 1901 et
2226 1881 2299 1902 ossa
2328 1877 2404 1902 sunt
2425 1878 2498 1903 actu

1429 1921 1543 1955 partes
1566 1916 1714 1956 corporis
1736 1916 1878 1951 humani,
1903 1917 2030 1955 sanguis
2045 1922 2153 1946 autem
2172 1925 2237 1946 non
2254 1921 2301 1946 est
2315 1921 2389 1947 actu
2406 1926 2499 1956 pars,

1434 1959 1491 1990 sed
1513 1964 1560 1990 est
1576 1960 1724 1999 potentia
1748 1965 1870 1997 totum;
1893 1965 1924 1990 et
1945 1959 2019 1990 ideo
2044 1969 2117 1990 caro
2138 1965 2168 1990 et
2184 1969 2256 1990 ossa
2278 1969 2346 1990 non
2365 1967 2501 2000 possunt

1437 2004 1557 2043 absque
1574 2005 1779 2044 corruptione
1796 2009 1827 2034 et
1842 2003 2054 2034 diminutione
2074 2004 2217 2043 corporis
2233 2003 2357 2040 auferri,
2374 2006 2500 2044 sanguis

1436 2053 1543 2077 autem
1568 2048 1635 2077 sine
1659 2048 1867 2088 corruptione
1891 2048 2156 2078 communicatur.

1454 2122 1457 2126 ἥ
1491 2091 1543 2120 IV.
1568 2090 1619 2121 Ad
1641 2092 1705 2121 hoc
1728 2091 1858 2127 dicitur,
1891 2091 2068 2122 secundum
2091 2092 2240 2121 Auctoris
2264 2090 2440 2122 doctrinam
2467 2093 2499 2122 in

1437 2135 1479 2165 IV
1495 2135 1592 2170 Sent.,
1617 2134 1686 2165 dist.
1703 2145 1788 2171 xmv,
1813 2145 1867 2174 qu.
1884 2145 1895 2165 1
1910 2137 1936 2171 ὓ,
1963 2135 2051 2175 quod
2074 2141 2178 2174 partes
2201 2136 2333 2166 humani
2357 2137 2499 2176 corporis

1436 2184 1510 2209 sunt
1533 2178 1684 2218 duplices.
1721 2179 1888 2216 Quaedam
1915 2180 1959 2209 sic
1983 2185 2057 2209 sunt
2079 2184 2152 2209 actu
2180 2185 2284 2218 partes
2315 2180 2404 2219 quod
2426 2186 2501 2211 sunt

1436 2223 1723 2253 intransmutabiles
1746 2224 1779 2252 in
1803 2223 1877 2252 alias
1900 2228 2021 2263 partes:
2046 2228 2082 2253 ut
2105 2232 2224 2258 cameS‚
2242 2233 2322 2259 ossa,
2338 2225 2443 2260 nervi;
2469 2230 2500 2254 et

1437 2267 1589 2302 membra,
1606 2271 1641 2296 ut
1656 2276 1780 2302 manus,
1797 2266 1904 2306 pedes,
1919 2272 1977 2297 etc.
2003 2266 2169 2304 Quaedam
2185 2277 2260 2297 vero
2277 2268 2321 2297 sic
2337 2273 2411 2298 sunt
2427 2273 2499 2298 actu

1435 2316 1539 2351 partes
1564 2309 1653 2350 quod
1668 2316 1742 2340 sunt
1760 2311 1793 2340 in
1808 2311 1952 2350 potentia
1968 2311 2063 2340 etiam
2081 2310 2121 2340 ad
2137 2311 2211 2340 alias
2226 2316 2347 2350 partes:
2373 2317 2404 2341 et
2422 2311 2499 2341 tales

1436 2354 1583 2385 videntur
1599 2364 1666 2384 esse
1682 2360 1820 2394 quatuor
1835 2355 1987 2384 humores
2004 2364 2041 2384 ex
2054 2354 2170 2393 quibus
2186 2364 2306 2390 sumus,
2322 2355 2404 2384 inter
2416 2364 2499 2394 quos

1437 2404 1483 2429 est
1506 2399 1642 2438 sanguis.
1677 2398 1786 2434 Unde,
1811 2399 1886 2438 quia
1908 2397 2093 2428 huiusmodi
2116 2398 2233 2428 habent
2260 2398 2368 2437 aliquo
2397 2398 2497 2429 modo

1435 2443 1592 2473 rationem
1614 2443 1710 2482 partis
1726 2443 1759 2472 in
1775 2447 1858 2478 actu,
1883 2447 1914 2472 et
1929 2442 2036 2481 aliquo
2053 2441 2152 2472 modo
2176 2442 2272 2481 partis
2295 2442 2328 2472 in
2343 2443 2496 2481 potentia,

1435 2486 1509 2517 ideo
1533 2486 1654 2516 diversa
1678 2486 1715 2516 de
1733 2487 1777 2516 eis
1796 2486 1953 2516 dicuntur.
1977 2486 2060 2516 Nam
2083 2486 2274 2525 inquantum
2297 2491 2371 2516 sunt
2393 2491 2497 2525 partes

1435 2531 1468 2561 in
1492 2535 1581 2566 actu,
1606 2530 1783 2560 verificatur
1807 2530 1895 2569 quod
1919 2539 2035 2570 corpus
2058 2535 2204 2560 nostrum
2228 2530 2433 2569 componitur
2459 2539 2497 2560 ex

1436 2575 1496 2605 eis:
1519 2580 1554 2604 ut
1572 2575 1605 2604 in
1620 2575 1778 2614 principio
1795 2573 1870 2604 dicti
1885 2574 1955 2604 libri
1967 2575 1983 2590 *
1998 2574 2182 2604 Aristoteles
2198 2578 2336 2603 testatur.
2361 2573 2405 2603 Ut
2419 2583 2495 2604 vero

1435 2624 1508 2648 sunt
1531 2619 1564 2648 in
1587 2618 1730 2658 potentia
1753 2617 1792 2648 ad
1815 2618 1889 2648 alias
1912 2622 2031 2658 partes,
2055 2617 2233 2648 verificatur
2260 2616 2348 2657 quod
2372 2622 2418 2647 est
2441 2617 2496 2647 ali-

1434 2667 1581 2693 mentum
1605 2662 1758 2702 corporis.

1489 2706 1531 2736 Et
1553 2715 1610 2745 per
1632 2706 1695 2736 hoc
1717 2711 1804 2745 patet
1826 2706 1992 2745 responsio
2017 2705 2055 2735 ad
2070 2706 2225 2735 rationem
2241 2705 2273 2734 in
2290 2705 2495 2744 oppositum:

1435 2749 1571 2781 dicendo
1603 2749 1692 2790 quod
1714 2750 1841 2789 sanguis
1872 2755 1918 2779 est
1945 2750 2089 2788 corporis
2117 2749 2319 2784 alimentum,
2350 2748 2405 2778 sed
2427 2758 2495 2779 non

1433 2799 1568 2824 tantum.
1604 2794 1688 2832 Quia
1712 2799 1759 2824 est
1781 2794 1824 2823 ita
1847 2793 2034 2823 alimentum
2064 2798 2100 2822 ut
2127 2793 2221 2822 etiam
2243 2793 2289 2822 sit
2316 2791 2495 2823 secundum

1434 2848 1467 2868 se
1490 2847 1562 2877 pars
1587 2838 1739 2877 corporis.

1488 2880 1540 2911 Ad
1564 2882 1783 2911 auctoritatem
1799 2881 1862 2911 divi
1878 2881 2023 2910 Thomae
2047 2879 2161 2910 dicitur
2185 2879 2274 2919 quod
2294 2880 2437 2919 loquitur
2455 2879 2495 2910 de

1434 2931 1522 2965 parte
1545 2925 1690 2966 totaliter⁶
1705 2925 1738 2954 in
1762 2930 1850 2960 actu,
1882 2933 1956 2954 cum
1986 2923 2061 2953 dicit
2091 2922 2180 2962 quod
2207 2933 2272 2954 non
2294 2928 2402 2964 potest
2426 2923 2496 2954 sine

1434 2969 1642 3008 corruptione
1665 2973 1723 2998 aut
1737 2968 1947 2998 diminutione
1961 2967 2125 2997 subtrahi:
2146 2976 2214 2998 non
2230 2973 2337 2998 autem
2353 2967 2392 2998 de
2407 2972 2496 3007 parte

1434 3013 1549 3053 partim
1572 3013 1606 3042 in
1629 3018 1702 3042 actu
1732 3017 1763 3042 et
1785 3012 1899 3051 partim
1922 3012 1955 3041 in
1978 3011 2137 3051 potentia,
2163 3011 2264 3050 qualis
2288 3016 2334 3042 est
2357 3012 2494 3050 sanguis.

1488 3057 1620 3096 Absque
1643 3056 1742 3085 dubio
1765 3056 1859 3094 igitur
1882 3054 2077 3085 credendum
2094 3060 2140 3084 est
2163 3055 2279 3085 Filium
2295 3055 2355 3085 Dei
2375 3064 2495 3086 assum-

1434 3101 1532 3140 psisse
1556 3109 1672 3139 corpus
1696 3104 1848 3134 terrestre,
1865 3099 1928 3129 hoc
1945 3104 2000 3135 est,
2021 3108 2150 3129 carnem
2171 3104 2201 3129 et
2214 3099 2426 3140 sanguinem:
2449 3103 2494 3134 ut,

1435 3143 1605 3173 dividendo
1630 3143 1860 3183 quaestionem,
1884 3142 2007 3173 Auctor
2029 3142 2158 3173 titulum
2182 3143 2324 3183 explicat.

2317 3561 2348 3579 12

2522 490 2531 499 ⁸
2546 489 2606 510 Part.
2617 462 2645 515 101,
2661 492 2704 510 act.
2717 494 2734 509 ι.

2525 1744 2535 1754 ⁸
2550 1743 2605 1770 Cap.
2622 1749 2655 1769 ιη,
2670 1749 2700 1770 vi,
2712 1750 2734 1764 x.

2526 1771 2546 1780 ’⁸
2562 1770 2596 1790 (ἐπ’.
2612 1770 2641 1790 111
2661 1770 2735 1796 Sent.,

2526 1796 2579 1816 dist.
2598 1802 2632 1820 ιιι,
2654 1802 2691 1823 qu.
2713 1802 2734 1822 v,

2525 1826 2567 1843 nrt.
2580 1829 2598 1848 ι,
2609 1822 2636 1843 ad
2651 1829 2679 1847 45
2694 1822 2735 1848 lv,

2525 1849 2579 1895 ¹clist.
2593 1854 2625 1873 xi.
2647 1848 2733 1875 Expos.

2533 1878 2567 1896 nt.

2526 2143 2535 2153 '⁴
2550 2143 2599 2164 Art.
2616 2148 2635 2167 2.
2652 2143 2695 2170 qir‘
2707 2148 2727 2170 3.

2522 2574 2532 2583 ⁸
2547 2573 2603 2600 Cap.
2620 2579 2634 2594 t.
