2872 3970
194 797 203 806 '¹
214 796 264 817 Art.
281 794 303 822 8,
318 800 340 822 9.

193 1854 202 1863 ⁸
214 1853 259 1881 Qu.
270 1858 293 1879 n,
303 1855 344 1873 art.
354 1858 373 1878 2,
382 1858 402 1880 3.

200 3248 210 3257 ⁴
226 3248 259 3269 Cf.
277 3254 338 3269 num.
354 3254 394 3270 vn.

427 291 501 328 208

426 371 532 420 quod
561 370 740 408 deificari.
770 371 871 418 Ergo
895 371 991 406 haec
1010 376 1064 406 est
1084 368 1191 405 falsa:
1219 368 1349 405 Homo
1358 367 1487 414 factus

427 430 477 461 est
503 425 615 460 Deus.

480 477 703 513 Rssspowmzo
726 487 906 513 mci-:NDUM
933 473 1040 522 quod
1062 471 1272 522 propositio
1296 471 1376 519 ista,
1403 472 1486 508 Ho-

427 541 489 566 mo
498 529 626 577 sactus
645 534 695 565 est
712 530 824 574 Deus,
845 526 1036 576 tripliciter
1063 533 1186 574 potest
1205 523 1367 571 intelligi.
1398 524 1486 561 Uno

428 581 560 627 modo,
590 581 639 618 ita
667 581 772 630 quod
802 582 876 617 hoc
903 578 1145 628 participium
1163 578 1291 626 factus
1310 576 1486 613 determi-

428 641 492 671 net
520 634 692 671 absolute
712 635 773 670 vel
801 632 1026 677 subiectum,
1048 632 1109 667 vel
1135 629 1409 679 praedicatum.
1440 629 1487 666 Et

428 686 468 723 in
496 687 571 724 hoc
598 698 714 724 sensu
733 694 787 722 est
805 686 912 722 salsa:
943 683 1034 732 quia
1052 695 1178 732 neque
1207 683 1327 719 homo
1354 681 1414 718 ille
1438 681 1486 718 de

429 751 508 788 quo
536 737 806 788 praedicatan
834 745 889 774 est
915 737 1046 782 sactus,
1076 747 1202 784 neque
1231 735 1337 771 Deus
1361 742 1416 770 est
1434 734 1486 771 fa-

429 800 523 835 ctus,
544 799 584 828 ut
603 791 698 828 infra
711 791 731 812 ²¹⁶
754 790 910 827 dicetur.
940 789 988 826 Et
1007 788 1079 825 sub
1099 788 1238 825 eodem
1258 799 1373 824 sensu
1392 787 1488 824 haec

429 852 483 881 est
502 844 607 881 falsa:
627 845 728 880 Deus
735 844 864 891 factus
883 848 933 879 est
950 842 1071 878 homo.
1094 840 1171 878 Sed
1186 840 1258 876 sub
1278 841 1352 876 hoc
1371 851 1486 876 sensu

428 909 507 933 non
536 895 730 945 quaeritur
758 895 819 932 hic
847 895 894 931 de
923 893 1000 930 istis
1028 891 1365 942 propositionibus.

482 948 566 985 Alio
594 948 713 985 modo
742 955 864 996 potest
899 946 1050 994 intelligi
1078 954 1120 982 ut
1148 947 1185 994 ly
1202 946 1331 993 sactus
1365 945 1486 981 deter-

428 1001 546 1038 minet
574 1000 914 1050 compositionem:
949 1007 989 1036 ut
1018 998 1062 1035 sit
1090 1010 1243 1044 sensuS,
1272 999 1402 1035 Homo
1419 999 1486 1046 fa-

427 1060 504 1090 ctus
532 1060 581 1090 est
599 1054 710 1099 Deus,
732 1053 847 1089 idest:
867 1053 1016 1100 sactum
1036 1057 1086 1088 est
1114 1057 1151 1088 ut
1178 1052 1289 1088 homo
1310 1052 1354 1087 sit
1371 1051 1484 1088 Deus.

428 1107 475 1143 Et
504 1106 575 1142 sub
604 1107 678 1142 hoc
706 1117 820 1142 sensu
858 1113 1019 1154 utraque
1048 1112 1102 1140 est
1130 1115 1242 1150 vera,
1271 1111 1327 1150 et,
1356 1105 1486 1140 Homo

416 1160 545 1207 factus
572 1165 622 1195 est
640 1160 751 1204 Deus,
773 1166 820 1206 et,
841 1159 941 1194 Deus
958 1158 1087 1206 sactus
1106 1162 1156 1193 est
1174 1157 1296 1193 homo.
1327 1156 1403 1194 Sed
1419 1156 1487 1193 -hic

428 1224 507 1249 non
539 1219 594 1248 est
621 1211 799 1262 proprius
837 1223 970 1248 sensus
999 1211 1136 1246 harum
1173 1209 1431 1246 locutionum:
1462 1232 1487 1236 —

428 1264 499 1302 nisi
527 1265 619 1301 sorte
646 1264 870 1312 intelligatur
889 1263 995 1312 quod
1015 1264 1052 1312 ly
1071 1264 1182 1300 homo
1204 1273 1285 1299 non
1311 1262 1449 1299 habeat
1469 1268 1486 1290 η

427 1319 669 1366 personalem
698 1316 1014 1366 suppositionem,
1035 1315 1101 1352 sed
1128 1314 1352 1364 simplicem.
1381 1315 1488 1352 Licet

428 1370 531 1407 enim
561 1370 622 1406 hic
650 1370 770 1406 homo
806 1381 886 1406 non
914 1369 959 1405 sit
987 1369 1105 1406 factus
1133 1369 1259 1414 Deus,
1288 1367 1379 1417 quia
1412 1369 1487 1405 hoo

429 1422 692 1472 suppositum,
721 1434 886 1472 persona
914 1421 997 1458 Filii
1030 1421 1122 1468 Dei,
1152 1421 1200 1458 ab
1238 1428 1392 1458 aeterno
1420 1420 1488 1458 fuit

428 1477 551 1514 Deus:
581 1484 709 1512 tamen
737 1476 870 1523 homo,
891 1474 1149 1512 communiter
1174 1474 1382 1523 loquendo,
1408 1486 1488 1511 non

428 1540 580 1577 semper
606 1528 674 1566 fuit
702 1529 818 1565 Deus.

480 1581 612 1618 Tertio
640 1581 780 1627 modo,
810 1580 964 1630 proprie
999 1579 1232 1628 intelligitur:
1272 1580 1486 1616 secundum

428 1635 535 1683 quod
563 1635 638 1671 hoc
665 1633 907 1683 participium
917 1634 1045 1681 factus
1064 1632 1171 1682 ponit
1198 1631 1281 1668 fieri
1301 1632 1400 1669 circa
1420 1633 1488 1669 ho-

428 1686 572 1724 minem
603 1686 642 1723 in
662 1694 835 1736 respectu
864 1687 911 1723 ad
932 1687 1061 1723 Deum
1090 1685 1185 1722 sicut
1211 1685 1260 1722 ad
1279 1685 1488 1722 terminum

427 1739 609 1776 factionis.
650 1740 696 1776 Et
724 1740 763 1776 in
801 1740 876 1776 hoc
904 1751 1040 1785 sensu,
1070 1738 1269 1788 supposito
1308 1738 1414 1787 quod
1450 1738 1488 1775 in

431 1791 582 1830 Christo
611 1792 656 1828 sit
683 1793 819 1830 eadem
848 1804 1013 1841 persona
1041 1799 1076 1828 et
1103 1790 1317 1840 hypostasis
1341 1799 1377 1827 et
1400 1803 1488 1840 sup-

430 1844 599 1894 positum
618 1844 689 1881 Dei
709 1853 745 1881 et
764 1844 942 1891 hominis,
963 1852 1005 1881 ut
1024 1856 1140 1893 supra
1158 1844 1178 1865 *
1204 1852 1402 1880 ostensum
1422 1852 1487 1890 est,

430 1898 499 1934 ista
518 1897 729 1946 propositio
748 1897 838 1934 falsa
857 1905 922 1934 est.
953 1897 1057 1944 Quia
1078 1909 1168 1933 cum
1189 1895 1335 1942 dicitur,
1356 1898 1488 1934 Homo

420 1951 548 1998 factus
576 1956 626 1987 est
652 1951 763 1996 Deus,
794 1952 831 1999 ly
858 1951 968 1987 homo
996 1949 1110 1987 habet
1138 1951 1378 1998 personalem
1401 1962 1490 1999 sup-

431 2002 680 2053 positionem:
711 2015 791 2040 non
818 2003 920 2040 enim
941 2015 1021 2040 esse
1050 2003 1179 2039 Deum
1197 2001 1415 2039 verificatur
1443 2003 1490 2040 de

431 2055 590 2093 homine
619 2056 763 2093 ratione
801 2057 994 2093 humanae
1033 2063 1210 2100 naturae,
1241 2055 1308 2092 sed
1346 2055 1490 2092 ratione

432 2108 490 2145 sui
519 2108 716 2158 suppositi.
748 2109 1000 2158 Suppositum
1020 2116 1150 2145 autem
1176 2107 1268 2144 illud
1296 2109 1491 2146 humanae

414 2169 588 2199 rnaturae
617 2162 664 2198 de
693 2174 772 2210 quo
791 2161 1009 2198 verificatur
1033 2173 1114 2198 esse
1142 2161 1283 2208 Deum,
1304 2169 1360 2197 est
1387 2161 1490 2198 idern

431 2215 538 2263 quod
557 2214 770 2264 hypostasis
790 2227 858 2251 seu
886 2227 1052 2264 persona
1070 2213 1153 2251 Filii
1173 2213 1256 2258 Dei,
1272 2226 1372 2263 quae
1392 2227 1491 2251 sem-

430 2279 499 2316 per
526 2267 592 2304 fuit
620 2268 736 2304 Deus.
777 2268 887 2305 Unde
916 2280 995 2304 non
1024 2275 1148 2316 potest
1185 2266 1259 2303 dici
1287 2267 1394 2316 quod
1423 2267 1491 2304 iste

430 2321 551 2357 homo
580 2322 735 2369 incoepit
754 2333 830 2357 esse
856 2322 969 2366 Deus,
989 2322 1050 2357 vel
1070 2320 1177 2369 quod
1193 2321 1269 2368 fiat
1293 2321 1405 2366 Deus,
1427 2328 1492 2357 aut

431 2373 537 2422 quod
554 2374 683 2421 factus
709 2374 752 2409 sit
779 2375 890 2410 Deus.

484 2425 523 2462 Si
551 2438 643 2462 vero
673 2433 769 2462 esset
797 2426 869 2463 alia
896 2437 1062 2475 persona
1090 2426 1152 2462 vel
1180 2424 1396 2475 hypostasis
1420 2425 1491 2462 Dei

430 2486 466 2514 et
493 2478 681 2526 hominis,
711 2478 761 2515 ita
788 2479 896 2528 quod
924 2491 1006 2515 esse
1043 2479 1173 2515 Deum
1210 2477 1493 2527 praedicaretur

430 2531 477 2567 de
506 2531 686 2579 homine,
716 2539 751 2568 et
779 2544 799 2568 e
828 2543 1035 2578 converso,
1064 2543 1134 2580 per
1165 2531 1362 2580 quandam
1401 2543 1491 2568 con-

428 2583 665 2621 iunctionem
703 2584 1013 2633 suppositorum,
1043 2585 1104 2620 vel
1137 2583 1324 2632 dignitatis
1354 2596 1491 2633 *perso-

1094 288 1357 336 QUAESTIO
1387 288 1491 333 XVI,
1528 287 1821 325 ARTICULUS
1858 288 1923 325 VII

1541 365 1695 403 storiani
1731 365 1924 404 dixerunt:
1962 374 2054 404 tunc
2080 365 2162 415 pari
2191 366 2335 404 ratione
2371 374 2500 416 posset
2527 366 2601 404 dici

1541 418 1648 467 quod
1675 420 1786 456 homo
1803 420 1932 468 sactus
1950 425 2000 456 est
2018 420 2131 465 Deus,
2151 419 2247 456 idest
2273 421 2488 457 coniunctus
2504 420 2600 466 Deo,

1541 470 1637 508 sicut
1664 479 1700 508 et
1728 472 1835 520 quod
1871 473 1972 509 Deus
1989 473 2118 521 factus
2145 478 2196 508 est
2222 473 2355 518 homo,
2384 471 2479 509 idest
2512 483 2600 509 con·

1541 525 1684 560 iunctus
1710 525 1862 561 homini.

1594 578 1652 613 An
1681 588 1815 614 patmum
1843 588 1940 614 ERGO
1968 589 2149 615 mcENDUM
2177 577 2284 626 quod
2312 576 2352 614 in
2377 576 2505 614 verbis
2531 575 2602 615 illis

1541 628 1716 678 Apostoli
1744 630 1820 666 hoc
1847 629 2048 667 relativum
2068 632 2141 680 qui,
2162 629 2270 679 quod
2298 630 2408 667 refert
2426 641 2497 679 p1=o
2515 641 2602 679 per-

1542 693 1637 719 sona
1656 679 1668 702 ⁰
1698 681 1792 730 Filii,
1818 694 1898 720 non
1925 682 2038 720 debet
2065 682 2218 731 intelligi
2246 695 2293 720 ex
2319 689 2426 732 parte
2453 681 2602 732 praedi-

1541 734 1625 781 cati,
1654 734 1764 783 quasi
1792 734 1928 784 aliquis
1954 735 2118 772 existens
2145 748 2191 773 ex
2219 734 2365 773 semine
2393 734 2520 772 David
2545 747 2602 772 se-

1541 787 1717 824 cundum
1754 799 1910 825 carnem
1947 787 1992 824 sit
2023 788 2142 825 factus
2179 788 2297 826 Filius
2333 787 2426 834 Dei,
2454 787 2494 825 in
2521 799 2602 837 quo

1542 852 1657 877 sensu
1686 839 1849 876 obiectio
1877 841 2126 890 procedebat:
2157 841 2224 877 sed
2249 841 2363 881 debet
2381 839 2535 889 intelligi
2555 852 2603 877 ex

1541 900 1647 942 parte
1675 892 1845 940 subiecti,
1865 900 1907 930 ut
1934 893 1980 930 sit
1998 905 2134 930 sensus
2161 893 2268 942 quod
2287 899 2295 914 ²
2322 894 2439 931 Filius
2456 894 2530 931 Dei
2535 893 2603 942 sa—

1541 951 1617 983 ctus
1636 951 1686 982 est
1710 947 1754 991 ei,
1775 946 1812 993 («
1829 946 1963 983 scilicet
1982 946 2032 983 ad
2048 947 2228 983 honorem
2242 947 2363 983 Patris
2380 961 2414 992 ι»,
2434 953 2477 983 ut
2496 945 2603 983 Glos-

1541 1010 1582 1035 sa
1600 998 1621 1020 *
1647 997 1816 1047 exponit)
1835 1000 1993 1036 existens
2020 1011 2070 1036 ex
2094 1000 2234 1035 semine
2254 999 2380 1036 David
2402 999 2603 1036 secundum

1541 1063 1716 1095 carnem;
1753 1063 1797 1088 ac
1825 1050 1855 1088 si
1884 1051 2043 1098 diceret:
2077 1052 2193 1088 Filius
2220 1052 2292 1088 Dei
2317 1052 2455 1088 habens
2477 1057 2494 1073 ²
2521 1062 2603 1089 car-

1542 1116 1626 1141 nem
1655 1116 1704 1141 ex
1729 1106 1869 1141 semine
1895 1104 2020 1142 David
2045 1104 2096 1142 ad
2121 1105 2301 1141 honorem
2328 1105 2410 1140 Dei.

1595 1158 1651 1194 An
1680 1169 1869 1194 SECUNDUM
1897 1169 2077 1195 mei-:unum
2106 1157 2213 1206 quod
2247 1156 2413 1193 verbum
2431 1155 2446 1178 λ
2473 1157 2604 1205 Augu-

1541 1209 1628 1247 stini
1656 1218 1711 1247 est
1738 1209 2025 1259 intelligendum
2058 1209 2098 1247 in
2125 1209 2189 1247 illo
2223 1221 2360 1256 sensu,
2389 1209 2606 1248 secundum

1541 1262 1649 1312 quod
1677 1275 1724 1300 ex
1742 1262 1805 1300 illa
1824 1262 2066 1312 susceptione
2085 1261 2355 1300 incarnationis
2381 1262 2525 1300 factum
2549 1269 2606 1300 est

1542 1323 1583 1352 ut
1602 1316 1724 1353 homo
1743 1323 1842 1352 esset
1869 1316 1975 1353 Deus
1994 1323 2031 1352 et
2049 1316 2157 1353 Deus
2183 1323 2282 1352 esset
2299 1315 2433 1352 homo.
2463 1315 2505 1352 In
2523 1325 2605 1364 quo

1542 1381 1658 1405 sensu
1694 1369 1832 1406 ambae
1869 1368 2080 1406 locutiones
2107 1375 2201 1406 ‘sunt
2226 1380 2360 1416 verae,
2389 1374 2432 1405 ut
2458 1367 2604 1405 dictum

1542 1429 1598 1458 est
1616 1421 1647 1458 ²¹⁶.

1595 1475 1643 1512 Et
1671 1473 1840 1511 similiter
1877 1473 2086 1512 dicendum
2123 1481 2179 1511 est
2215 1474 2263 1512 ad
2300 1473 2473 1511 tertium:
2512 1484 2605 1511 nam

1542 1527 1711 1576 deificari
1727 1533 1744 1555 μ
1772 1526 1877 1564 idem
1905 1535 1960 1564 est
1987 1527 2095 1576 quod
2111 1529 2207 1575 fieri
2233 1527 2365 1564 Deum.

1595 1581 1653 1617 An
1682 1591 1853 1622 QUARTUM
1880 1591 2062 1617 mensuum
2089 1579 2197 1629 quod
2228 1578 2415 1616 terminus
2449 1578 2489 1615 in
2516 1578 2606 1616 sub-

1543 1632 1641 1670 iecto
1668 1632 1816 1683 positus
1843 1640 1993 1669 tenetur
2020 1631 2273 1679 materialiter,
2293 1631 2389 1669 idest
2415 1642 2487 1680 pro
2516 1642 2609 1680 sup--

1542 1685 1686 1735 posito:
1715 1685 1863 1735 positus
1883 1697 1977 1722 vero
2006 1684 2045 1722 in
2063 1691 2077 1707 ⁹
2104 1683 2335 1735 praedicato,
2355 1691 2506 1721 tenetur
2531 1683 2606 1721 for-

1543 1738 1711 1784 maliter,
1739 1737 1835 1776 idest
1862 1750 1933 1788 pro
1965 1745 2102 1776 natura
2136 1737 2345 1787 significata
2369 1737 2400 1774 ⁸.
2441 1737 2491 1775 Et
2517 1734 2607 1784 ideo
2634 1741 2644 1752 ’

1543 1804 1635 1829 cum
1662 1790 1810 1838 dicitur,
1838 1793 1969 1829 Homo
1987 1793 2115 1840 factus
2143 1797 2193 1829 est
2218 1791 2332 1837 Deus,
2361 1789 2492 1840 ipsum
2521 1787 2607 1831 fieri

1543 1857 1623 1882 non
1651 1844 1866 1881 attribuitur
1893 1845 2088 1882 humanae
2115 1852 2286 1890 naturae,
2311 1843 2379 1880 sed
2406 1841 2606 1892 supposito

1544 1898 1739 1935 humanae
1763 1905 1938 1935 naturae:
1968 1898 2075 1947 quod
2103 1905 2159 1934 est
2181 1897 2230 1934 ab
2258 1903 2413 1934 aeterno
2432 1896 2551 1943 Deus,
2569 1903 2608 1933 et

1544 1950 1631 1987 ideo
1660 1963 1739 1988 non
1777 1950 1956 1988 convenit
1988 1950 2022 1987 ei
2050 1949 2133 1987 fieri
2160 1950 2301 1988 Deum.
2342 1949 2442 1986 Cum
2476 1955 2606 1987 autem

1545 2002 1682 2040 dicitur
1700 2002 1723 2050 Ε,
1752 2004 1853 2041 Deus
1870 2004 1999 2052 factus
2027 2009 2077 2041 est
2104 2005 2227 2051 homo,
2251 2001 2363 2040 factio
2391 2000 2608 2051 intelligitur

1544 2056 1738 2094 terminari
1767 2057 1815 2094 ad
1839 2056 1963 2106 ipsam
1982 2057 2197 2094 humanam
2218 2063 2406 2094 naturam.
2436 2055 2485 2093 Et
2504 2053 2606 2102 ideo,

1544 2109 1698 2158 proprie
1724 2109 1933 2159 loquendo,
1954 2110 2051 2147 haec
2079 2117 2134 2146 est
2160 2121 2264 2156 vera,
2282 2110 2384 2146 Deus
2401 2109 2532 2157 sactus
2557 2113 2608 2145 est

1545 2163 1678 2199 homo.-
1705 2163 1772 2199 sed
1800 2163 1896 2199 haec
1924 2169 1979 2199 est
2006 2163 2109 2209 falsa,
2137 2163 2269 2199 Homo
2277 2163 2406 2210 sactus
2425 2167 2476 2198 est
2492 2161 2605 2198 Deus.

1546 2214 1662 2261 Sicut,
1683 2215 1713 2252 si
1734 2216 1920 2262 Socrates,
1941 2227 2032 2252 cum
2059 2215 2166 2265 prius
2185 2214 2295 2252 fuerit
2321 2215 2454 2261 homo,
2474 2221 2608 2263 postea

1545 2268 1663 2304 factus
1701 2276 1755 2305 est
1783 2268 1912 2305 albus:
1942 2269 2203 2306 demonstrato
2233 2269 2400 2315 Socrate,
2420 2268 2517 2304 haec
2550 2273 2608 2303 est

1544 2333 1647 2368 vera,
1677 2322 1754 2358 Hic
1781 2322 1892 2358 homo
1920 2321 2028 2358 hodie
2044 2322 2173 2370 factus
2200 2326 2251 2358 est
2277 2321 2404 2363 alhus,·
2431 2320 2527 2357 haec
2553 2326 2607 2357 ta·

1545 2386 1636 2411 men
1665 2381 1720 2410 est
1746 2374 1849 2419 salsa,
1869 2375 1958 2411 Hoc
1977 2374 2102 2411 album
2121 2374 2230 2410 hodie
2245 2373 2395 2421 factum
2415 2378 2466 2409 est
2483 2373 2606 2409 homo.

1600 2426 1640 2463 Si
1667 2434 1798 2463 tamen
1826 2439 1872 2463 ex
1899 2434 2006 2475 parte
2033 2425 2192 2463 subiecti
2218 2432 2427 2475 poneretur
2449 2423 2607 2473 aliquod

1546 2491 1691 2515 nomen
1720 2478 1936 2527 significans
1964 2486 2141 2516 naturam
2169 2479 2384 2515 humanam
2408 2477 2447 2514 in
2466 2476 2608 2514 abstra-

1546 2539 1628 2576 cto,
1657 2539 1785 2580 posset
1812 2532 1889 2568 hoc
1924 2531 2045 2568 modo
2083 2530 2285 2579 significari
2322 2538 2364 2567 ut
2391 2529 2608 2567 subiectum

1546 2583 1737 2622 factionis:
1776 2592 1868 2633 puta
1897 2583 1927 2621 si
1955 2584 2101 2621 dicatur
2129 2584 2236 2633 quod
2274 2589 2408 2620 natura
2442 2584 2609 2621 humana

429 2636 543 2684 nalis,
573 2638 633 2674 vel
662 2636 892 2684 affectionis,
921 2638 982 2674 vel
1010 2636 1315 2683 inhabitationis,
1344 2644 1386 2673 ut
1414 2637 1491 2674 Ne-
1536 2637 1647 2685 facta
1675 2642 1725 2674 est
1752 2637 1840 2674 Filii
1864 2637 1946 2674 Dei.

481 2768 506 2800 ζ)
522 2769 707 2801 praedicatur.
724 2783 743 2787 -
756 2774 839 2801 pater
858 2768 1036 2801 praedicatur
1054 2768 1102 2802 pF.
1123 2769 1196 2794 Deus
1215 2769 1393 2801 praedicatur
1412 2769 1491 2794 PlsH.

482 2804 509 2837 η)
529 2805 624 2837 quod...
644 2804 749 2829 habeat.
767 2818 786 2822 -
803 2805 947 2831 secundum
966 2804 1064 2836 quod...
1083 2805 1160 2829 habet
1179 2804 1199 2829 F
1219 2810 1244 2829 et
1263 2805 1343 2830 tertia.

483 2837 507 2869 θ)
524 2847 575 2872 pro
590 2847 716 2871 persona.
733 2854 753 2858 —
768 2847 885 2871 persona
904 2839 951 2870 Gb,
968 2846 1112 2871 personam
1132 2845 1215 2864 cetera
1234 2841 1314 2865 tertia.

484 2875 503 2907 ι)
522 2876 600 2908 quod.
612 2890 631 2894 -
644 2877 684 2899 An
703 2876 750 2908 qui
769 2874 922 2906 legendum?
941 2889 959 2894 -
978 2878 1018 2900 est
1036 2875 1062 2900 ei
1079 2875 1178 2901 scilicet
1197 2875 1267 2900 HIsB
1287 2880 1312 2900 et
1331 2875 1376 2904 bc,·
1394 2875 1492 2900 scilicet

430 2911 470 2935 ed.
485 2918 510 2939 a,
524 2911 548 2935 ei
565 2911 663 2936 scilicet
681 2911 820 2943 ACDEpB,
840 2914 879 2936 est
897 2910 921 2935 ei
939 2910 1039 2936 scilicet
1057 2910 1134 2935 homo
1147 2911 1176 2942 F,
1190 2914 1229 2935 est
1247 2911 1348 2936 scilicet
1365 2910 1443 2935 homo
1457 2910 1490 2940 P;

430 2946 455 2970 ei
472 2945 596 2971 scilicet...
615 2946 712 2971 habens
730 2954 783 2971 om.
803 2946 834 2971 G.

1599 2767 1625 2802 κ)
1643 2769 1750 2793 habens.
1767 2781 1787 2787 -
1797 2769 1892 2802 sactus
1910 2772 1950 2793 est
1967 2768 2066 2794 habens
2084 2768 2104 2793 F
2124 2774 2149 2793 et
2167 2768 2240 2793 tertia
2259 2767 2320 2801 (pro
2338 2768 2362 2793 G
2381 2767 2412 2794 cf.
2432 2766 2462 2802 ι).

1597 2803 1626 2834 λ)
1646 2804 1762 2829 verbum.
1779 2818 1799 2822 -
1817 2804 1883 2828 illud
1906 2804 2011 2829 verbum
2032 2805 2055 2829 H
2075 2809 2100 2828 et
2119 2803 2255 2829 editiones.

1599 2838 1628 2874 μ)
1647 2839 1774 2872 deificari.
1792 2854 1811 2858 -
1830 2839 1930 2864 deitare'
1948 2839 2038 2871 Guhe,
2056 2839 2160 2864 d’it'ari
2177 2838 2332 2871 (deiterari)
2350 2839 2368 2865 1.

1598 2875 1622 2908 ν)
1643 2875 1678 2901 in.
1696 2889 1714 2894 -
1733 2875 1834 2905 Tertia;
1851 2882 1912 2907 pro.

1599 2909 1622 2945 ξ)
1642 2911 1750 2936 dicitur.
1764 2925 1783 2929 —
1796 2911 1816 2935 E
1832 2916 1857 2935 et
1871 2911 1942 2935 tertia
1956 2915 2059 2943 praeter
2073 2911 2096 2942 15
2115 2917 2168 2936 om.
2181 2924 2200 2928 -
2214 2909 2376 2944 intelligitur
2390 2908 2480 2941 tex-tin
2500 2906 2610 2935 dicitur.

1102 3035 1438 3068 Commentaria
1460 3033 1710 3067 Oardinalis
1732 3035 1935 3068 Caietani

434 3123 598 3185 Ttrurus
614 3114 715 3144 clarus
731 3120 786 3144 est.
803 3133 824 3136 -
841 3114 875 3144 In
892 3123 1027 3155 corpore
1044 3113 1109 3145 duo
1132 3114 1228 3145 fiunt:
1254 3115 1358 3155 primo
1369 3138 1376 3150 ,
1398 3114 1492 3155 poni-

492 3163 542 3187 tur
565 3157 681 3198 duplex
711 3158 939 3197 propositionis
970 3168 1079 3189 sensus
1109 3159 1320 3200 improprius,
1346 3165 1376 3189 et
1406 3159 1493 3189 iuxta

433 3206 605 3240 utrumque
638 3201 860 3240 respondeum
891 3202 1049 3238 secundo,
1074 3204 1205 3242 ponitur
1229 3203 1339 3233 tertius
1365 3212 1491 3239 sensus,

434 3245 488 3283 qui
513 3244 599 3274 solus
623 3250 668 3274 est
692 3245 847 3284 proprius,
873 3251 902 3275 et
925 3246 1133 3285 respondetur
1156 3247 1300 3287 quaesito
1317 3248 1343 3277 ’ἃ

490 3287 606 3326 Quoad
629 3288 786 3327 primum,
810 3288 898 3324 vide,
921 3289 1065 3326 Novide,
1095 3291 1183 3330 quod
1213 3292 1245 3322 in
1269 3292 1373 3331 primo
1397 3301 1492 3322 sensu

436 3332 551 3371 copula
574 3331 706 3362 verbalis
730 3337 776 3362 est
799 3331 829 3372 ly
854 3337 918 3362 est:
945 3338 975 3363 et
998 3333 1030 3373 ly
1043 3334 1159 3375 sactus
1182 3336 1312 3375 ponitur
1334 3336 1384 3366 vel
1407 3335 1492 3366 adie—

436 3375 555 3406 ctivum
571 3375 713 3410 subiecti,
734 3380 810 3415 puta
825 3375 919 3405 homo
927 3376 1052 3416 factus,
1076 3377 1156 3407 sicut
1173 3379 1197 3408 si
1214 3378 1379 3416 diceretur,
1396 3380 1491 3411 homo

436 3423 562 3448 creatus
570 3425 581 3454 ;
603 3418 652 3448 vel
677 3418 867 3448 adiectivum
891 3418 1070 3458 praedicati,
1095 3427 1171 3460 puta
1194 3422 1283 3453 Deus
1297 3419 1426 3464 factus:
1449 3424 1492 3454 Ita

438 3461 524 3499 quod
549 3471 657 3492 sensus
681 3468 779 3497 esset,
809 3462 857 3492 vel
881 3461 969 3501 quod
983 3463 1098 3503 sactus
1120 3464 1214 3495 homo
1239 3471 1285 3496 est
1307 3467 1412 3503 Deus-5
1442 3469 1491 3498 vel

438 3504 523 3543 quod
547 3505 640 3534 homo
665 3511 711 3535 est
732 3506 820 3535 Deus
834 3506 959 3547 sactus.
990 3506 1028 3535 Et
1053 3512 1189 3547 utroque
1213 3509 1312 3539 modo
1336 3511 1493 3542 iudicatur

438 3547 522 3577 falsa.
548 3548 587 3578 Et
610 3549 648 3579 de
672 3549 809 3579 secunda
834 3548 963 3589 quidem
988 3559 1052 3579 non
1077 3556 1122 3580 cst
1146 3550 1289 3582 dubium.
1314 3553 1418 3584 Prima
1436 3564 1492 3585 au—

438 3596 501 3621 tem
527 3590 599 3621 falsa
624 3592 788 3627 iudicatur,
813 3593 886 3632 quia
910 3592 940 3633 ly
960 3593 1054 3623 homo
1078 3594 1109 3623 in
1127 3594 1269 3625 subiecto
1287 3602 1344 3626 stat
1360 3606 1419 3636 pro
1434 3597 1492 3638 hy-

1547 3115 1679 3155 postasi;
1708 3125 1744 3146 ac
1768 3125 1825 3156 per
1847 3116 1921 3152 hoc,
1945 3114 2082 3147 dicendo
2104 3115 2200 3146 homo
2214 3115 2340 3157 sactus,
2365 3113 2546 3145 enuntiatur
2569 3112 2610 3144 de

1546 3168 1682 3199 persona
1705 3160 1844 3190 humana
1866 3158 1948 3190 facta
1972 3159 2060 3200 quod
2084 3165 2131 3190 est
2146 3159 2251 3196 Deus;
2275 3163 2400 3190 constat
2413 3162 2521 3188 autem
2535 3156 2609 3188 nul-

1547 3203 1610 3234 lam
1634 3213 1701 3234 esse
1724 3213 1905 3244 personam,
1929 3205 1994 3235 sive
2017 3205 2191 3235 humanam
2214 3203 2280 3234 sive
2302 3201 2452 3237 divinam,
2466 3201 2608 3243 factam,

1547 3256 1629 3288 quae
1652 3249 1692 3279 sit
1714 3248 1818 3284 Deus3
1842 3257 1918 3280 nam
1940 3258 2077 3289 persona
2100 3249 2241 3280 humana
2262 3255 2346 3288 quae
2368 3251 2416 3278 ett
2431 3245 2529 3282 Deus»
2549 3250 2610 3282 θΰῒ,

1546 3301 1612 3322 non
1636 3291 1727 3329 facta,
1751 3293 1806 3323 sed
1829 3293 1936 3333 genita
1959 3293 1997 3323 ab
2021 3298 2160 3328 aetem0‚
2184 3292 2273 3323 Deus
2295 3290 2334 3322 de
2355 3289 2437 3320 Deo.

1603 3336 1639 3367 11.
1663 3337 1699 3367 In
1717 3336 1860 3368 secundo
1877 3342 1995 3374 autem,
2019 3337 2164 3378 quamvis
2179 3333 2357 3377 improprio
2372 3343 2478 3370 sensu,
2494 3332 2609 3364 dicun-

1546 3386 1596 3411 tur
1621 3381 1775 3422 quinque.
1810 3381 1933 3417 Primo,
1957 3381 2090 3422 ponitur
2111 3379 2229 3411 modus
2252 3387 2318 3420 quo
2342 3378 2478 3410 sumitur
2500 3377 2532 3419 ly
2545 3377 2607 3420 fa-

1546 3429 1624 3455 ctus.
1655 3425 1696 3455 Et
1719 3425 1834 3456 dicitur
1856 3426 1939 3456 sumi
1962 3430 1998 3456 ut
2019 3423 2136 3456 modus
2164 3422 2376 3455 determinans
2397 3421 2607 3462 compositio-

1546 3478 1637 3499 nem:
1667 3469 1747 3500 sicut
1771 3470 1804 3500 in
1827 3469 2102 3510 propositionibus
2125 3468 2304 3499 modalibus
2327 3467 2359 3508 ly
2378 3466 2530 3507 possibile
2552 3471 2607 3496 aut

1547 3514 1760 3544 necessarium
1784 3513 1992 3544 determinare
2016 3512 2129 3544 dicitur
2152 3511 2432 3553 compositionem.
2457 3510 2501 3541 Ita
2517 3508 2606 3551 quod

1547 3557 1725 3595 propositio
1749 3558 1816 3593 ista,
1841 3557 1951 3588 Homo
1965 3558 2081 3599 sactus
2097 3562 2143 3588 est
2164 3556 2263 3593 Deus,
2287 3560 2379 3586 sonat
2402 3555 2510 3585 istam:
2534 3553 2608 3585 Ho-

1548 3599 1662 3630 minem
1686 3610 1753 3631 esse
1775 3601 1879 3632 Deum
1893 3602 2025 3643 factum
2048 3606 2103 3633 est.
