2872 3970
106 1960 114 1970 ⁸
124 1959 318 1984 Ps.xci‚vers.ii.

106 2014 115 2022 ⁴
122 2013 196 2034 Interl,
205 2016 226 2033 et
233 2011 316 2033 Lornb.

106 2119 115 2128 ⁸
124 2118 162 2138 Ps.
171 2123 202 2143 ei,
211 2123 272 2138 vers.
283 2124 316 2143 ¹4.

108 2277 118 2286 ¹·
135 2276 186 2296 Art.
203 2274 319 2302 praeccd.,

109 2302 137 2323 ad
152 2308 172 2330 3.

114 2588 123 2597 ⁵
141 2587 207 2608 Vers.
231 2593 267 2614 19;
289 2587 319 2608 cf.

109 2619 159 2641 cap.
175 2619 196 2639 ιι,
211 2619 269 2634 vers.
284 2620 305 2641 9.

115 3002 125 3011 ⁸
141 3001 205 3023 vers.
221 3009 240 3023 2.

349 265 398 290 20

400 331 436 360 11.
462 328 607 360 Secunda
632 334 693 359 est:
718 329 794 359 Non
809 329 883 370 suit
905 328 1096 359 conveniens
1111 327 1216 357 Deum
1240 326 1408 357 incarnari

342 375 450 404 statim
468 379 545 414 post
561 378 739 413 peccatum.
764 373 918 403 Probatur
942 372 1200 412 quadrupliciter.
1224 371 1345 406 Primo,
1369 379 1407 399 ex

346 417 531 448 conditione
547 417 678 457 peccati.
704 417 893 447 Humanum
909 422 1077 456 peccatum
1094 420 1282 455 provenerat
1303 423 1340 444 ex
1356 423 1408 444 su-

344 463 453 502 perbia
476 462 625 491 hominis.
651 461 735 501 Ergo
760 471 799 491 eo
822 466 886 491 erat
901 460 1001 490 modo
1025 458 1205 489 liberandus
1233 463 1277 494 ut,
1302 457 1408 487 humi-

343 507 446 542 liatus,
471 511 679 545 cognosceret
703 515 735 535 se
752 505 918 535 liberatore
942 503 1092 543 indigere.
1118 502 1180 533 Sed
1203 502 1266 532 hoc
1290 510 1408 531 conve-

344 551 469 582 nienter
492 549 527 579 fit
549 549 761 588 relinquendo
786 549 951 578 hominem
975 548 1079 587 primo
1103 547 1136 576 in
1160 551 1242 576 statu
1266 550 1406 580 naturae,

343 594 460 626 deinde
484 594 542 624 sub
566 594 642 633 iugo
668 593 771 633 Legis,
796 598 840 627 ut,
865 597 1012 631 expertus
1035 590 1214 621 secundum
1241 589 1407 628 utriusque

343 640 426 669 vires
450 637 610 668 defectum
634 647 746 673 suum,
771 637 918 666 clamaret
941 645 1000 675 pro
1023 635 1130 675 gratia.
1162 634 1258 673 Ergo.
1290 632 1408 663 Omnia

344 683 427 713 clara
451 688 524 712 sunt
546 682 579 711 in
603 681 714 711 littera.
731 699 753 702 —
777 681 817 710 Et
840 679 982 710 firmatur
1012 678 1112 718 magis
1136 688 1173 708 ex
1197 677 1407 717 responsione

344 727 384 757 ad
407 726 564 766 primum,
592 724 740 755 ducendo
764 723 803 754 ad
826 723 1074 757 inconveniens,
1099 722 1265 762 superbiae
1288 721 1408 751 scilicet

343 775 585 809 contemptum,
610 770 634 798 si
648 769 752 798 statim
781 767 956 797 incarnatio
985 773 1058 806 post
1088 771 1255 806 peccatum
1287 764 1406 794 fuisset.

400 814 557 848 Secundo,
575 823 612 843 ex
634 813 745 842 ordine
769 811 982 851 promotionis
1001 811 1034 840 in
1054 811 1187 840 bonum.
1212 809 1304 846 Quae
1328 809 1407 839 ratio

343 859 377 889 in
401 858 610 897 responsione
638 856 677 886 ad
700 856 828 886 tertium
851 855 951 894 magis
975 854 1157 894 explicatur.
1190 853 1234 883 Ita
1251 852 1340 892 quod
1363 853 1408 882 sic

345 908 391 932 est
415 900 590 931 formanda.
614 900 798 930 Humanam
814 905 959 929 naturam
983 898 1103 937 lapsam
1121 897 1272 927 convenit
1295 906 1408 937 proce-

345 945 418 975 dere
443 945 481 975 de
505 943 692 985 imperfecto
717 943 756 973 ad
780 942 967 983 perfectum.
992 942 1078 981 Ergo
1095 946 1318 971 consummata
1341 941 1409 971 eius

343 989 498 1029 perfectio
522 989 554 1018 in
580 988 708 1018 unione'
726 986 764 1016 ad
788 987 895 1016 Deum
918 996 985 1016 non
1010 986 1114 1015 statim
1138 984 1283 1015 habenda
1301 990 1408 1015 erat.—

343 1032 546 1063 Antecedens
563 1032 716 1071 probatur
731 1031 881 1070 Apostoli
901 1030 1087 1060 auctoritate
1104 1029 1137 1059 in
1154 1029 1264 1059 littera.
1281 1046 1302 1052 -—
1319 1029 1408 1059 Con-

343 1077 509 1117 sequentia
525 1082 632 1106 autem
649 1081 684 1105 ut
707 1074 873 1105 manifesta
895 1074 1095 1114 relinquitur.
1121 1073 1161 1103 Et
1176 1073 1308 1104 merito:
1334 1074 1409 1113 quia

342 1131 410 1151 non
435 1120 621 1160 procederet
645 1119 683 1149 de
700 1118 888 1159 imperfecto
913 1117 952 1148 ad
975 1117 1154 1158 perfectum
1171 1118 1261 1158 quasi
1279 1127 1409 1158 progre-

343 1164 462 1195 diendo
479 1174 535 1204 per
551 1163 655 1194 media
672 1169 702 1194 et
718 1162 1009 1203 appropinquando
1026 1162 1065 1192 ad
1082 1161 1223 1192 divinam
1242 1162 1409 1197 unionem,

343 1210 369 1239 si
392 1209 496 1239 statim
520 1207 694 1238 incarnatio
711 1207 830 1237 fuisset.
855 1206 939 1237 Nam
962 1205 1114 1237 defuisset
1134 1207 1213 1236 unio
1230 1205 1410 1236 secundum

342 1253 542 1283 intellectum
566 1252 664 1291 magis
688 1261 725 1281 ac
745 1252 845 1291 magis
868 1250 1058 1281 illustratum
1083 1249 1262 1280 secundum
1284 1259 1410 1280 succes-

344 1298 469 1327 sionem
493 1302 693 1336 temporum;
719 1301 750 1325 et
773 1294 917 1325 similiter
940 1294 1045 1325 media
1068 1295 1147 1325 unio
1171 1303 1228 1334 per
1249 1294 1410 1324 caritatem

344 1342 594 1371 Patriarcharum
625 1349 661 1370 ac
692 1339 942 1379 Prophetarum;
976 1344 1006 1368 et
1030 1339 1174 1369 similiter
1195 1338 1301 1368 media
1330 1339 1409 1368 unio

343 1395 400 1425 per
416 1385 602 1415 diuturnum
626 1383 816 1414 famulatum
839 1383 935 1414 unius
951 1383 1066 1423 populi
1092 1383 1269 1413 exhibitum
1285 1383 1356 1413 Deo
1377 1383 1410 1413 in

1077 249 1340 296 QUAESTIO
1370 249 1400 295 Ι,
1430 248 1724 286 ARTICULUS
1751 249 1801 285 VI

1465 326 1627 356 sacrificiis
1651 327 1768 366 quibus
1798 327 1979 357 initiabatur
2002 327 2180 358 humanum
2195 336 2297 367 genus
2321 326 2360 357 ad
2383 326 2528 358 futurum

1464 370 1544 400 illud
1573 370 1644 400 Iesu
1669 370 1787 401 Christi
1810 371 1843 400 in
1867 380 1919 400 ara
1942 371 2044 401 crucis
2068 370 2268 401 sacrificium.

1524 414 1642 450 Tertio,
1667 423 1705 444 ex
1728 414 1879 454 dignitate
1903 415 2000 445 Verbi
2023 415 2186 446 incarnati.
2212 415 2253 446 Et
2276 420 2371 455 patet.

1519 457 1560 488 Et
1583 457 1735 494 similiter,
1752 463 1884 499 quarto,
1909 468 1947 489 ex
1970 458 2101 489 vitando
2125 464 2236 500 tepore
2260 458 2345 489 fidei.

1518 501 1559 531 Et
1586 507 1621 532 tu
1652 501 1732 532 adde
1755 502 1915 543 quintam,
1941 512 1978 533 ex
2008 503 2167 534 soliditate
2200 502 2284 533 fidei.
2320 502 2403 533 Nam
2426 502 2451 533 si
2467 507 2528 533 sta-

1462 545 1520 575 tim
1544 545 1654 576 fuisset
1677 546 1867 582 incarnatus,
1884 546 1972 577 fictio
1996 553 2160 587 putaretur
2183 547 2401 587 antiquorum.
2432 546 2528 577 Nunc

1462 594 1580 625 autem,
1603 599 1641 620 ex
1657 599 1725 629 quo
1750 590 1867 621 Christi
1889 591 2141 622 incarnationem
2163 596 2221 627 tot,
2246 600 2314 621 non
2337 590 2443 621 solum
2458 599 2528 621 ver-

1463 633 1519 669 ba,
1544 633 1600 663 sed
1623 634 1797 674 scripturae
1819 634 2053 675 Prophetarum
2076 640 2332 676 praecesserunt,
2356 640 2443 665 tanta
2476 644 2528 665 ex-

1463 678 1602 717 pectatio
1633 683 1682 708 tot
1704 678 1907 709 saeculorum
1938 678 1998 710 fuit
2021 679 2059 710 de
2084 679 2216 715 Messia,
2239 689 2331 710 mens
2360 684 2468 709 nostra
2495 679 2528 709 in

1463 720 1525 751 fide
1550 721 1712 752 solidatur.
1748 722 1856 760 Quam
1879 722 1954 753 fidei
1984 724 2185 754 securitatem
2215 723 2318 763 tetigit
2339 722 2527 763 Apostolus,

1463 765 1475 795 1
1499 765 1542 795 ad
1560 765 1636 796 Cor.
1662 776 1701 796 xv
1717 767 1744 802 *,
1769 766 1816 796 bis
1839 766 1879 797 de
1903 766 2030 798 Christo
2054 767 2220 808 replicans,
2243 766 2418 798 secundum
2441 766 2528 798 Scri-

1456 813 1585 849 pturas.
1610 810 1651 840 Et
1666 815 1836 850 propterea
1852 811 1995 842 Ecclesia
2010 811 2044 842 in
2060 811 2217 852 Symbolo
2229 812 2256 847 ⁹,
2269 817 2343 851 post
2358 811 2528 842 articulum

1462 854 1700 884 resurrectionis
1725 853 1861 890 Christi,
1885 855 2035 895 apposuit
2065 855 2097 896 ly
2127 855 2302 886 secundum
2323 855 2530 896 Scripturas:

1463 897 1553 938 quod
1576 897 1710 928 refertur
1732 897 1772 928 ad
1795 908 1908 929 omnes
1931 899 2158 939 praecedentes
2181 899 2220 930 de
2242 899 2461 930 incarnatione
2482 909 2529 929 ar-

1462 941 1589 978 ticulos,
1606 942 1649 972 ita
1666 942 1755 982 quod
1779 952 1891 973 sensus
1915 948 1977 973 est:
2010 943 2076 980 Qui
2092 948 2229 984 propter
2245 953 2304 974 nos
2321 943 2475 979 homines,
2500 948 2531 974 et

1456 991 1595 1026 propter
1618 991 1762 1016 nostram
1780 987 1927 1023 salutem,
1944 986 2106 1018 descendit
2128 987 2167 1018 de
2189 987 2303 1023 caelis,
2328 987 2528 1023 incarnatus,

1462 1030 1558 1060 homo
1572 1030 1698 1071 sactus,
1723 1031 1909 1072 crucifixus,
1928 1040 2056 1071 passuS,
2080 1032 2232 1072 sepultus,
2257 1036 2288 1061 et
2311 1030 2492 1062 resurrexit
2509 1049 2529 1054 —

1461 1074 1637 1104 secundum
1653 1074 1860 1115 Scripturas:
1882 1084 1923 1105 ne
1939 1074 2106 1106 videantur
2125 1075 2351 1106 incarnationis
2370 1074 2529 1115 mysteria,

1463 1127 1596 1148 omnem
1612 1119 1787 1157 humanam
1804 1119 2012 1159 capacitatem
2030 1119 2224 1155 excedentia,
2241 1119 2367 1149 noviter
2381 1117 2530 1149 conficta.

1520 1162 1571 1192 111.
1597 1162 1632 1192 ln
1655 1163 1867 1203 responsione
1897 1162 1937 1193 ad
1967 1162 2163 1200 secundum,
2195 1163 2342 1204 perspice
2365 1161 2456 1203 quod
2482 1172 2531 1194 re—

1463 1207 1596 1247 sponsio
1621 1207 1765 1237 consistit
1788 1207 1820 1238 in
1844 1207 1907 1237 hoc
1924 1206 2015 1248 quod
2036 1208 2117 1238 ratio
2141 1217 2179 1238 ex
2202 1207 2381 1247 pluralitate
2408 1206 2531 1238 salvan-

1463 1250 1581 1281 dorum
1603 1260 1670 1281 non
1695 1257 1742 1281 est
1766 1250 1885 1282 efficax.
1921 1251 2006 1289 Quia
2033 1251 2174 1282 salvandi
2198 1261 2236 1281 ex
2266 1250 2373 1281 divina
2399 1249 2531 1292 praede-

1463 1295 1634 1325 stinatione
1658 1301 1732 1325 sunt
1761 1295 2006 1326 misericorditer
2028 1295 2184 1331 salvandi,
2207 1300 2305 1336 prout
2335 1295 2403 1335 ipse
2431 1295 2531 1335 magis

1464 1339 1524 1369 hos
1548 1348 1645 1379 quam
1669 1339 1741 1370 illos
1765 1339 1875 1379 elegit:
1910 1340 2001 1370 cuius
2025 1339 2113 1370 nulla
2141 1345 2187 1370 est
2218 1339 2298 1370 ratio
2331 1339 2392 1369 nisi
2424 1337 2531 1369 divina

1466 1382 1624 1413 voluntas.

1158 1527 1476 1571 ARTICULUS
1507 1527 1716 1569 SEXTUS

598 1631 754 1662 UTRUM
780 1630 1120 1662 [NCARNATIONIS
1145 1629 1254 1660 opus
1278 1629 1476 1660 DIFFERRI
1501 1630 1720 1661 DEBUERIT
1744 1630 1889 1668 USQUE
1913 1630 1956 1661 lN
1979 1630 2114 1661 FINEM
2139 1631 2282 1662 MUNDI

1207 1708 1238 1732 111
1258 1708 1342 1737 Sent„
1362 1708 1420 1733 dist.

373 1802 441 1857 ‘tit-,3
462 1806 535 1870 lif<
556 1804 579 1828 D
608 1803 749 1828 srzxrum
778 1802 830 1827 stc
860 1801 1094 1827 PROCEDITUR.
1116 1788 1276 1825 Videtur
1304 1787 1410 1836 quod

485 1840 530 1889 <a

382 1835 634 1946 ,Α”Ῠῇςυε
664 1896 702 1933 in
730 1895 850 1932 finem
879 1894 1028 1932 mundi.
1066 1893 1213 1931 Dicitur
1240 1893 1344 1930 enim
1374 1892 1411 1929 in

404 1922 503 1980 »ἔῃ-δῖ)
518 1938 713 1986 &Psalmo
732 1948 770 1985 *z
801 1950 972 1985 Senectus
991 1959 1075 1984 mea
1095 1948 1132 1983 in
1158 1946 1412 1983 misericordia

345 2005 461 2049 uberi,
491 2002 597 2049 idest⁷
627 2004 664 2039 in
695 2003 903 2047 novissimo,
933 2008 975 2037 ut
1003 2000 1139 2037 Glossa
1158 1999 1177 2020 ’¹‘
1205 1999 1304 2035 dicit.
1336 1998 1412 2036 Sed

344 2065 500 2104 tempus
529 2054 798 2092 incarnationis
827 2062 882 2090 est
917 2053 1084 2090 maxime
1113 2060 1266 2101 tempus
1300 2051 1413 2088 mise—

346 2108 543 2155 ricordiae⁷
565 2108 781 2145 secundum
801 2106 892 2143 illud
914 2105 1054 2142 Psalmi
1073 2105 1112 2141 *z
1149 2106 1336 2147 Quoniam
1355 2116 1412 2141 ve-

346 2164 397 2199 nit
416 2168 557 2211 tempus
576 2161 775 2198 miserendi
798 2161 884 2196 eius.
915 2160 1017 2207 Ergo
1044 2157 1253 2195 incarnatio
1282 2156 1414 2193 debuit
1440 2179 1441 2182 =

346 2214 490 2252 differri
519 2226 643 2263 usque
672 2213 711 2250 in
740 2212 861 2249 finem
889 2211 1038 2248 mundi.

401 2279 435 2304 2.
466 2268 698 2313 PRAETEREA,
719 2265 815 2302 sicut
838 2265 985 2301 dictum
1004 2272 1059 2301 est
1077 2263 1108 2310 ³⁸,
1129 2263 1353 2312 perfectum,
1373 2262 1413 2299 in

346 2321 506 2365 eodem,
535 2328 709 2368 tempore
739 2326 792 2355 est
820 2317 1009 2367 posterius
1045 2316 1279 2365 imperfecto.
1310 2316 1412 2363 Ergo

346 2373 383 2410 id
413 2373 520 2422 quod
549 2380 603 2409 est
631 2371 799 2408 maxime
827 2371 1050 2420 perfectum,
1077 2369 1191 2406 debet
1219 2380 1301 2405 esse
1329 2367 1413 2405 ulti-

346 2438 412 2463 mo
434 2431 451 2447 ‘²
479 2425 517 2462 in
545 2433 730 2474 tempore.
763 2425 838 2462 Sed
875 2435 1030 2460 summa
1057 2421 1237 2472 perfectio
1274 2423 1412 2458 huma-

346 2491 418 2516 nae
446 2487 602 2515 naturae
632 2486 686 2514 est
714 2477 752 2514 in
781 2477 925 2514 unione
954 2476 1002 2513 ad
1030 2475 1224 2512 Verbum:
1255 2473 1346 2523 quia
1374 2476 1411 2510 in

350 2533 493 2568 Christo
513 2531 734 2580 complacuit
762 2542 910 2566 omnem
925 2529 1192 2578 plenitudinem
1217 2528 1414 2567 divinitatis

347 2586 565 2630 inhabitare,
586 2592 628 2620 ut
646 2585 854 2632 Apostolus
874 2582 974 2627 dicit,
999 2582 1137 2619 Coloss.
1158 2580 1212 2617 1²¹⁶.
1234 2581 1336 2629 Ergo
1357 2579 1412 2616 in-

347 2637 515 2674 carnatio
544 2636 676 2673 debuit
704 2635 847 2673 differri
880 2647 1003 2684 usque
1032 2634 1071 2671 in
1105 2634 1225 2670 finem
1261 2632 1411 2670 mundi.

403 2690 436 2726 3.
467 2691 698 2735 PRAETEREA,
715 2701 795 2726 non
815 2696 869 2725 est
888 2687 1124 2725 conveniens
1142 2686 1225 2723 fieri
1244 2698 1313 2736 per
1332 2686 1411 2722 duo

349 2743 454 2791 quod
483 2755 552 2791 per
579 2755 704 2779 unum
737 2741 820 2778 fieri
848 2749 982 2790 potest.
1023 2741 1100 2778 Sed
1135 2752 1237 2776 unus
1273 2738 1413 2776 Christi
1439 2752 1441 2773 ῑ

350 2796 536 2832 adventus
565 2795 739 2832 sufficere
767 2802 915 2844 poterat
943 2794 991 2831 acl
1020 2795 1182 2830 salutem
1217 2793 1412 2829 humanae

351 2856 525 2884 naturae:
556 2848 622 2897 qui
643 2847 710 2884 erit
733 2847 772 2884 in
791 2847 869 2884 fine
898 2846 1045 2884 mundi.
1076 2847 1178 2894 Ergo
1198 2858 1278 2882 non
1298 2857 1412 2894 opor·
1438 2846 1441 2891 ξ

350 2901 420 2937 tuit
446 2901 551 2949 quod
571 2908 681 2937 antea
700 2900 845 2937 veniret
864 2912 933 2949 per
951 2899 1265 2945 incarnationem.
1296 2899 1344 2935 Et
1362 2897 1412 2935 ita

350 2953 558 2990 incarnatio
585 2953 727 2990 differri
753 2953 885 2990 debuit
904 2965 1028 3002 usque
1057 2952 1096 2989 in
1115 2952 1235 2988 finem
1262 2950 1410 2988 mundi.

406 3006 478 3043 SED
499 3018 642 3043 CONTRA
662 3018 726 3042 EST
755 3007 861 3054 quod
881 3005 1018 3042 dicitur
1041 3005 1225 3042 Habacuc
1244 3017 1276 3041 111
1294 3003 1334 3040 *ε
1365 3006 1410 3041 In

352 3059 472 3095 medio
500 3071 686 3095 annorum
715 3065 840 3095 notum
868 3060 992 3102 facies.
1031 3059 1124 3095 Non
1153 3070 1242 3106 ergo
1280 3057 1412 3094 debuit

353 3111 620 3148 incarnationis
647 3111 881 3159 mysterium,
902 3124 971 3160 per
998 3111 1105 3160 quod
1125 3110 1274 3148 mundo
1302 3110 1411 3147 inno-

353 3164 432 3209 tuit,
453 3175 576 3212 usque
605 3163 643 3199 in
671 3163 790 3199 finem
819 3164 955 3200 mundi
983 3164 1125 3200 differri
1146 3163 1171 3200 β.

407 3217 629 3252 RESPONDEO
656 3228 835 3252 DlCENDUM
865 3217 981 3264 quod,
1003 3216 1098 3253 sicut
1126 3229 1205 3253 non
1225 3216 1294 3253 fuit
1321 3229 1412 3253 con-

355 3268 511 3306 veniens
540 3269 667 3305 Deum
697 3267 880 3304 incarnari
910 3281 931 3305 a
959 3269 1144 3318 principio
1179 3269 1333 3317 mundi,
1363 3269 1413 3306 ita

558 1843 828 1881 incarnationis
857 1855 956 1891 opus
985 1841 1128 1878 differri
1148 1839 1322 1878 debuerit
1349 1853 1412 1877 us·

1440 1715 1458 1739 ι,
1477 1715 1522 1740 qu.
1541 1715 1558 1738 ι,
1578 1713 1625 1734 art.
1644 1716 1670 1740 4.

1438 1800 1440 1841 ᾗ
1467 1800 1547 1825 non
1573 1788 1643 1825 fuit
1671 1788 1906 1826 conveniens
1939 1789 2047 1837 quod
2075 1788 2284 1826 incarnatio
2316 1789 2534 1827 differretur

1467 1853 1591 1890 usque
1620 1841 1659 1878 in
1687 1841 1808 1878 finem
1835 1841 1985 1878 mundi.
2023 1842 2143 1888 Quod
2176 1841 2335 1890 quidem
2362 1849 2531 1891 apparet,

1438 1893 1440 1936 ἶ
1466 1893 1606 1942 primo,
1636 1906 1682 1930 ex
1710 1893 1856 1931 unione
1884 1894 2038 1931 divinae
2067 1902 2103 1930 et
2130 1895 2326 1931 humanae
2359 1902 2530 1932 naturae.

1439 1937 1440 1977 i
1469 1946 1574 1983 Sicut
1603 1946 1706 1983 enim
1741 1946 1885 1984 dictum
1916 1954 1971 1983 est
1989 1946 2026 1994 ²⁸,
2053 1947 2264 1996 perfectum
2293 1959 2373 1984 uno
2409 1947 2531 1986 modo

1439 1988 1642 2048 {tempore
1679 1999 1872 2048 praecedit
1907 1999 2174 2049 imperfectum
2193 2005 2228 2036 Y:
2268 1999 2307 2036 in
2343 2011 2390 2037 eo
2427 2000 2531 2038 enim

1439 2051 1441 2070 ³
1467 2052 1574 2100 quod
1607 2052 1655 2088 de
1687 2052 1911 2101 imperfecto
1943 2052 1986 2089 fit
2013 2052 2235 2101 perfectum,
2264 2052 2531 2101 imperfectum

1439 2117 1441 2145 5
1466 2112 1642 2154 tempore
1669 2105 1862 2153 praecedit
1889 2106 2122 2154 perfectum;
2158 2105 2197 2142 in
2225 2117 2273 2142 eo
2301 2117 2395 2142 vero
2424 2106 2531 2155 quod

1467 2165 1522 2194 est
1540 2157 1781 2206 perfectionis
1796 2169 1913 2195 causa
1931 2157 2110 2204 efficiens,
2126 2158 2338 2207 perfectum
2357 2166 2532 2208 tempore

1439 2218 1441 2267 j
1466 2210 1659 2259 praecedit
1686 2210 1953 2259 imperfectum
1971 2211 2002 2248 ²¹².
2032 2212 2074 2248 In
2112 2223 2228 2260 opere
2256 2218 2388 2248 autem
2414 2211 2532 2249 incar-

1439 2276 1441 2318 3
1466 2262 1630 2300 nationis
1667 2271 1877 2312 utrumque
1914 2263 2119 2300 concurrit.
2159 2263 2262 2311 Quia
2289 2271 2426 2301 natura
2459 2265 2532 2302 hu-

1439 2326 1441 2364 }
1466 2328 1582 2352 mana
1610 2315 1649 2352 in
1676 2316 1759 2365 ipsa
1785 2316 2045 2354 incarnatione
2073 2324 2129 2353 est
2147 2317 2332 2366 perducta
2359 2317 2407 2354 ad
2427 2329 2532 2355 sum-

1439 2366 1441 2413 }
1466 2381 1573 2406 mam
1601 2369 1895 2418 perfectionem:
1925 2377 1962 2406 et
1988 2369 2078 2406 ideo
2106 2381 2187 2407 non
2215 2369 2343 2406 decuit
2373 2370 2482 2419 quod
2509 2382 2533 2408 a

1465 2421 1655 2471 principio
1675 2422 1837 2460 humani
1864 2422 2013 2471 generis
2031 2421 2240 2460 incarnatio
2267 2422 2364 2459 facta
2388 2422 2530 2461 suisset.

1467 2475 1544 2512 Sed
1572 2474 1702 2524 ipsum
1730 2475 1902 2512 Verbum
1931 2475 2172 2512 incarnatum
2200 2482 2255 2512 est
2290 2475 2532 2524 perfectionis

1439 2556 1441 2560 .
1466 2526 1686 2564 humanae⁶
1705 2540 1820 2564 causa
1836 2527 2015 2575 efficiens,
2027 2529 2241 2565 secundum
2258 2527 2352 2565 illud
2365 2529 2469 2565 Ioan.
2482 2528 2530 2576 1²⁸,

1439 2580 1441 2626 ἓ
1466 2582 1524 2617 De
1536 2581 1766 2629 plenitudine
1783 2582 1860 2617 eius
1888 2593 2015 2617 omnes
2034 2583 2262 2631 accepimus:
2289 2588 2325 2617 et
2343 2580 2432 2618 ideo
2451 2593 2531 2619 non

1439 2633 1441 2636 ’
1466 2633 1598 2670 debuit
1614 2633 1896 2670 ¹incarnationis
1915 2645 2015 2682 opus
2034 2646 2159 2682 usque
2187 2633 2226 2670 in
2245 2633 2367 2670 finem
2394 2633 2533 2671 mundi

1439 2679 1441 2716 ἶ
1466 2686 1621 2723 differri.
1653 2687 1728 2724 Sed
1757 2686 1938 2735 perfectio
1965 2686 2124 2735 gloriae,
2154 2687 2203 2723 ad
2237 2698 2357 2735 quam
2391 2687 2531 2736 perdu-

1466 2739 1589 2775 cenda
1623 2747 1678 2776 est
1712 2739 1848 2776 ultimo
1886 2746 2023 2776 natura
2051 2740 2223 2776 humana
2259 2751 2330 2788 per
2355 2739 2531 2779 Verbum

1439 2779 1441 2842 Ξ
1466 2792 1720 2839 incarnatum,
1742 2791 1811 2828 erit
1839 2792 1878 2828 in
1904 2791 1983 2828 fine
2011 2792 2160 2829 mundi.

1520 2845 1713 2890 Secundo,
1734 2856 1780 2881 ex
1800 2845 1938 2882 effectu
1957 2846 2153 2882 humanae
2181 2844 2322 2882 salutis.
2351 2845 2401 2882 Ut
2426 2844 2531 2883 enim

1438 2928 1440 2951 1
1466 2897 1604 2934 dicitur
1631 2897 1670 2934 in
1699 2897 1795 2934 libro
1824 2898 1870 2934 de
1903 2899 2049 2940 Quaest.
2079 2899 2179 2936 Nov.
2200 2903 2234 2935 et
2260 2899 2333 2936 Vet.
2358 2899 2394 2935 T
2390 2903 2452 2935 est.
2468 2903 2480 2920 ²
2498 2897 2530 2944 ²⁸,

1438 2953 1440 2989 ἕ
1466 2952 1503 2987 in
1526 2956 1704 3000 potestate
1738 2950 1857 2988 dantis
1884 2956 1934 2987 est
1969 2951 2117 3000 quando
2149 2951 2209 2988 vel
2235 2955 2412 3000 quantum
2446 2950 2531 2989 velit

1438 2992 1440 3034 Ι
1465 3005 1643 3040 misereri.
1680 3005 1784 3041 Venit
1807 3015 1900 3053 ergo
1929 3004 2077 3053 quando
2096 3010 2130 3040 et
2155 3004 2344 3042 subveniri
2367 3002 2530 3040 debere<

1438 3040 1440 3090 Ε
1463 3058 1578 3102 scivit,
1598 3062 1631 3093 et
1657 3062 1808 3106 gratum
1826 3057 2004 3104 futurum
2032 3058 2262 3106 beneficium.
2307 3058 2402 3094 Cum
2430 3057 2528 3092 enim

1438 3095 1440 3183 ἶ
1465 3110 1652 3159 languore
1686 3110 1847 3158 quodam
1883 3110 2041 3147 humani
2071 3110 2221 3160 generis
2257 3109 2483 3147 obsolescere
2510 3114 2528 3136 Ἰ

1438 3187 1439 3191 =
1464 3163 1638 3212 coepisset
1665 3164 1828 3212 cognitio
1847 3163 1922 3199 Dei
1946 3164 2041 3199 inter
2060 3163 2226 3199 homines
2253 3167 2287 3199 et
2312 3159 2436 3199 mores
2463 3162 2528 3198 im-

1438 3210 1440 3250 Ξ
1465 3221 1708 3261 mutarentur,
1728 3215 1867 3265 eligere
1894 3215 2067 3265 dignatus
2087 3220 2138 3251 est
2163 3214 2369 3260 Abraham,
2390 3215 2426 3250 in
2456 3226 2528 3263 quo

1438 3279 1441 3315 ᾗ
1454 3270 1590 3317 forma
1618 3274 1707 3305 esset
1735 3273 1934 3305 renovatae
1961 3268 2109 3304 notitiae
2134 3267 2208 3303 Dei
2233 3271 2266 3302 et
2292 3278 2452 3304 morum.
2482 3268 2529 3303 Et

410 3390 437 3424 α)
457 3391 557 3415 ultimo.
570 3404 588 3408 -
607 3390 713 3414 omnino
733 3390 853 3415 ultimum
873 3390 955 3416 tertia.

410 3425 435 3458 β)
455 3426 597 3459 differri.—
616 3425 699 3455 PlsG;
720 3425 748 3449 di
768 3432 835 3450 erre.

408 3465 435 3493 γ)
455 3462 644 3494 imperfectum.
654 3474 672 3479 -
682 3461 741 3484 Alio
754 3461 832 3485 modo
845 3468 859 3485 e
871 3468 997 3486 converso
1013 3462 1193 3495 imperfectum
1208 3465 1326 3495 tempore
1334 3469 1415 3495 prae-

357 3496 426 3521 cedit
444 3498 591 3529 perfectum
612 3495 681 3520 addit
699 3495 779 3520 tertia.

410 3531 435 3564 ὃ)
454 3532 592 3556 humanae.
606 3545 623 3549 -
642 3534 755 3555 naturae
774 3531 869 3555 addunt
889 3531 1023 3557 editiones.

412 3570 434 3602 ε)
454 3567 519 3591 Νον.
533 3570 558 3590 ct
578 3566 629 3591 Vct.
648 3566 743 3590 Test.—
761 3566 844 3590 Prima
859 3572 883 3590 et
904 3567 922 3590 Ε
939 3567 974 3591 sic
989 3567 1040 3591 sere
1054 3575 1100 3599 per
1114 3573 1195 3592 totum
1215 3568 1323 3598 librum3
1343 3567 1415 3593 tertia

1469 3393 1548 3417 modo
1567 3392 1612 3421 sic,
1626 3391 1706 3416 modo
1719 3391 1774 3416 Vct.
1787 3394 1813 3416 et
1831 3390 1900 3415 Νον.
1914 3388 1991 3418 Test„
2008 3388 2088 3413 modo
2107 3388 2172 3413 inter
2190 3395 2219 3414 se
2238 3387 2334 3419 divisim
2347 3388 2368 3413 F
2387 3388 2462 3413 etiam
2482 3388 2528 3413 flu-

1469 3433 1551 3455 ctuat}
1570 3428 1682 3460 primam
1700 3426 1797 3459 ubique
1815 3425 1957 3458 sequimur.

1521 3461 1546 3495 ζ)
1560 3465 1587 3486 et
1595 3461 1729 3487 subveniri
1742 3459 1911 3490 debere.-P;
1926 3458 2019 3492 quaeri
2028 3462 2054 3483 et
2063 3458 2197 3483 subveniri
2208 3458 2291 3492 prima
2301 3462 2326 3483 et
2335 3458 2383 3489 εΗ,
2393 3458 2529 3484 subveniri

1469 3497 1533 3526 FGI,
1553 3500 1577 3522 et
1596 3497 1731 3522 subveniri
1749 3495 1828 3529 pHsE
1847 3500 1872 3520 et
1891 3494 1928 3520 be.

1522 3531 1549 3565 η)
1568 3532 1735 3558 obsolescere.
1747 3545 1767 3550 -
1784 3530 1833 3561 G1;
1852 3529 2013 3555 absotescere
2025 3528 2099 3559 Aue,
2118 3529 2266 3554 abolescere
2284 3529 2412 3558 PDEFac,
2431 3529 2528 3554 obseIe-

1441 3592 1444 3599 ‚
1469 3574 1541 3592 scere
1560 3567 1577 3597 1,
1597 3567 1753 3592 assolescere
1773 3567 1796 3592 b.

2555 770 2566 780 ⁸
2580 768 2647 791 Vers.
2661 775 2683 798 3,
2697 776 2720 797 4.

2557 819 2566 830 ⁸
2578 817 2682 840 Nicaeno
2689 829 2699 834 -
2706 818 2769 840 Con-

2555 844 2682 872 oruntinop.

2559 1985 2614 2014 nd3

2559 2223 2603 2246 ’D

2630 1975 2637 1982 .
2653 1958 2770 1988 praeced..

2606 2240 2611 2246 .
2628 2229 2691 2247 ¹02¹.

2557 2561 2569 2572 ·
2583 2560 2650 2584 ven.
2666 2561 2701 2584 «6.

2556 2924 2606 2972 inte

2582 2923 2631 2951 Qu.
2644 2928 2741 2945 unm.
2757 2934 2769 2940 -

2607 2955 2618 2972 r
2632 2949 2696 2978 Opp.
2705 2950 2770 2978 Aua.
2812 2972 2815 2974 ,

2651 3002 2666 3031 ζ

2653 3115 2668 3139 η
