2872 3970
170 1974 232 1996 'Ad
245 1974 317 1997 Rom..
330 1979 381 1999 cap

169 2007 210 2024 vn.
226 2007 285 2022 vers.
299 2006 332 2029 23·

170 2027 252 2049 Gen.
269 2033 319 2054 cap.
329 2032 382 2052 viu,

170 2060 229 2075 vers
246 2060 279 2076 21.

169 2080 318 2106 ·AdRom.,
330 2085 381 2106 cap.

166 2114 208 2134 vn,
225 2113 283 2128 vers.
301 2113 334 2134 ¹9.

404 304 477 351 184

399 390 436 414 ut
460 383 648 418 satisfactio,
680 393 762 423 quae
793 383 936 423 poenalis
960 388 1023 418 est,
1052 382 1242 422 respondeat
1266 381 1397 421 culpae;
1428 386 1464 411 ut

401 428 515 467 culpae
532 428 698 457 communi
718 426 908 467 respondeat
924 436 1030 467 poena
1046 426 1243 456 communis:
1268 425 1366 455 ideo
1358 434 1391 454 in
1414 425 1463 454 lit-

1092 302 1354 350 QUAESTIO
1384 302 1487 347 XIV,
1518 301 1810 340 ARTICULUS
1837 304 1887 340 IV

1517 382 1699 421 complexio
1724 383 1896 433 corporalis
1921 383 2078 413 causativa
2100 383 2306 423 ignorantiae.
2336 382 2517 414 Nascuntur
2540 385 2581 414 si·-

1518 425 1649 464 quidem
1668 425 1766 466 aliqui
1789 427 1888 467 inepti
1912 426 1951 456 ad
1974 427 2152 458 scientiam:
2184 427 2266 458 sicut
2292 427 2344 457 alii
2371 427 2512 458 inclinati
2541 427 2581 458 ad
2614 448 2617 450 -

400 478 476 507 tera,
494 481 531 501 ex
556 480 595 501 eo
621 471 709 511 quod
733 471 877 501 Christus
902 470 1043 501 defectus
1059 470 1211 510 poenales
1234 469 1403 519 assumpsit
1425 467 1464 498 ad
1518 469 1608 505 iram,
1633 475 1664 500 et
1685 469 1882 501 huiusmodi.

401 515 658 546 satisfaciendum
683 525 741 555 pro
766 520 899 555 peccato
930 519 1060 544 naturae
1084 514 1259 549 humanae,
1284 513 1406 553 optime
1429 517 1465 542 ut

401 560 522 590 clarum
538 559 644 589 intulit
664 567 865 598 consequens
881 557 970 598 quod
990 558 1077 588 solos
1094 566 1283 587 communes
1306 557 1464 586 humanae

401 609 531 634 naturae
555 602 697 633 defectus
721 602 872 642 poenales
895 611 1054 632 assumere
1079 601 1197 632 debuit.

458 647 608 677 Secundo
625 646 724 687 quod,
742 647 816 686 quia
834 646 961 685 negatio
978 645 1215 685 particularium
1232 644 1416 675 defectuum
1433 644 1465 673 in

403 691 531 722 Christo
561 691 646 721 illata
674 700 741 720 non
772 696 836 720 erat
859 691 1009 730 probata,
1041 690 1186 729 quamvis
1213 688 1308 719 fuerit
1334 688 1466 728 probata

403 734 568 765 affirmatio
592 734 819 764 universalium
843 733 1028 764 defectuum
1055 734 1088 763 in
1112 732 1245 767 eodem,
1270 741 1308 762 ex
1330 740 1466 772 propor-

402 780 491 810 tione
515 788 639 819 poenae
662 777 702 808 ad
725 778 869 818 culpam;
898 776 972 808 ideo
996 777 1097 807 littera
1119 777 1283 807 subiunxit
1309 777 1466 806 rationem

403 824 596 854 eximentem
620 831 736 862 corpus
761 821 878 852 Christi
901 831 919 851 a
933 821 1123 861 specialibus
1139 820 1325 856 defectibus,
1349 829 1387 850 ex
1411 828 1468 850 ne-

402 867 530 907 gatione
554 875 722 896 causarum
745 865 922 896 eorundem
951 865 991 895 ad
1020 865 1225 905 negationem
1249 873 1362 895 eorum
1393 873 1468 904 pro-

404 910 587 942 cedentem:
613 919 650 940 ex
667 919 706 940 eo
731 909 820 950 quod
844 909 986 940 defectus
1009 909 1162 949 speciales
1185 914 1240 939 aut
1262 914 1336 939 sunt
1359 917 1397 938 ex
1414 907 1468 938 de-

403 955 490 985 fectu
514 954 662 994 principii
679 954 728 983 vel
748 953 991 994 principiorum,
1016 958 1070 983 aut
1086 962 1124 983 ex
1140 952 1267 983 defectu
1283 961 1469 993 progressus

403 999 496 1034 vitae,
522 1007 662 1038 quorum
685 1002 836 1027 neutrum
851 998 884 1027 in
902 997 1029 1028 Christo
1049 997 1159 1028 locum
1175 997 1291 1028 habere
1315 996 1430 1036 potuit.
1446 1014 1468 1018 -

404 1043 444 1073 Et
467 1043 492 1072 si
509 1042 581 1082 quis
605 1042 758 1072 obiecerit
781 1041 871 1081 quod
893 1041 994 1081 possit
1017 1051 1085 1071 esse
1109 1041 1223 1081 aliquis
1245 1041 1363 1071 horum
1382 1039 1469 1070 defe-

404 1092 516 1117 ctuum
547 1096 584 1116 ex
612 1086 702 1116 tertia
730 1095 840 1122 causa,
871 1091 948 1125 puta
972 1095 1010 1116 ex
1034 1085 1124 1116 caelo
1147 1085 1199 1116 vel
1222 1094 1382 1115 concursu
1405 1083 1469 1114 ele-

404 1131 504 1161 menti
516 1130 663 1160 alicuius:
677 1130 754 1160 sciat
770 1139 883 1160 omnes
899 1129 1083 1160 huiusmodi
1100 1139 1276 1160 concursus
1292 1129 1470 1159 causativos

404 1175 509 1205 morbi
532 1174 676 1215 specialis
699 1174 778 1204 nihil
797 1173 883 1204 aliud
906 1183 973 1204 esse
997 1183 1095 1214 quam
1119 1173 1279 1204 defectum
1303 1172 1468 1213 principii;

405 1228 599 1249 concurrens
623 1219 708 1248 enim
732 1227 826 1248 causa
849 1217 982 1258 impedit
1005 1217 1161 1258 principia
1184 1227 1202 1248 a
1217 1217 1351 1248 naturali
1366 1216 1469 1257 perfe-

406 1263 513 1294 ctione
536 1263 669 1293 actionis
692 1262 743 1292 vel
766 1262 921 1301 passionis
945 1271 1030 1292 suae.
1066 1261 1107 1292 Et
1129 1261 1203 1292 ideo
1227 1260 1388 1292 reducitur
1410 1261 1469 1291 hu-

404 1306 546 1338 iusmodi
569 1316 664 1336 causa
685 1305 724 1336 ad
739 1305 900 1336 defectum
915 1307 1038 1336 virtutis
1053 1305 1249 1342 formativae,
1267 1314 1395 1336 causam
1410 1313 1470 1345 po-

406 1353 498 1383 sitam
521 1351 555 1381 in
577 1351 688 1381 littera.

462 1395 583 1431 Tertio,
609 1394 698 1434 quod
720 1394 853 1428 Auctor,
879 1393 1055 1424 doctrinam
1075 1403 1165 1424 suam
1190 1392 1391 1424 conformem
1407 1393 1470 1423 Da-

406 1449 558 1470 masceno
582 1437 763 1474 ostendens,
789 1437 957 1468 confirmat
980 1438 1074 1468 simul
1098 1443 1130 1468 et
1153 1438 1284 1477 exponit
1306 1437 1407 1468 illum.

462 1483 513 1513 ΙΙΙ.
538 1481 600 1513 Sed
623 1487 718 1512 restat
740 1482 792 1511 hic
816 1481 960 1517 dubium,
986 1491 1052 1521 quo
1075 1487 1170 1521 pacto
1194 1481 1328 1517 licuerit,
1352 1482 1407 1512 ubi
1431 1480 1470 1511 de

407 1527 582 1558 defectibus
599 1526 742 1565 corporis
758 1526 868 1565 agitur,
893 1525 1104 1565 ignorantiam
1127 1526 1208 1555 inter
1224 1524 1366 1555 defectus
1382 1534 1471 1555 com-

405 1581 521 1602 munes
541 1576 743 1610 computare:
768 1579 842 1600 cum
859 1574 983 1599 constet
998 1569 1211 1608 ignorantiam
1227 1578 1294 1599 esse
1310 1568 1471 1599 defectum

406 1616 541 1646 animae.

461 1659 513 1689 Ad
535 1659 598 1689 hoc
618 1657 733 1689 dicitur
756 1657 845 1698 quod
868 1658 1001 1693 Auctor,
1026 1657 1099 1687 lieet
1114 1662 1225 1687 tractet
1241 1656 1280 1687 de
1297 1656 1472 1688 defectibus

407 1703 561 1743 corporis,
574 1703 682 1733 inserit
697 1707 804 1732 tamen
820 1702 1032 1732 universalem
1048 1701 1226 1732 doctrinam
1242 1700 1281 1731 de
1298 1700 1474 1732 defectibus

406 1747 555 1778 humanis
579 1747 635 1787 qui
658 1755 725 1776 non
750 1745 929 1776 debuerunt
952 1746 1069 1776 assumi
1092 1755 1110 1775 a
1131 1745 1270 1781 Christo,
1294 1751 1330 1776 ut
1349 1755 1386 1776 ex
1402 1746 1473 1775 uni-

407 1791 519 1822 versali
543 1791 651 1831 regula
674 1791 826 1820 habeatur
850 1789 997 1820 discretio
1020 1790 1102 1820 inter
1117 1789 1260 1820 defectus
1284 1790 1379 1820 etiam
1403 1799 1474 1820 cor-

408 1836 495 1876 poris
518 1835 574 1875 qui
598 1835 777 1865 debuerunt
806 1834 857 1865 vel
883 1843 951 1864 non
975 1833 1155 1864 debuerunt
1178 1834 1305 1864 assumi.
1341 1834 1381 1864 Et
1410 1834 1474 1864 hoc

408 1885 540 1921 propter
562 1879 754 1919 pronitatem
778 1878 818 1909 ad
839 1878 961 1909 malum
986 1883 1017 1909 et
1038 1877 1256 1908 difficultatem
1272 1878 1366 1908 boni:
1392 1887 1474 1918 quo-

409 1925 496 1955 niam
526 1924 593 1954 alia
616 1928 663 1953 est
685 1923 739 1953 Iex
769 1923 800 1953 in
826 1922 974 1953 membris
1001 1922 1166 1957 humanis,
1199 1931 1387 1963 repugnans
1410 1922 1476 1963 legi

409 1968 523 1999 mentis
538 1969 564 2004 ἥ,
589 1967 767 1998 secundum
790 1976 887 2007 quam
911 1967 1014 2008 proni
1035 1971 1112 1997 sunt
1132 1975 1245 1997 sensus
1271 1966 1410 1996 hominis
1433 1966 1476 1997 ad

410 2013 530 2043 malum
546 2014 579 2048 θ’,
604 2017 635 2042 et
658 2022 722 2042 non
754 2011 840 2052 quod
863 2011 1012 2042 volumus
1038 2011 1173 2046 bonum,
1198 2010 1259 2041 hoc
1281 2011 1410 2052 agimus
1429 2011 1473 2041 Η.

410 2057 445 2087 Id
468 2063 575 2087 autem
606 2056 695 2096 quod
719 2056 757 2087 de
781 2056 959 2096 ignorantia
988 2055 1189 2091 admiscetur,
1214 2055 1351 2095 exempli
1378 2055 1475 2094 gratia

409 2102 552 2141 positum
576 2107 631 2132 est.

465 2145 527 2176 Sed
551 2146 626 2186 quia
648 2146 726 2176 haec
749 2145 915 2185 responsio
940 2143 1023 2174 dicta
1046 2143 1224 2174 secundum
1241 2142 1381 2174 eundem
1397 2152 1475 2174 con-

408 2195 531 2220 textum
551 2195 682 2230 separat,
700 2189 777 2220 dum
792 2188 1003 2229 ignorantiam
1019 2193 1055 2218 ut
1071 2187 1264 2228 exemplum,
1282 2187 1475 2228 pronitatem

408 2244 484 2264 vero
509 2234 549 2265 ad
571 2234 692 2264 malurn
721 2239 752 2264 et
775 2233 992 2264 difficultatem
1016 2232 1055 2263 ad
1077 2233 1202 2262 bonum
1224 2241 1298 2262 vere
1321 2232 1474 2271 interpre-

408 2283 506 2308 tatur:
539 2279 628 2309 aliter
651 2277 765 2308 dicitur
788 2277 878 2318 quod
900 2286 958 2317 per
980 2277 1192 2317 ignorantiam
1215 2276 1267 2306 hic
1290 2275 1474 2315 intelligitur

1573 512 1636 543 Sed
1658 507 1731 546 hoc
1744 514 1851 545 minus
1875 520 2031 545 consonat
2053 514 2174 545 litterae
2190 515 2342 545 dividenti
2366 520 2477 545 contra
2495 514 2582 546 defe-

1519 562 1588 587 ctus
1611 563 1824 598 repugnantes
1846 557 2036 599 perfectioni
2058 559 2208 589 scientiae
2222 559 2273 589 vel
2288 559 2415 599 gratiae,
2440 558 2582 590 defectus

1519 602 1663 641 corporis
1684 602 1844 642 speciales.
1870 601 2004 632 Constat
2023 607 2130 633 autem
2154 603 2210 633 has
2231 603 2470 643 complexiones
2493 612 2583 633 exor-

1519 645 1654 675 bitantes
1677 655 1695 675 a
1717 647 1927 686 temperantia
1949 646 2109 677 humanae
2132 646 2319 683 medietatis,
2335 647 2417 677 inter
2432 646 2584 687 speciales

1521 690 1702 729 computari
1725 689 1878 720 defectus.

1564 731 1658 763 Unde
1689 732 1862 764 dicendum
1891 738 1938 764 est
1967 733 2057 774 quod
2086 734 2265 774 ignorantia
2299 733 2468 775 dupliciter
2501 735 2585 766 sumi

1521 782 1636 816 potest.
1660 776 1720 807 Vel
1741 776 1920 808 secundum
1935 786 1985 808 se:
2010 782 2042 808 et
2057 777 2101 808 sic
2117 783 2164 808 est
2179 777 2331 814 defectus,
2347 788 2415 810 non
2431 778 2584 819 corporis,

1521 820 1577 851 sed
1591 821 1727 857 animae,
1750 821 1834 852 sicut
1848 821 1995 858 scientia3
2019 822 2186 852 contraria
2203 823 2290 853 enim
2305 822 2392 854 circa
2408 821 2492 853 idem
2507 826 2585 853 nata

1521 870 1597 895 sunt
1614 865 1697 906 fieri
1714 866 1741 896 ⁴.
1771 865 1831 896 Vel
1863 865 2041 896 secundum
2071 874 2162 896 suam
2191 875 2319 897 causam
2349 865 2586 897 occasionalem

1522 918 1731 939 communem
1753 909 1813 940 toti
1828 914 1959 940 naturae
1980 909 2149 940 humanae.
2173 909 2215 940 Et
2237 910 2281 940 sic
2305 915 2352 941 est
2373 908 2516 941 defectus
2539 915 2586 941 te-

1522 962 1601 983 nens
1624 962 1657 983 se
1688 963 1726 983 ex
1749 959 1837 993 parte
1861 954 2021 994 corporis:
2055 953 2210 994 quoniam
2237 963 2275 984 ex
2301 953 2366 984 hoc
2394 954 2466 995 ipso
2497 953 2586 994 quod

1523 997 1628 1027 anima
1650 996 1686 1027 fit
1708 997 1742 1027 in
1765 1005 1912 1037 corpore,
1935 1005 2004 1028 non
2025 997 2138 1038 recipit
2160 996 2319 1028 influxurn
2335 997 2485 1029 scientiae
2501 1007 2519 1028 a
2533 1006 2586 1029 su-

1522 1041 1717 1081 perioribus,
1748 1046 1779 1072 et
1808 1046 1916 1072 manet
1938 1041 2098 1081 ignorans.
2133 1041 2169 1071 In
2195 1041 2287 1071 cuius
2309 1041 2454 1081 signum,
2481 1042 2587 1072 statim

1523 1085 1613 1126 quod
1635 1095 1653 1115 a
1677 1094 1812 1126 corpore
1836 1090 1998 1125 separatur
2020 1085 2135 1121 anima,
2159 1084 2323 1125 perficitur
2338 1085 2469 1116 scientia
2482 1084 2588 1116 infusa

1523 1139 1541 1160 a
1564 1129 1791 1169 superioribus.
1816 1128 1961 1160 Christus
1983 1134 2101 1166 autem,
2122 1129 2196 1160 licet
2210 1129 2385 1170 susceperit
2400 1129 2539 1160 animam
2554 1129 2588 1161 in

1523 1183 1670 1214 corpore,
1694 1183 1762 1204 non
1785 1173 1925 1214 suscepit
1947 1178 2055 1204 tamen
2078 1172 2241 1204 defectum
2256 1173 2406 1204 scientiae
2422 1173 2589 1205 concomi-

1523 1223 1643 1248 tantem
1667 1218 1806 1248 animam
1830 1227 1868 1248 ex
1890 1217 1954 1248 hoc
1978 1215 2067 1258 quod
2090 1215 2126 1248 fit
2147 1217 2180 1247 in
2199 1226 2351 1257 corpore:
2377 1217 2533 1257 quoniam
2548 1217 2588 1258 ab

1524 1262 1615 1293 initio
1640 1261 1707 1292 eius
1731 1261 1836 1292 anima
1857 1261 1977 1301 repleta
2001 1266 2048 1292 est
2070 1266 2102 1292 et
2123 1261 2216 1292 beata
2231 1266 2263 1291 et
2276 1260 2381 1292 infusa
2397 1261 2537 1298 scientia,
2552 1266 2590 1293 ut

1524 1311 1611 1346 patet
1628 1309 1671 1336 'ex
1695 1311 1767 1336 ante
1783 1306 1799 1322 “
1823 1304 1924 1336 dictis.
1949 1305 1990 1335 Et
2005 1305 2079 1336 ideo
2094 1305 2177 1336 inter
2192 1303 2334 1336 defectus
2351 1306 2505 1346 corporis,
2523 1304 2589 1337 hoc

1525 1355 1571 1380 est
1594 1360 1627 1380 se
1650 1355 1795 1380 tenentes
1819 1358 1856 1379 ex
1879 1354 1968 1390 parte
1991 1349 2154 1389 corporis,
2184 1354 2370 1389 computata
2393 1354 2440 1380 est
2467 1349 2532 1380 hoc
2554 1349 2590 1380 in

1523 1394 1598 1425 loco
1622 1394 1810 1434 ignorantia.

1578 1438 1630 1468 IV.
1648 1438 1683 1468 In
1698 1438 1906 1478 responsione
1923 1436 1962 1468 ad
1977 1436 2166 1474 secundum,
2176 1437 2398 1478 perspicaciter
2412 1437 2484 1468 vide
2500 1436 2591 1478 quod

1526 1483 1649 1512 animae
1673 1481 1790 1512 Christi
1820 1481 1998 1512 secundum
2022 1490 2055 1511 se
2086 1480 2259 1511 debebatur
2287 1481 2456 1522 plenitudo
2484 1482 2590 1513 omnis

1525 1526 1642 1566 gratiae
1673 1531 1704 1556 et
1727 1525 1893 1560 scientiae,
1925 1534 1963 1556 ex
1989 1525 2053 1555 hoc
2074 1525 2146 1566 ipso
2177 1524 2268 1565 quod
2298 1530 2364 1555 erat
2389 1529 2551 1566 assumpta
2572 1535 2590 1556 a

1526 1570 1650 1600 Verbo:
1676 1575 1722 1600 est
1745 1570 1831 1599 enim
1854 1570 1918 1599 hoc
1933 1574 2100 1609 sumptum
2121 1578 2159 1599 ex
2174 1568 2262 1599 Ioan.
2279 1578 2290 1598 1
2305 1569 2332 1605 *,
2361 1568 2503 1600 Vidimus
2518 1578 2591 1600 eum

1520 1613 1654 1654 plenum
1676 1613 1807 1655 gratiae
1829 1617 1860 1643 et
1875 1613 2028 1648 veritatis,
2048 1612 2141 1653 quasi
2159 1612 2369 1663 Unigenitum
2385 1621 2405 1643 a
2420 1613 2527 1644 Patre.
2550 1613 2592 1644 Et

1528 1657 1683 1688 docemur
1706 1667 1743 1687 ex
1759 1657 1823 1687 hoc
1838 1666 1906 1687 non
1921 1657 2028 1687 solum
2043 1655 2253 1687 differentiam
2270 1657 2426 1687 intentam
2441 1657 2475 1688 in
2490 1657 2593 1693 littera

1526 1702 1608 1732 inter
1631 1702 1795 1732 scientiam
1818 1710 1855 1731 ac
1877 1701 2025 1742 gratiam,
2051 1706 2082 1732 et
2103 1699 2263 1736 defectus,
2288 1700 2378 1741 quod
2400 1701 2472 1732 illae
2495 1700 2592 1734 debe-

1527 1746 1642 1776 bantur
1665 1746 1789 1776 animae
1805 1744 1923 1776 Christi
1941 1743 2120 1776 secundum
2136 1754 2183 1781 se,
2207 1745 2271 1775 hoc
2294 1750 2341 1775 est
2363 1745 2406 1775 ob
2428 1742 2592 1786 propriam

1527 1789 1777 1830 perfectionem,
1800 1789 1851 1819 isti
1873 1798 1950 1820 vero
1974 1789 2081 1820 solum
2107 1794 2239 1830 propter
2261 1787 2364 1825 aliud,
2388 1789 2452 1820 hoc
2474 1793 2522 1820 est
2542 1795 2593 1825 διὰ

1527 1833 1742 1864 tisfactionem
1765 1838 1797 1864 et
1815 1832 2096 1874 exemplarimtem‚
2113 1838 2190 1864 etc.:
2214 1831 2270 1863 sed
2293 1833 2389 1863 etiam
2412 1832 2502 1874 quod
2523 1838 2594 1864 nou

1528 1883 1603 1908 sunt
1630 1877 1695 1908 duo
1725 1877 1878 1908 miracula
1907 1878 2005 1917 gratia
2033 1877 2163 1908 unionis
2193 1882 2224 1907 et
2253 1877 2351 1917 gratia
2373 1876 2528 1908 virtutum
2557 1877 2592 1908 in

1528 1922 1633 1952 anima
1657 1921 1790 1958 Christi;
1815 1920 1880 1957 sed,
1905 1921 1987 1952 sicut
2008 1921 2043 1952 in
2065 1921 2260 1952 naturalibus
2281 1930 2436 1961 generans
2459 1921 2512 1953 dat
2526 1926 2594 1953 una

1528 1966 1734 2006 generatione
1763 1965 1901 1996 formam
1931 1971 1962 1996 et
1989 1965 2220 2006 consequentia
2245 1963 2286 1996 ad
2308 1964 2462 2002 formam,
2492 1965 2537 1997 ita
2557 1965 2593 1999 in

1529 2011 1680 2051 mysterio
1713 2009 1939 2040 incarnationis
1970 2019 2134 2040 assumens
2163 2008 2216 2040 dat
2242 2009 2359 2049 gratiae
2388 2014 2420 2040 et
2442 2009 2592 2041 scientiae

1528 2053 1760 2095 plenitudinem
1777 2059 1813 2084 ut
1828 2054 2057 2104 consequentia
2072 2053 2334 2104 assumptionem.
2354 2053 2396 2084 Et
2413 2059 2592 2095 propterea,

1528 2099 1611 2129 sicut
1633 2098 1789 2129 debentur
1811 2097 1919 2138 genito
1944 2098 2193 2128 concomitantia
2215 2097 2352 2128 formam
2376 2096 2484 2128 debito
2498 2103 2594 2129 natu-

1528 2143 1601 2179 rali,
1632 2143 1676 2173 ita
1698 2142 1831 2173 debetur
1857 2147 2038 2182 assumptae
2064 2142 2188 2172 animae
2216 2140 2384 2182 plenitudo
2414 2142 2531 2182 gratiae
2560 2147 2596 2173 et

1528 2187 1678 2217 scientiae
1706 2186 1813 2217 debito
1846 2187 1936 2227 quasi
1958 2186 2110 2223 naturali,
2135 2195 2192 2217 seu
2215 2186 2429 2216 connaturalis
2455 2185 2591 2217 ordinis·

1529 2231 1742 2261 connaturalis
1758 2231 1879 2271 quippe
1896 2236 1942 2261 est
1957 2236 2136 2271 assumptae
2153 2230 2277 2261 animae
2292 2229 2460 2270 plenitudo
2475 2230 2594 2271 gratiae

1529 2281 1560 2306 et
1582 2275 1741 2306 scientiae.

2612 868 2728 892 'Arima
2776 870 2777 873 '
2800 867 2801 870 Ἴ
2816 884 2827 898 ι,

2612 901 2663 923 cap.
2679 898 2731 923 vm,
2744 898 2787 928 11ἱ
2808 903 2828 935 *f-
2843 923 2848 926 ρ

2615 1311 2626 1323 ·
2639 1310 2688 1339 Qu.
2698 1315 2740 1338 xre,
2753 1313 2796 1332 m.
2804 1315 2831 1332 a.

2616 1573 2628 1584 ⁸
2641 1572 2707 1596 Vm.
2723 1578 2759 1599 14.
