2872 3970
474 295 476 298 ’
490 297 569 333 494

492 361 687 399 descendit
719 363 846 398 solum
874 361 924 397 ad
951 360 1083 397 locum
1118 359 1252 396 inferni
1280 359 1320 396 in
1352 370 1432 407 quo
1467 356 1554 394 iusti

493 414 777 452 detinebantur:
811 421 854 450 ut
881 425 980 462 quos
1008 412 1090 462 ipse
1114 424 1186 461 per
1212 411 1370 460 gratiam
1397 410 1555 447 interius

491 467 666 504 visitabat
684 466 901 504 secundum
929 465 1176 511 divinitatem,
1198 477 1264 501 eos
1284 463 1398 500 etiam
1419 474 1554 500 secun-

493 520 589 557 dum
617 519 788 556 animam
806 518 972 556 visitaret
991 526 1027 555 et
1045 520 1143 555 loco.
1174 517 1236 554 Sic
1255 523 1385 554 autem
1410 515 1451 552 in
1476 526 1556 552 una

492 581 599 622 parte
627 571 762 609 inferni
791 570 964 618 existens,
993 571 1174 607 effectum
1201 580 1318 606 suum
1346 567 1556 627 aliqualiter

494 626 542 663 ad
571 636 708 662 omnes
736 623 870 661 inferni
898 631 1024 673 partes
1053 621 1249 668 derivavit,
1275 621 1381 667 sicut,
1406 621 1446 657 in
1474 631 1555 657 uno

494 679 580 715 loco
608 685 729 714 terrae
748 687 895 726 passus,
915 684 1040 713 totum
1068 675 1263 712 mundum
1288 678 1359 710 sua
1377 672 1556 722 passione

494 729 678 768 liberavit.

548 784 605 819 AD
634 793 768 818 ptumum
797 793 894 818 ERGO
922 792 1103 818 mCENDUM
1132 779 1239 828 quod
1269 777 1460 824 Christus,
1489 778 1557 827 qui

495 843 550 872 est
591 834 662 871 Dei
705 833 915 882 Sapientia,
948 834 1156 883 penetravit
1196 844 1325 868 omnes
1361 832 1557 879 inferiores

489 894 616 938 partes
649 893 783 932 terrae,
812 898 893 923 non
927 886 1104 932 localiter,
1137 883 1354 922 secundum
1385 884 1557 922 animam

495 951 632 977 omnes
660 938 956 984 circumeund03
995 938 1063 975 sed
1091 938 1272 974 effectum
1305 948 1397 973 suae
1425 944 1557 986 poten-

494 993 566 1030 tiae
587 991 795 1040 aliqualiter
813 991 862 1028 ad
881 1003 1018 1028 omnes
1037 989 1280 1027 extendendo
1299 995 1322 1026 ‘.
1351 990 1406 1026 Ita
1428 997 1558 1027 tamen

495 1045 602 1094 quod
621 1045 723 1081 solos
745 1043 863 1080 iustos
882 1043 1128 1081 illuminavit:
1159 1042 1331 1092 sequitur
1358 1041 1482 1080 enim:
1511 1044 1559 1080 Et

495 1095 743 1135 illuminabo‘
771 1108 900 1133 omnes
925 1102 1114 1146 sperantes
1141 1097 1178 1133 in
1206 1095 1383 1134 Domino.

548 1151 605 1186 Αι)
634 1161 823 1186 SECUNDUM
850 1161 1033 1187 mcennum
1060 1148 1169 1198 quod
1195 1148 1339 1198 duplex
1361 1155 1418 1185 est
1434 1147 1558 1185 dolor.

494 1203 604 1240 Unus
640 1202 687 1239 de
716 1201 894 1250 passione
922 1214 1090 1251 poenae,
1118 1213 1238 1251 quam
1266 1201 1463 1250 patiuntur
1489 1201 1559 1238 ho-

495 1256 619 1292 mines
646 1266 717 1303 pro
737 1262 893 1302 peccato
914 1254 1074 1292 actuali:
1105 1254 1321 1291 secundum
1345 1253 1438 1291 illud
1457 1254 1559 1291 Psal-

380 1320 394 1334 ν
410 1319 439 1335 1⁵·
462 1329 467 1334 ·
495 1308 550 1345 mi
568 1308 603 1344 *ε
629 1307 788 1344 Dolores
816 1309 956 1356 inferni
972 1307 1294 1345 circumdederunt
1311 1318 1382 1344 me.
1402 1329 1428 1334 —
1451 1306 1559 1344 Alius

259 1630 266 1639 '
281 1628 326 1650 cit.
342 1627 364 1649 in
386 1633 434 1655 arg.
449 1633 468 1654 5.

496 1369 626 1398 autem
664 1360 775 1397 dolor
802 1368 857 1397 est
894 1361 942 1398 de
975 1360 1155 1398 dilatione
1192 1367 1364 1409 speratae
1397 1358 1558 1408 gloriae:

496 1413 712 1451 secundum
740 1412 833 1450 illud
860 1414 1038 1452 Proverb.
1059 1425 1116 1450 xm
1135 1414 1172 1449 *z
1203 1414 1293 1462 Spes
1320 1424 1416 1462 quae
1433 1412 1472 1449 di
1502 1424 1559 1449 er-

496 1473 575 1512 tur,
614 1467 752 1515 affligit
789 1468 967 1504 animam.
1011 1466 1142 1513 Quem
1184 1465 1343 1514 quidem
1385 1464 1561 1503 dolorem

497 1519 611 1556 etiam
648 1518 889 1567 patiebantur
916 1519 1034 1556 sancti
1071 1519 1200 1555 Patres
1233 1518 1272 1555 in
1301 1517 1461 1555 inferno.
1499 1517 1560 1554 Ad

496 1571 604 1621 quod
632 1571 927 1620 significandum
955 1571 1204 1620 Augustinus,
1231 1570 1270 1608 in
1299 1571 1489 1608 Sermone
1516 1570 1562 1607 de

495 1626 673 1662 Passione
695 1624 732 1673 ³¹³,
764 1624 854 1662 dicit
891 1625 999 1674 quod
1035 1625 1275 1673 lacrymabili
1311 1625 1562 1661 obsecratione

501 1678 686 1714 Christum
715 1679 883 1716 orabant.

549 1731 742 1780 Utrosque
771 1738 901 1768 autem
921 1730 1075 1767 dolores
1095 1729 1270 1767 Christus
1287 1706 1402 1766 solvit
1426 1728 1477 1766 ad
1505 1728 1561 1766 in-

496 1783 649 1820 fernum
677 1783 929 1821 descendens:
960 1782 1066 1820 aliter
1091 1790 1221 1819 tamen
1249 1789 1287 1819 et
1311 1781 1427 1819 aliter.
1456 1782 1558 1818 Nam

498 1836 651 1873 dolores
687 1847 904 1885 poenarum
942 1835 1053 1872 solvit
1089 1835 1373 1884 praeservando
1411 1834 1459 1871 ab
1488 1834 1559 1870 eis.

499 1888 595 1924 sicut
631 1889 805 1926 medicus
842 1887 979 1925 dicitur
1015 1889 1164 1925 solvere
1201 1887 1385 1924 morbum
1422 1898 1446 1923 a
1481 1898 1561 1935 quo

498 1949 718 1990 praeservat
736 1953 806 1990 per
823 1940 1056 1978 medicinam
1074 1940 1105 1976 ¹⁸².
1135 1941 1299 1977 Dolores
1317 1947 1448 1976 autem
1476 1951 1562 1976 cau-

500 2001 618 2030 satos·
637 2005 684 2030 ex
721 1993 900 2030 dilatione
928 1992 1069 2041 gloriae
1103 1992 1297 2030 actualiter
1323 1991 1455 2040 solvit,
1484 1993 1562 2039 glo-

500 2046 597 2082 riam
624 2046 857 2095 praebendo.

553 2100 610 2135 An
633 2111 792 2137 TERTmM
810 2110 993 2136 DICENDUM
1012 2098 1120 2147 quod
1148 2097 1240 2135 illud
1269 2097 1378 2146 quod
1403 2096 1455 2133 ibi
1475 2096 1564 2134 dicit

500 2152 646 2198 Petrus,
667 2164 689 2188 a
708 2151 943 2201 quibusdam
962 2151 1122 2188 refertur
1139 2151 1188 2187 ad
1208 2150 1438 2187 descensum
1454 2149 1563 2186 Chri-

500 2203 545 2240 sti
574 2204 623 2240 ad
650 2203 803 2251 inferos,
823 2203 877 2241 sic
905 2211 1141 2253 exponentes
1159 2202 1325 2240 verbum
1349 2202 1460 2239 illud:
1489 2203 1564 2239 His

434 2264 437 2269 “
501 2258 565 2306 qui
582 2258 619 2294 in
639 2269 792 2294 carcere
818 2257 983 2294 conclusi
998 2262 1117 2302 erant,
1138 2255 1234 2293 idest
1254 2255 1295 2292 in
1313 2255 1476 2301 inferno,
1494 2257 1564 2305 spi—

261 2427 316 2449 ‘De
325 2426 474 2454 Fir-„deOth

262 2453 300 2475 lib
310 2453 349 2481 111,
358 2459 424 2481 cap-x
411 2459 465 2475 xxix

266 3040 274 3049 ·
290 3039 325 3061 ef.
345 3045 408 3062 num.
426 3046 473 3068 seq.

266 3535 275 3544 ⁸
282 3533 361 3555 Matth.
366 3539 415 3561 cap.
423 3539 467 3554 xxv

265 3566 325 3582 ven.
336 3567 361 3589 33
372 3566 422 3588 sqq.

470 3548 476 3559 .
505 3527 784 3569 comprehenditur
807 3532 873 3557 tota
900 3536 971 3567 pars
999 3526 1122 3556 sinistra
1153 3526 1267 3557 Christi
1299 3526 1413 3558 Iudicis

501 2311 592 2355 ritu,
621 2309 717 2347 idest
751 2310 967 2347 secundum
995 2309 1184 2354 animam,
1218 2310 1382 2346 Christus
1415 2310 1565 2346 veniens

494 2363 737 2412 praedicamsst
759 2364 822 2412 qui
846 2363 1029 2400 increduli
1034 2363 1194 2410 fuerant
1211 2361 1423 2411 aliquando.
1452 2362 1564 2399 Unde

500 2423 537 2452 et
564 2416 829 2453 Damascenus
863 2415 970 2460 dicit,
1000 2415 1040 2452 in
1067 2416 1114 2452 ΙΙΙ
1141 2414 1238 2452 libro
1265 2414 1295 2461 ²¹³,
1325 2414 1445 2464 quod,
1472 2416 1565 2452 sicut

468 2469 555 2504 his
582 2470 646 2517 qui
671 2470 708 2505 in
737 2475 838 2506 terra
865 2474 949 2505 sunt
976 2468 1252 2518 evangelizavit,
1282 2469 1334 2504 ita
1361 2473 1394 2504 et
1420 2468 1476 2504 his
1503 2469 1567 2517 qui

553 2581 576 2615 ε)
595 2583 776 2608 extendendo.
793 2597 814 2602 —
830 2583 851 2607 F
871 2588 896 2608 et
914 2583 988 2608 tertia
994 2589 1002 2613 ;
1020 2582 1194 2608 ostendendo.

1173 2652 1507 2686 Commenta-ia
1531 2651 1784 2686 Cardinalis
1805 2653 2008 2686 Caietam

502 2742 667 2806 Trrums
695 2737 767 2777 plus
791 2738 914 2777 quaerit
937 2746 1034 2778 quam
1059 2737 1222 2779 exprimat.
1257 2736 1390 2774 Quaerit
1420 2736 1507 2767 enim
1530 2737 1564 2767 in

561 2788 659 2819 quem
690 2781 804 2812 inferni
827 2781 937 2812 locum
967 2781 1111 2812 Christus
1145 2775 1326 2817 descendit,
1350 2785 1387 2811 ut
1414 2785 1502 2820 patet
1529 2781 1562 2811 in

501 2820 655 2855 divisione
671 2825 894 2856 articulorum:
913 2826 1048 2866 explicat
1067 2830 1175 2856 autem
1190 2825 1367 2865 specialiter
1383 2823 1422 2854 de
1437 2823 1563 2855 inferno

501 2864 734 2904 damnatorum,
759 2875 912 2910 tanquam
936 2869 975 2900 de
999 2869 1100 2909 magis
1116 2868 1245 2900 difficili.

557 2910 592 2941 In
616 2922 751 2953 corpore
771 2913 1007 2944 distinctionem
1030 2913 1240 2944 bimembrem
1263 2911 1337 2943 facit
1361 2911 1400 2943 de
1416 2921 1484 2943 esse
1507 2912 1562 2943 ali-

502 2954 575 2984 cubi
599 2955 776 2996 dupliciter,
793 2958 843 2988 vel
859 2957 1036 2988 secundum
1053 2956 1213 2993 effectum,
1229 2957 1280 2987 vel
1295 2955 1474 2987 secundum
1489 2956 1563 2987 sub-

501 3000 664 3031 stantiam:
690 3007 721 3031 et
735 3002 822 3032 iuxta
844 3002 968 3042 singula
989 3002 1134 3032 membra
1152 3001 1283 3041 singulis
1302 3000 1564 3031 conclusionibus

502 3044 674 3082 respondet
697 3046 840 3085 quaesito
857 3047 883 3076 *-

565 3087 602 3118 11.
619 3089 724 3120 Prima
735 3090 914 3120 conclusio:
930 3089 1076 3120 Christaes
1087 3088 1261 3120 secundum
1273 3088 1420 3130 effectum
1435 3088 1563 3120 descen·-

502 3136 548 3167 dit
563 3132 596 3163 in
613 3133 780 3175 quemlibet
795 3133 999 3175 infernorum
1016 3133 1132 3164 locum.
1155 3133 1197 3163 Et
1212 3132 1387 3164 declaratur
1401 3132 1435 3163 in
1453 3132 1562 3163 tribus.

557 3178 703 3210 Occurrit
727 3183 834 3208 autem
857 3178 962 3208 statim
981 3177 1033 3208 hic
1057 3176 1210 3208 dubium:
1240 3177 1316 3217 quia
1338 3185 1405 3207 non
1429 3182 1476 3207 est
1497 3175 1563 3207 suf-

502 3222 644 3254 ficienter
676 3221 808 3262 probata
841 3221 1006 3252 conclusio
1031 3230 1068 3252 ex
1091 3221 1190 3251 tribus
1221 3221 1300 3251 locis
1323 3219 1447 3251 inferni.
1479 3220 1563 3252 Nam

503 3267 593 3298 datur
617 3271 747 3306 quartus
773 3265 882 3301 locus,
907 3265 1026 3295 scilicet
1048 3265 1166 3295 limbus
1198 3273 1373 3305 puerorum
1406 3264 1463 3305 qui
1494 3265 1563 3296 sine

503 3311 612 3351 aliquo
634 3309 709 3340 fidei
732 3309 823 3349 signo
847 3308 1058 3339 decesserunt.
1083 3308 1116 3340 Si
1140 3318 1216 3348 ergo
1233 3308 1378 3340 Christus
1400 3307 1563 3339 descendit

503 3354 680 3385 secundum
704 3352 854 3383 effectum
876 3353 910 3382 in
932 3352 1116 3392 quemlibet,
1133 3357 1262 3393 oportet
1277 3358 1308 3383 et
1323 3351 1413 3393 quod
1435 3353 1468 3383 in
1491 3352 1563 3384 lim-

503 3398 581 3428 bum
604 3405 779 3438 puerorum
802 3396 941 3436 aliquem
966 3395 1114 3426 effectum
1137 3396 1298 3432 habuerit3
1329 3401 1360 3427 et
1383 3395 1473 3437 quod
1495 3396 1562 3427 Au—

505 3447 573 3471 ctor
597 3441 754 3475 defecerit,
779 3439 989 3480 relinquendo
1012 3440 1099 3470 hunc
1122 3445 1271 3480 quartum
1294 3440 1414 3470 locum.

557 3484 608 3515 Ad
631 3485 694 3515 hoc
726 3483 840 3514 dicitur
863 3482 972 3523 quod,
996 3484 1071 3522 quia
1102 3483 1162 3514 sub
1194 3483 1306 3514 ordine
1337 3483 1562 3515 damnatorum

1428 3527 1461 3562 ‘',
1487 3526 1561 3558 ideo

505 3573 598 3602 etiam
615 3572 737 3602 Auctor
753 3571 811 3600 sub
828 3569 952 3600 inferno
969 3569 1191 3600 damnatorum
1208 3570 1450 3610 comprehendit
1466 3571 1560 3601 etiam

1201 280 1465 328 QUAEsTio
1492 280 1576 325 Lu,

1592 1201 1775 1251 'quando‚
1795 1201 1883 1238 Noe
1911 1200 2050 1238 scilicet
2075 1201 2319 1250 praedicanti,
2341 1201 2488 1251 quando
2507 1193 2682 1251 mn
2732 1185 2735 1210 ”

1609 279 1903 318 ARTICULUS
1929 280 1960 316 ΙΙ

1609 358 1646 394 in
1676 358 1850 406 inferno.-
1871 369 1951 395 non
1979 357 2139 407 quidem
2166 365 2210 394 ut
2236 357 2454 395 incredulos
2472 357 2530 395 ad
2546 357 2669 400 fidem
2761 386 2773 409 22,

1609 417 1864 458 converteret,
1893 411 1960 448 secl
1995 416 2033 448 ut
2059 422 2189 447 eorum
2222 410 2487 459 infidelitatem
2500 411 2682 460 conficta-4>
2705 418 2709 421 ’
2732 422 2765 443 -.r

1610 469 1674 500 ret.
1703 462 1807 510 Quia
1833 471 1871 500 et
1897 462 1994 513 ipsa
2006 462 2257 512 praedicatio·
2265 462 2360 500 nihil
2386 462 2493 500 alind
2515 462 2670 512 intelligi

1609 522 1734 564 potest
1766 526 1888 565 quam
1914 515 2166 554 manifestatio
2202 515 2407 553 divinitatis
2438 515 2541 558 eius,
2569 526 2671 566 quae

1609 567 1847 605 manifestata
1882 575 1939 605 est
1969 567 2227 606 infernalibus
2240 578 2321 618 per
2355 559 2574 606 vit-mosum
2607 568 2671 606 da

1610 632 1791 658 scensum
1820 620 1960 658 Christi
1987 620 2038 658 ad
2065 620 2218 658 inferos.
2751 647 2767 674 ,Α

1663 673 1900 721 Augustinus
1925 681 2056 711 tamen
2083 673 2222 711 melius
2248 673 2417 723 exponit,
2436 673 2477 711 in
2499 651 2673 723 Epistola
2692 683 2697 686 ’

1610 726 1662 763 ad
1686 726 1871 764 Evodium
1889 725 1927 763 *z
1956 733 1999 763 ut
2026 726 2228 772 referatur,
2257 738 2338 764 non
2365 726 2415 764 ad
2441 726 2673 774 descensum
2691 737 2701 750 ⁴-
2732 743 2734 748 ⁸
2750 726 2756 748 ²

1613 778 1752 816 Christi
1779 778 1828 816 ad
1846 778 1998 826 inferos,
2019 779 2087 816 sed
2105 779 2155 816 ad
2181 778 2458 838 operationem
2468 778 2715 822 divinim

1611 831 1714 878 eius,
1743 843 1861 881 quam
1900 831 2070 869 exercuit
2093 844 2116 869 a
2143 831 2330 881 principio
2364 831 2513 870 mundi.
2551 832 2602 870 Ut
2627 830 2715 880 sit

1612 896 1747 922 sensus
1766 884 1874 934 quod
1892 885 1948 921 his
1975 886 2039 934 qui
2055 886 2092 922 in
2112 896 2265 922 carcere
2291 885 2457 924 conclusi
2480 890 2600 931 erant,
2608 868 2720 928 „vi-3}
2719 913 2731 926 ..-

1611 944 1744 975 ventes
1764 936 1930 974 scilicet
1921 949 1961 974 ιιι
1980 949 2142 986 corpore
2171 937 2332 983 mortali,
2353 937 2460 987 quod
2489 945 2544 974 est
2564 936 2727 994 quasi,

1612 990 1787 1051 quidam
1809 1001 1939 1027 carcer
1973 989 2143 1038 animae,
2177 991 2306 1040 spiritu
2343 1001 2436 1027 suae
2471 985 2722 1039 divinitatio?

1612 1045 1762 1081 veniens
1784 1042 2026 1092 praedicavit,
2045 1054 2116 1092 per
2142 1042 2309 1080 internas
2336 1042 2561 1103 inspiration
2686 1058 2690 1065 ’
2723 1047 2727 1053 “·

1614 1095 1728 1135 etiam
1756 1095 1959 1136 exteriores
1979 1094 2261 1138 admonitiones
2279 1104 2349 1146 per
2367 1105 2436 1133 ora
2462 1094 2522 1135 ius

1613 1149 1680 1195 his,
1709 1147 1882 1198 inquam,
1897 1148 2129 1198 praedicavit
2156 1149 2220 1198 qui
2236 1148 2419 1196 increduli
2423 1144 2572 1197 ficerap‘t
2597 1178 2611 1192 -.

1614 1257 1703 1292 bant
1720 1255 1794 1291 Dei
1803 1255 2035 1304 patientiam,
2054 1266 2125 1303 per
2143 1266 2263 1304 quarn
2281 1253 2529 1291 differebatur
2549 1264 2680 1304 poena

1614 1306 1759 1345 diluvii.
1789 1306 1902 1345 Unde
1930 1306 2074 1344 subdit:
2105 1308 2142 1344 in
2170 1307 2296 1344 diebus
2322 1307 2420 1355 Noe,
2448 1318 2534 1344 cum
2557 1306 2676 1355 fabri·-

1614 1366 1764 1398 caretur
1791 1372 1894 1397 arca.

1668 1414 1725 1450 An
1745 1424 1918 1455 Quantum
1932 1423 2114 1450 menmium
2133 1412 2240 1462 quod
2253 1414 2355 1450 sinus
2362 1413 2542 1451 Abrahae
2553 1418 2710 1462 potest
2716 1427 2749 1454 s

1615 1465 1833 1503 secundum
1869 1464 1949 1503 duo
1978 1464 2221 1503 considerari.
2258 1465 2348 1503 Uno
2376 1465 2516 1512 modo,
2544 1473 2707 1503 secun-
2710 1468 2758 1531 §342

1615 1519 1711 1556 dum
1749 1517 1918 1568 quietem
1954 1530 2055 1567 quae
2091 1517 2144 1555 ibi
2179 1526 2258 1556 erat
2284 1530 2307 1555 a
2334 1529 2462 1578 poena
2497 1515 2717 1556 sensibili.
2728 1557 2733 1566 ῃ

1616 1571 1664 1608 Ει
1691 1578 1882 1620 quantum
1901 1571 1950 1608 ad
1974 1571 2050 1608 hoc
2075 1582 2157 1608 non
2184 1570 2368 1620 competit
2384 1570 2420 1608 ei
2437 1581 2527 1638 net-3-⁴
2543 1587 2600 1601 .
2733 1571 2747 1589 -’

1615 1623 1768 1671 inferni,
1795 1635 1868 1660 nec
1895 1631 1984 1661 sunt
2011 1622 2064 1661 ibi
2090 1622 2208 1673 aliqui
2232 1623 2399 1661 dolores.
2441 1607 2627 1663 Aliam

1615 1683 1740 1726 potest
1766 1675 2000 1714 considerari
2027 1682 2217 1726 quantum
2244 1677 2295 1714 ad
2321 1674 2484 1726 privatio
2493 1672 2538 1722 sp

1616 1729 1694 1767 riae
1716 1736 1900 1779 speratae
1930 1729 1979 1767 Et
2005 1729 2220 1766 secundum
2249 1730 2326 1767 hoc
2351 1729 2487 1768 habet
2575 1759 2577 1761 .

1616 1782 1752 1820 inferni
1765 1790 1802 1819 et
1820 1782 1974 1820 doloris.
1995 1782 2045 1819 Et
2056 1781 2145 1820 ideo
2164 1793 2271 1819 nunc
2287 1779 2726 1827 dicitur-maha*

1615 1836 1688 1872 hae
1709 1834 1772 1872 illa
1790 1835 1942 1884 requies
1960 1835 2182 1872 beatorum.
2209 1846 2292 1872 non
2310 1842 2454 1872 tamen
2463 1833 2681 1884 &ctam
2731 1787 2760 1861 '33'

1615 1888 1762 1930 fernus,
1791 1899 1864 1924 nec
1890 1887 2072 1925 dicuntur
2087 1899 2194 1924 nunc
2220 1887 2260 1925 in
2287 1887 2374 1925 sinu
2393 1885 2581 1931 Abmhn'·
2596 1893 2686 1925 ean
2720 1898 2750 1936 ’ζΔ

1616 1931 1782 1977 dolores.
1896 1964 1898 1966 v
2417 1965 2421 1970 .
2456 1955 2489 1972 ¹
2521 1951 2564 1973 Ἀ
2570 1947 2646 1977 *1³²⁴
2653 1950 2676 1973 ἱ

1669 1995 1727 2030 Αι)
1765 2004 1925 2035 Qumrum
1961 2004 2150 2031 met-:unum
2177 1992 2304 2041 quod,
2339 1992 2441 2030 sicut
2461 1991 2739 2042 Gfflflfl‘s

1617 2045 1762 2083 ibidem
1780 2045 1800 2067 *
1827 2044 1928 2091 dicit,
1948 2046 2028 2095 ipsa
2054 2046 2251 2095 superiora
2274 2046 2358 2083 loca
2383 2046 2722 2096 insaniwffl'

1607 2098 1877 2147 fundissimum
1896 2099 2086 2146 infernum
2107 2113 2126 2132 »
2156 2103 2275 2136 vocat.
2305 2100 2346 2136 Si
2370 2101 2491 2146 enim,
2502 2098 2733 2148 mn

1617 2151 1669 2188 ad
1694 2150 1943 2188 celsitudinem
1968 2150 2074 2197 caeli,
2093 2163 2162 2188 aer
2179 2152 2244 2188 iste
2261 2151 2500 2201 caliginosus
2503 2150 2740 2200 &msss'

1618 2209 1688 2248 est;
1716 2209 1894 2253 quantum
1921 2203 1972 2240 ad
1997 2203 2159 2241 eiusdem
2186 2205 2286 2241 aeris
2306 2203 2561 2251 altitudinem,
2720 2202 2740 2214 ‘'

1619 2268 1714 2306 quae
1741 2257 1896 2305 inferius
1923 2258 2037 2302 iacet,
2066 2262 2100 2293 et
2126 2257 2297 2305 infernus
2332 2257 2520 2307 intelligi,
2526 2262 2594 2295 w
2633 2291 2635 2293 ,

1608 2310 1776 2358 sundum
1798 2314 1928 2359 potest.
1964 2310 2154 2352 Quantum
2179 2322 2270 2348 vero
2297 2309 2348 2347 ad
2373 2310 2687 2350 eiusdem‘am

1619 2363 1864 2409 altitudinem,
1890 2362 1954 2400 illa
1980 2362 2063 2400 loca
2092 2363 2233 2411 inferni
2258 2374 2354 2412 quae
2377 2363 2585 2413 superiora
2593 2362 2695 2407 ss

1618 2416 1700 2453 aliis
1735 2416 1972 2465 receptaculis
2006 2416 2166 2464 inferni,
2194 2417 2266 2453 hoc
2291 2415 2411 2453 modo
2430 2416 2685 2475 mmm

1609 2468 1830 2516 fundissimi
1854 2468 2100 2518 appellatione
2125 2469 2398 2519 significantur.
2524 2487 2558 2501 -ι

1674 2582 1699 2618 ζ)
1719 2583 1881 2608 illuminabo.
1899 2596 1919 2602 -
1937 2583 1983 2614 Ρις
2001 2582 2173 2616 illuminabit.

1618 2732 1780 2764 infernum
1791 2742 1984 2773 puerorum:
2001 2742 2151 2774 unusque
2163 2732 2296 2764 effectus
2307 2732 2368 2764 fuit
2379 2729 2694 2781 com-&3⁷
2709 2729 2718 2738 '
2730 2725 2749 2761 ’ἶ

1618 2777 1853 2818 bus‚qua1nvis
1876 2776 2098 2808 diversimode.
2123 2776 2291 2808 Confutati
2307 2777 2393 2809 enim
2414 2783 2621 2818 summ

1617 2821 1737 2851 malitia
1760 2826 1791 2852 et
1813 2820 2049 2852 incredulitate:
2081 2821 2137 2852 sed
2159 2821 2296 2853 infantes
2318 2821 2359 2853 de
2381 2820 2450 2853 sola
2474 2821 2604 2869 mahtin.

1616 2865 1729 2905 ginalis
1750 2865 1874 2906 peccati
1897 2870 1928 2896 et
1950 2865 2185 2903 incredulitate,
2210 2865 2286 2907 quia
2307 2874 2368 2897 nec
2390 2863 2520 2922 propria
2540 2863 2604 2899 nbc

1617 2914 1744 2940 rentum
1767 2907 1831 2940 fide
1853 2908 2107 2940 incredulitatem
2131 2915 2308 2941 evaserunt.

1672 2952 1820 2984 Secunda
1843 2953 2008 2984 conclusio
2025 2959 2085 2984 est:
2110 2954 2228 2985 Anima
2250 2953 2372 2986 Christi
2393 2953 2597 2990 desoendt't

1616 2997 1692 3028 dum
1723 2997 1934 3028 substantiam
1965 2997 2009 3029 ad
2038 2998 2145 3030 solum
2174 2998 2340 3040 inser-num
2363 2999 2528 3030 Pam
2539 2996 2715 3033 m

1617 3046 1715 3072 statur
1738 3041 1916 3082 dupliciter.
1942 3041 2061 3079 Primo,
2078 3051 2116 3073 ex
2139 3043 2363 3075 convenientia
2384 3051 2460 3075 cum
2482 3041 2601 3082 effectu

1616 3091 1652 3117 ut
1675 3085 1794 3116 scilicet
1816 3085 1953 3117 visitaret
1975 3085 2051 3117 loco
2067 3085 2246 3118 secundum
2268 3086 2408 3119 animam
2430 3095 2514 3129 quoa
2614 3124 2629 3127 ,.
2679 3114 2689 3127 ι

1616 3130 1747 3161 interius
1775 3129 1918 3160 satiando
1947 3129 2072 3161 deitate.
2095 3149 2119 3153 —
2141 3129 2308 3167 Secundo,
2333 3140 2378 3162 ex
2402 3125 2609 3162 similitudine
2683 3134 2704 3156 :³

1615 3174 1811 3215 passionem:
1836 3179 1873 3204 ut
1894 3175 1976 3205 sicut
1998 3174 2031 3205 in
2054 3183 2119 3205 una
2140 3180 2230 3215 parte
2246 3180 2358 3211 terrae,
2382 3179 2443 3206 etc.
2607 3169 2646 3189 ’ἃ

1671 3217 1722 3250 111.
1746 3217 1895 3249 Occurrit
1916 3218 1969 3249 hic
1991 3224 2099 3249 unum
2117 3217 2262 3250 dubium.
2295 3218 2382 3257 Quia
2405 3217 2536 3250 effectus
2560 3212 2718 3264 ΟΜ

1615 3262 1763 3313 patientis
1787 3271 1902 3293 omnes
1922 3268 1998 3293 sunt
2019 3261 2151 3294 effectus
2173 3271 2243 3296 non
2262 3262 2364 3294 solius
2386 3262 2520 3300 deitatis.
2538 3261 2611 3294 aed
2612 3246 2723 3297 &³⁵5

1616 3306 1775 3337 manitatis
1799 3306 1926 3338 Christi.
1949 3306 1991 3338 Et
2002 3306 2148 3338 similiter
2163 3305 2295 3345 effectus
2318 3306 2435 3343 Christi
2457 3301 2725 3350 descendemus

1616 3350 1656 3381 ad
1678 3349 1798 3382 inferos
1821 3349 1938 3382 debent
1961 3359 2029 3382 esse
2059 3359 2128 3382 non
2150 3349 2249 3385 solius
2271 3340 2405 3382 deitatis.
2438 3350 2475 3383 In
2496 3350 2614 3383 littera,

1615 3400 1681 3425 tem
1704 3395 1836 3435 ponitur
1851 3393 1982 3425 effectus
1997 3401 2081 3426 unus
2096 3393 2215 3426 infusio
2230 3391 2360 3426 luminis
2381 3399 2525 3426 aeternae
2546 3391 2643 3435 gio
2712 3422 2717 3431 ,,
2828 3411 2832 3439 ³

1616 3438 1751 3470 Constat
1774 3439 1860 3469 enirn
1891 3438 1998 3469 Deum
2021 3437 2204 3470 immediate
2225 3437 2394 3470 infundere
2415 3438 2527 3469 lumen
2556 3437 2676 3478 gloriae
2819 3443 2831 3471 .“

1616 3482 1792 3513 animabus,
1817 3482 1914 3523 Ergo.
2715 3485 2751 3502 ’ῑ
2815 3486 2817 3490 ’

1669 3525 1721 3557 Ad
1744 3527 1807 3558 hoc
1830 3525 1944 3557 dicitur
1966 3525 2056 3566 quod
2079 3526 2174 3557 etiam
2196 3526 2305 3566 ipsum
2319 3525 2430 3556 lumen
2452 3525 2572 3566 gloriae
2595 3533 2674 3556 con·
2727 3562 2730 3563 ⁷

1615 3570 1780 3610 sequimur
1803 3579 1841 3600 ex
1863 3569 1978 3601 virtute
2009 3569 2164 3610 passionis
2187 3568 2324 3605 Christi,
2349 3576 2431 3609 quae
2455 3577 2493 3599 ex
2516 3569 2580 3600 hoc
2601 3568 2674 3610 39⁸0
2752 3598 2757 3606 ,
