2872 3970
126 500 136 511 ⁸
150 500 174 521 1n
190 505 253 526 corp,
267 503 308 521 art.

140 2662 150 2671 ⁸
163 2661 199 2682 De
211 2660 267 2682 Fide
278 2660 346 2681 Orth.

139 2688 178 2708 lib.
194 2688 234 2709 111.
250 2693 300 2714 cap.
317 2693 347 2708 xi.

146 3135 156 3144 ⁸
170 3134 219 3155 Art.
238 3133 340 3161 praeced.

149 3349 158 3358 ¹
173 3348 201 3369 l).
219 3353 280 3374 1190.

364 249 413 285 42

418 317 458 347 Et
482 317 556 356 quia
579 316 702 345 Auctor
725 315 758 344 in
777 315 836 344 hac
852 313 1061 354 responsione
1078 312 1116 342 ad
1132 313 1261 342 tertium
1284 311 1427 350 loquitur

364 361 403 391 de
426 361 578 391 relatione
601 359 730 389 unionis
753 359 834 388 inter
857 363 1002 388 naturam
1017 357 1191 386 humanam
1208 361 1239 385 et
1256 363 1427 394 personam

364 405 434 434 Filii
458 405 534 439 Dei,
558 409 594 433 ut
618 402 699 432 clare
723 408 837 432 sonant
864 402 959 431 verba
979 401 1099 430 litterae
1124 399 1266 434 dicentis,
1292 399 1427 438 inquan-

364 453 429 478 tum
453 447 646 478 terminatur
672 446 715 476 ad
737 445 935 487 hypostasim
963 444 1124 475 divinam:
1146 461 1168 465 —
1183 452 1251 472 non
1275 442 1361 477 dixit,
1385 441 1428 472 ad

365 497 515 522 naturam
538 491 693 525 divinam,
718 496 753 520 ut
776 490 890 529 prius*
915 488 1042 523 dixerat,
1067 487 1122 517 sed
1145 486 1235 522 dixit,
1259 485 1302 516 ad
1325 486 1427 526 hypo-

363 536 473 566 stasim
503 535 661 565 divinam:
684 552 706 555 —
728 533 802 564 ideo
831 533 1093 563 coniunctionem
1117 530 1335 570 personalem,
1360 539 1426 566 seu,

365 579 454 619 quod
476 578 562 609 idem
586 584 641 614 est,
666 578 821 608 unitatem
845 576 1055 616 personalem,
1081 584 1118 605 ex
1134 579 1222 614 parte
1237 574 1364 604 termini
1380 583 1428 604 re-

365 624 490 654 lationis
520 623 649 653 unionis
679 622 797 661 posuit.
833 621 874 650 Et
903 619 1035 660 perinde
1057 619 1140 648 valet
1170 627 1206 648 ac
1229 619 1254 648 si
1283 617 1426 648 dixisset:

364 667 474 698 Homo
498 672 544 697 est
565 666 654 696 Deus
671 670 808 705 propter
831 665 981 694 unionem
1005 663 1194 703 inquantum
1219 662 1251 691 in
1269 661 1326 692 illa
1343 661 1429 692 inve-

365 711 455 742 nitur
476 710 649 741 secundum
673 719 740 739 rem
765 709 871 738 unitas
887 707 1073 747 personalis
1096 706 1224 736 divinae
1245 706 1430 746 hypostasis

365 765 436 786 cum
459 755 601 785 humana
626 758 755 783 natura.

419 799 459 829 Et
483 799 508 828 si
532 797 766 837 expositionem
782 795 821 826 ad
836 795 970 825 verbum
987 794 1154 830 desideras,
1179 793 1292 824 dicito:
1316 793 1428 824 Homo

364 847 411 873 est
432 843 521 872 Deus
542 846 679 881 propter
703 840 869 875 unionem,
894 839 957 868 hoc
981 844 1043 874 est,
1069 838 1257 868 relationem
1282 838 1428 874 unionis,

364 896 431 916 non
455 886 647 924 simpliciter,
672 883 727 914 sed
751 893 825 913 cum
848 884 907 913 ista
925 882 1111 912 conditione
1136 882 1323 922 explanante
1347 891 1429 921 quo-

363 929 463 960 modo
479 929 673 969 apponimus
688 927 721 968 ly
730 932 868 967 propter
883 926 922 956 ad
937 926 1125 956 relationem
1141 926 1281 961 unionis,
1299 926 1428 962 scilicet,

364 975 553 1014 inquantum
578 971 771 1002 terminatur
793 970 836 1001 ad
859 970 1058 1011 hypostasim
1081 970 1233 1000 divinam.
1267 970 1312 1000 Ita
1340 970 1430 1010 quod

363 1018 395 1058 ly
419 1017 607 1056 inquantum
631 1015 824 1045 terminatur
845 1014 888 1045 ad
910 1014 1109 1055 hypostasim
1133 1013 1282 1044 diminuit
1297 1014 1430 1044 causali-

363 1066 460 1091 tatem
483 1060 660 1090 relationis:
685 1060 787 1089 immo
811 1058 922 1089 adimit
945 1058 1161 1089 causalitatem
1185 1068 1203 1088 a
1218 1058 1381 1094 relatione,
1399 1064 1430 1089 et

362 1103 507 1135 transfert
530 1103 746 1133 causalitatem
761 1103 849 1133 illam
873 1102 912 1132 ad
934 1103 1118 1133 terminum.
1143 1102 1232 1133 Sicut
1251 1102 1338 1132 enim
1354 1112 1430 1132 cum

363 1149 498 1179 dicimus
530 1147 620 1187 quod
642 1147 855 1187 generationis
878 1152 1003 1182 motus,
1026 1147 1220 1186 inquantum
1243 1146 1430 1177 terminatur

363 1192 403 1223 ad
418 1192 635 1227 substantiam,
660 1197 707 1221 est
721 1192 755 1221 in
770 1200 886 1231 genere
902 1191 1105 1226 substantiae,
1128 1190 1324 1221 intendimus
1340 1190 1430 1230 quod

363 1237 525 1277 generatio
550 1236 672 1266 ratione
694 1235 822 1266 termini
845 1235 973 1266 sortitur
997 1240 1028 1265 et
1051 1233 1103 1264 dat
1124 1244 1192 1265 esse
1208 1234 1428 1265 substantiale:

363 1282 406 1311 ita
431 1280 509 1310 dum
525 1279 639 1310 dicitur
659 1279 748 1320 quod
764 1279 873 1310 relatio
890 1279 1019 1309 unionis
1035 1279 1228 1319 inquantum
1243 1279 1431 1309 terminatur

365 1324 404 1355 ad
427 1325 623 1365 hypostasim
643 1323 792 1359 divinam,
816 1323 879 1354 hoc
897 1328 952 1359 est,
969 1323 1092 1353 ratione
1110 1323 1288 1363 hypostasis
1305 1322 1430 1353 divinae

365 1368 404 1400 ad
420 1378 518 1408 quam
533 1369 728 1403 terminatur,
746 1367 799 1398 dat
815 1366 904 1407 quod
919 1367 1020 1397 homo
1033 1372 1079 1397 est
1091 1367 1188 1397 Deus.
1205 1367 1247 1397 Et
1262 1372 1309 1397 est
1324 1376 1429 1397 sermo

366 1412 405 1443 de
428 1413 591 1452 hypostasi
615 1411 720 1442 divina
748 1421 815 1441 non
839 1411 1117 1450 qualitercumque
1140 1421 1174 1441 se
1196 1411 1350 1447 habente,
1375 1411 1431 1441 sed

365 1457 554 1487 terminante
585 1457 618 1486 in
648 1465 754 1486 return
784 1460 896 1485 natura
925 1455 1114 1485 relationem
1144 1455 1274 1485 unionis
1300 1460 1432 1485 naturae

1064 231 1327 279 QUAESTIO
1357 232 1405 278 11,
1442 230 1735 267 ARTICULUS
1763 230 1844 267 VIII

1482 311 1641 340 humanae
1664 309 1704 339 ad
1726 310 1846 349 ipsam:
1871 310 2049 350 hypostasis
2073 309 2232 350 siquidem
2249 309 2354 340 divina
2377 310 2549 340 terminans

1482 354 1670 384 relationem
1693 353 1811 384 realem
1826 354 1956 384 unionis
1975 353 2015 384 ad
2029 354 2141 394 ipsam,
2166 359 2213 384 est
2232 354 2411 394 hypostasis
2432 353 2548 389 divina,

1482 403 1518 427 ut
1541 397 1663 428 dictum
1687 402 1749 433 est,
1780 407 1848 428 non
1876 398 2154 438 qualitercumque
2184 407 2217 428 se
2240 397 2377 433 habens,
2406 397 2462 428 sed
2484 407 2550 428 una

1481 441 1690 481 personaliter
1713 450 1788 471 curn
1811 442 1952 472 humana
1974 447 2095 472 natura.
2132 442 2267 472 Constat
2289 447 2397 472 autem
2421 441 2549 472 eviden-

1481 486 1601 515 tissime
1625 484 1714 525 quod
1737 485 1860 515 ratione
1878 485 1948 516 talis
1966 486 2093 516 termini
2116 486 2217 516 homo
2234 491 2280 515 est
2299 485 2397 516 Deus.
2421 486 2470 516 Ac
2493 494 2550 526 per

1482 529 1555 565 hoc,
1573 529 1696 559 admitti
1719 529 1826 569 potuit
1849 529 1938 569 quod
1961 530 2071 560 relatio
2095 530 2225 560 unionis
2251 530 2374 560 ratione
2397 529 2465 560 talis
2488 535 2550 560 ter-

1482 573 1561 603 mini
1585 572 1638 603 dat
1661 572 1751 613 quod
1773 573 1875 603 homo
1892 579 1939 604 est
1955 574 2052 604 Deus.
2077 574 2118 604 Et
2138 579 2374 613 consequenter
2394 572 2456 604 dici
2476 582 2550 604 vere

1482 617 1588 657 potuit
1619 617 1708 657 quod
1729 617 1820 647 Deus
1843 621 1890 648 est
1911 617 2006 648 homo
2024 623 2162 658 propter
2185 618 2336 648 unionem
2360 617 2550 658 inquantum

1483 661 1677 692 terminatur
1699 660 1742 691 ad
1764 661 1906 691 divinam
1928 661 2139 702 hypostasim.

1537 705 1591 735 Vl.
1615 705 1667 735 Ad
1690 706 1827 745 primam
1849 706 1946 745 igitur
1968 706 2185 736 obiectionem
2201 706 2218 722 ⁴*
2241 705 2357 736 dicitur
2380 704 2471 745 quod
2493 703 2550 736 fal-

1482 759 1555 780 sum
1578 749 1749 789 supponit:
1774 748 1865 789 quod
1887 749 2007 780 scilicet
2029 749 2104 780 ideo
2123 750 2224 780 homo
2247 755 2379 790 propter
2393 750 2550 780 unionem

1482 794 1521 824 sit
1544 793 1649 829 Deus,
1674 793 1749 833 quia
1771 802 1884 823 verum
1907 798 1969 829 est,
1993 794 2028 824 in
2051 795 2219 824 communi
2241 793 2423 834 loquendo,
2447 801 2551 824 unum

1483 843 1662 868 extremum
1684 837 1815 867 unionis
1839 846 1907 867 esse
1930 837 2092 878 reliquum
2115 839 2191 878 quia
2205 838 2286 868 unio
2301 838 2489 868 terminatur
2512 836 2552 868 ad

1482 882 1653 922 reliquum.
1678 881 1771 911 Hanc
1792 882 1878 911 enim
1900 881 2112 912 universalem
2135 891 2196 912 nec
2212 882 2453 912 somniavimus.
2477 880 2550 917 Sed,

1483 932 1518 956 ut
1541 925 1735 956 declaratum
1760 931 1823 961 est,
1855 924 2006 956 fundatur
2028 925 2142 956 veritas
2166 925 2240 956 dicti
2269 926 2304 956 in
2326 926 2429 956 littera
2455 934 2551 965 super

1483 971 1563 1006 hoc,
1594 970 1670 1010 quia
1693 970 1756 999 hoc
1780 974 1958 1000 extremum
1982 970 2112 1000 unionis
2134 970 2231 1000 huius
2255 974 2302 1000 est
2323 969 2403 1006 tale,
2430 969 2552 1000 scilicet

1483 1014 1662 1055 hypostasis
1693 1013 1799 1043 divina
1827 1022 1893 1043 una
1922 1008 2131 1053 personaliter
2149 1022 2235 1044 cum
2263 1018 2375 1044 natura
2400 1013 2551 1044 humana.

1538 1057 1590 1088 Ad
1613 1057 1787 1088 secundam
1811 1066 1945 1097 quoque
1967 1056 2082 1088 dicitur
2105 1057 2195 1098 quod
2217 1058 2318 1088 homo
2335 1062 2382 1087 est
2397 1057 2485 1087 Deus
2502 1065 2553 1088 se—

2578 711 2587 720 ·
2601 709 2672 732 Num.
2688 716 2719 732 iv.

1484 1101 1628 1133 cundum
1651 1102 1869 1132 substantiam.
1894 1101 1972 1132 Esse
1995 1110 2136 1141 namque
2155 1101 2272 1137 Deum,
2297 1099 2387 1141 quod
2405 1109 2552 1131 commu—
2588 1127 2590 1130 ,

1483 1147 1607 1177 nicatur
1629 1146 1765 1182 homini,
1788 1155 1857 1176 non
1880 1150 1928 1176 est
1950 1155 2019 1176 esse
2041 1145 2219 1181 relativum,
2243 1144 2299 1176 sed
2314 1146 2348 1176 in
2363 1154 2481 1185 genere
2495 1154 2554 1176 seu

1484 1190 1596 1221 ordine
1619 1190 1823 1220 substantiae.
1847 1189 1889 1220 Et
1911 1190 2058 1230 quamvis
2082 1199 2150 1220 esse
2173 1188 2304 1230 aliquid,
2328 1190 2362 1219 in
2385 1189 2554 1220 communi

1483 1234 1668 1275 loquendo,
1698 1239 1830 1274 propter
1855 1234 2029 1264 terminum
2052 1233 2213 1264 relationis
2239 1233 2398 1273 praecise,
2423 1233 2463 1264 sit
2485 1242 2554 1264 esse

1483 1279 1667 1315 relativum
1693 1287 1761 1308 esse
1784 1283 1891 1308 tamen
1910 1277 2031 1318 aliquid
2049 1278 2172 1308 ratione
2187 1277 2257 1308 talis
2273 1277 2410 1313 termini,
2434 1277 2555 1311 scilicet

1484 1332 1641 1363 personae
1664 1322 1790 1353 divinae
1812 1322 1908 1352 unius
1930 1322 2139 1362 personaliter
2162 1331 2238 1352 cum
2259 1327 2372 1352 natura
2395 1321 2552 1358 humana,

1485 1377 1553 1398 non
1576 1372 1623 1397 est
1646 1376 1714 1397 esse
1736 1366 1914 1402 relativum,
1938 1365 1994 1397 sed
2017 1375 2085 1396 esse
2109 1365 2263 1396 divinum.

1541 1411 1582 1441 Et
1604 1411 1649 1441 sic
1672 1416 1760 1450 patet
1783 1409 1888 1450 quod,
1913 1419 1981 1440 non
2005 1409 2227 1450 extorquendo
2250 1410 2405 1446 litteram,
2435 1408 2491 1440 s'ed
2514 1409 2554 1440 de

1485 1455 1608 1485 unione
1632 1454 1741 1495 quoad
1763 1454 1952 1485 relationem
1975 1453 2152 1494 loquendo,
2175 1463 2250 1484 vera
2273 1459 2319 1484 est
2342 1453 2453 1484 littera.

1149 1636 1469 1680 ARTICULUS
1499 1638 1774 1681 OCTAVUS

998 1748 1155 1779 UTRUM
1179 1748 1287 1778 IDEM
1311 1747 1378 1779 SIT
1402 1748 1508 1779 UNIO
1534 1748 1658 1787 QUOD
1682 1748 1927 1780 ASSUMPTIO

1172 1851 1203 1876 111
1224 1852 1307 1883 Sent.,
1328 1852 1386 1877 dist.
1404 1860 1429 1883 V,
1449 1860 1494 1885 qu.
1512 1859 1530 1883 1,
1549 1857 1596 1878 art.
1617 1859 1640 1882 ι,
1660 1852 1710 1885 qu*
1730 1852 1754 1878 3.

421 1985 463 2018 :‘
488 1991 537 2019 μί-
579 1978 602 2002 D
623 1976 794 2002 OCTAVUM
814 1976 864 2000 sm
886 1974 1121 2000 PROOEmTUR.
1142 1962 1303 1999 Videtur
1326 1962 1433 2011 quod

509 2019 555 2066 ’ἢ
581 2018 684 2055 idern
705 2017 750 2054 sit
776 2016 870 2053 unio
891 2016 998 2065 quod
1018 2015 1241 2064 assumptio.
1271 2015 1435 2052 Relatio-

581 2083 650 2108 nes
679 2070 794 2116 enim,
818 2069 914 2106 sicut
941 2076 977 2105 et
1004 2076 1146 2114 motuS,
1167 2067 1436 2116 specificantur

371 2178 501 2215 minus
521 2175 793 2226 assumptionis
822 2183 857 2212 et
875 2174 1042 2220 unionis,
1063 2173 1201 2211 scilicet
1220 2173 1351 2210 divina
1370 2174 1437 2223 hy-

371 2230 543 2280 postasis.
574 2231 675 2278 Ergo
709 2229 860 2266 videtur
887 2228 994 2277 quod
1030 2239 1110 2264 non
1139 2226 1316 2264 differant
1343 2226 1437 2263 unio

372 2292 408 2321 et
436 2283 659 2332 assumptio.

428 2349 462 2373 2.
493 2337 732 2380 PRAETEREA‚
758 2334 796 2371 in
825 2332 1007 2384 mysterio
1036 2332 1306 2370 incarnationis
1334 2332 1440 2369 idem

372 2389 524 2426 videtur
552 2401 632 2425 esse
661 2387 799 2425 uniens
828 2395 864 2424 et
891 2398 1111 2433 assumen8‚
1139 2385 1292 2422 unitum
1321 2393 1356 2423 et
1385 2398 1439 2422 as-

374 2450 585 2491 sumptum.
617 2441 693 2478 Sed
713 2440 807 2477 unio
827 2447 863 2477 et
891 2439 1103 2488 assumptio
1123 2438 1303 2476 videntur
1331 2438 1440 2488 sequi

374 2495 564 2532 actionem
592 2502 628 2531 et
656 2493 877 2543 passionem
905 2492 1070 2529 unientis
1098 2499 1134 2529 et
1161 2491 1268 2538 uniti,
1295 2493 1358 2528 vel
1386 2504 1440 2528 as-

375 2547 560 2585 sumentis
597 2555 633 2585 et
661 2545 858 2595 assumpti.
898 2546 1000 2593 Ergo
1029 2544 1180 2582 videtur
1217 2545 1321 2581 idem
1359 2557 1440 2582 esse

375 2601 468 2638 unio
497 2601 605 2650 quod
634 2599 857 2648 assumptio.

432 2655 465 2691 3.
495 2655 729 2700 PRAETEREA,
749 2653 1015 2689 Damascenus
1034 2650 1134 2697 dicit,
1155 2650 1193 2687 in
1213 2652 1258 2687 III
1286 2650 1382 2688 libro
1402 2650 1439 2687 *t

375 2707 489 2744 Aliud
506 2712 556 2743 est
584 2708 684 2752 unio,
705 2705 808 2742 aliud
834 2706 1053 2742 incarnatio.
1082 2705 1187 2741 Nam
1207 2706 1295 2741 unio
1322 2704 1442 2741 solam

377 2761 600 2797 demonstrat
619 2759 913 2808 copulationem.-
941 2758 991 2794 ad
1014 2757 1102 2807 quid
1116 2763 1237 2794 autem
1247 2757 1357 2804 facta
1379 2763 1440 2803 est,

378 2826 452 2850 non
473 2813 603 2849 adhuc.
632 2813 850 2849 Incarnatio
870 2817 993 2847 autem
1021 2816 1054 2846 et
1083 2811 1301 2847 humanatio
1330 2810 1443 2846 deter-

379 2867 521 2902 minant
535 2866 585 2902 ad
597 2877 706 2914 quem
720 2866 763 2901 sit
772 2865 882 2912 facta
897 2864 1092 2913 copulatio.
1114 2863 1190 2900 Sed
1206 2862 1374 2900 similiter
1388 2875 1443 2900 as-

381 2918 548 2967 sumptio
568 2930 647 2954 non
669 2916 895 2954 determinat
920 2917 969 2953 ad
989 2928 1108 2966 quem
1135 2916 1232 2953 facta
1256 2915 1301 2952 sit
1326 2928 1443 2965 copu-

381 2971 479 3007 latio.
510 2972 611 3018 Ergo
630 2970 781 3007 videtur
799 2970 903 3007 idem
923 2982 1004 3006 esse
1030 2968 1125 3006 unio
1154 2976 1189 3005 et
1217 2968 1441 3018 assumptio.

435 3024 507 3061 SED
540 3035 684 3061 CONTRA
722 3035 786 3060 EST
824 3023 931 3071 quod
968 3022 1099 3059 divina
1136 3030 1272 3059 natura
1308 3021 1444 3059 dicitur

382 3076 498 3123 unita,
518 3088 598 3113 non
627 3083 756 3112 autem
785 3083 991 3124 assumpta.
1426 3080 1429 3081 ’

435 3131 659 3166 ΒΕΞΡοΝῡι-ῑο
688 3140 869 3164 DICENDUM
898 3128 1016 3176 quod,
1042 3127 1137 3165 sicut
1165 3127 1310 3165 dictum
1339 3135 1394 3165 est
1411 3127 1443 3175 ³¹⁸,

383 3181 477 3218 unio
497 3181 677 3229 importat
695 3179 919 3216 relationem
935 3185 952 3201 α
971 3180 1123 3217 divinae
1143 3189 1300 3218 naturae
1320 3189 1356 3218 et
1375 3182 1444 3217 hu-

385 3246 522 3271 manae
550 3233 765 3270 secundum
794 3232 901 3280 quod
930 3233 1165 3270 conveniunt
1191 3233 1229 3270 in
1257 3246 1336 3271 una
1363 3245 1445 3283 per-

386 3299 491 3324 sona.
522 3285 661 3323 Omnis
689 3292 818 3321 autem
847 3284 976 3321 relatio
1005 3297 1103 3333 quae
1131 3285 1261 3335 incipit
1289 3299 1370 3324 esse
1399 3299 1445 3323 ex

387 3347 571 3388 tempore,
592 3351 638 3375 ex
657 3337 783 3386 aliqua
802 3336 1012 3374 mutatione
1032 3346 1209 3374 causatur
1222 3339 1252 3375 ²¹⁶.
1283 3339 1445 3376 Mutatio

1488 1962 1698 1999 dicendum
1727 1970 1782 1999 est
1801 1963 1908 2012 quod
1936 1962 2062 2012 prima
2089 1971 2124 1999 et
2143 1961 2362 2012 principalis
2381 1962 2559 2001 differen-

1488 2015 1539 2052 tia
1558 2015 1656 2052 inter
1674 2015 1862 2053 unionem
1882 2023 1918 2052 et
1936 2015 2241 2065 assumptionem
2261 2022 2316 2052 est
2335 2015 2443 2064 quod
2461 2014 2556 2052 unio

1489 2068 1670 2117 importat
1711 2068 1835 2117 ipsam
1877 2068 2124 2105 relationem:
2172 2067 2385 2117 assumptio
2427 2074 2557 2106 autem

1490 2121 1682 2158 actionem
1716 2121 1933 2158 secundum
1965 2133 2084 2171 quam
2116 2119 2254 2158 dicitur
2285 2120 2421 2170 aliquis
2453 2132 2556 2158 assu-

1491 2185 1620 2220 mens,
1655 2175 1718 2211 vel
1751 2173 1974 2223 passionem
2010 2173 2227 2211 secundum
2264 2185 2384 2223 quam
2420 2172 2558 2213 dicitur

1491 2226 1635 2275 aliquid
1663 2235 1918 2276 assumptum.

1546 2280 1604 2316 Ex
1624 2280 1697 2316 hac
1715 2287 1843 2317 autem
1865 2279 2080 2317 differentia
2099 2278 2282 2329 accipitur
2295 2279 2467 2317 secundo
2485 2278 2560 2316 alia

1493 2332 1716 2370 differentia.
1746 2334 1851 2370 Nam
1870 2332 2083 2382 assumptio
2102 2332 2238 2370 dicitur
2265 2331 2361 2369 sicut
2387 2331 2427 2369 in
2454 2330 2556 2370 fieri:

1494 2385 1587 2422 unio
1617 2393 1747 2423 autern
1775 2385 1872 2422 sicut
1898 2385 1939 2422 in
1966 2386 2064 2423 facto
2093 2397 2186 2423 esse.
2225 2385 2273 2422 Et
2300 2384 2388 2422 ideo
2420 2383 2558 2422 uniens

1493 2438 1631 2476 dicitur
1659 2451 1740 2475 esse
1769 2438 1942 2482 unitum:
1977 2450 2177 2476 assumens
2204 2445 2334 2475 autem
2362 2449 2443 2474 non
2471 2437 2559 2476 dici-

1494 2499 1555 2528 tur
1583 2504 1665 2529 esse
1693 2499 1949 2541 assumptum.
1987 2492 2136 2529 Natura
2173 2490 2277 2528 enim
2313 2491 2487 2528 humana
2514 2489 2559 2528 si-

1494 2544 1696 2593 gnificatur
1722 2553 1765 2582 ut
1791 2544 1830 2581 in
1858 2544 2023 2581 termino
2061 2543 2333 2593 assumptionis
2361 2543 2410 2580 ad
2438 2544 2560 2593 hypo-

1495 2597 1626 2635 stasim
1650 2597 1823 2635 divinam
1844 2609 1914 2646 per
1932 2598 2008 2634 hoc
2027 2597 2134 2646 quod
2148 2596 2285 2634 dicitur
2303 2598 2436 2634 homo.-
2454 2596 2559 2634 unde

1494 2663 1586 2688 vere
1613 2650 1777 2688 dicimus
1797 2650 1904 2699 quod
1923 2649 2041 2687 Filius
2059 2649 2143 2696 Dei,
2164 2649 2231 2699 qui
2251 2657 2305 2686 est
2332 2649 2470 2687 uniens
2489 2647 2567 2687 sibi

1496 2705 1711 2740 humanam
1739 2711 1930 2750 naturam,
1951 2710 2005 2739 est
2033 2703 2167 2739 homo.
2198 2703 2275 2740 Sed
2295 2703 2470 2740 humana
2495 2713 2566 2751 naq¹>

1495 2765 1580 2794 tura
1607 2756 1646 2793 in
1675 2769 1715 2793 se
1743 2755 1991 2802 considerata,
2012 2755 2108 2793 idest
2134 2751 2175 2792 in
2201 2755 2402 2802 abstracto,
2422 2747 2586 2803 signifi··.

1496 2817 1603 2847 catur
1621 2817 1663 2846 ut
1690 2817 1905 2858 assumpta:
1935 2821 2015 2846 non
2035 2815 2165 2845 autem
2184 2808 2348 2846 dicimus
2374 2807 2483 2858 quod
2501 2806 2561 2845 Fi-

1495 2863 1568 2900 lius
1596 2861 1668 2899 Dei
1696 2862 1743 2899 sit
1770 2862 1943 2899 humana
1970 2869 2116 2898 natura.
2425 2874 2430 2880 ·

1550 2916 1609 2952 Ex
1637 2913 1811 2952 eodem?³
1839 2914 1954 2952 etiarn
1989 2914 2160 2964 sequitur
2187 2913 2294 2951 tertia
2325 2910 2556 2951 differentia:

1497 2968 1605 3018 quod
1633 2967 1775 3014 relatio,
1795 2967 2000 3017 praecipue
2029 2966 2350 3018 aequiparandae,
2373 2977 2454 3003 non
2480 2976 2559 3003 tna-
2603 2999 2607 3004 ,

1496 3021 1551 3070 gis
1580 3034 1620 3058 se
1639 3020 1754 3058 habet
1772 3021 1821 3057 ad
1840 3032 1966 3057 unum
1985 3028 2200 3057 extremum
2219 3030 2339 3069 quam
2365 3017 2414 3056 ad
2433 3017 2557 3063 aliud;

1497 3074 1594 3112 actio
1623 3082 1752 3111 autern
1781 3081 1817 3110 et
1843 3073 1970 3123 passio
1996 3073 2254 3110 diversimode
2282 3083 2322 3109 se
2349 3070 2491 3108 habent
2509 3070 2559 3108 ad

1497 3139 1612 3176 agens
1631 3134 1668 3164 et
1692 3125 1850 3176 patiens,
1871 3133 1908 3164 et
1926 3126 1974 3164 ad
1993 3125 2166 3164 diversos
2182 3123 2376 3162 terminos.
2404 3123 2452 3160 Et
2469 3122 2559 3160 ideo

1498 3179 1709 3229 assumptio
1738 3179 1964 3217 determinat
1990 3178 2198 3216 terminum
2225 3183 2263 3214 et
2288 3187 2311 3213 a
2338 3186 2418 3226 quo
2445 3183 2483 3212 et
2509 3176 2559 3213 ad

1499 3245 1629 3283 quem,
1659 3232 1795 3269 dicitur
1822 3231 1927 3270 enim
1954 3229 2164 3280 assumptio
2197 3228 2306 3279 quasi
2334 3230 2381 3266 ab
2408 3228 2482 3266 alio
2510 3229 2562 3266 ad

1498 3299 1537 3323 se
1563 3287 1745 3336 sumptio.-
1771 3284 1865 3322 unio
1885 3292 2015 3322 autem
2042 3283 2136 3321 nihil
2158 3283 2301 3319 horum
2319 3280 2556 3319 determinat.

1500 3339 1612 3377 Unde
1640 3338 1899 3376 indifferenter
1925 3337 2061 3374 dicitur
2090 3334 2197 3385 quod
2224 3335 2397 3372 humana
2423 3341 2559 3371 natura

388 3399 515 3429 autem
545 3390 711 3428 consistit
730 3390 769 3426 in
798 3389 945 3426 actione
965 3397 1001 3426 et
1028 3390 1216 3438 passione.
1248 3391 1310 3428 Sic
1335 3392 1448 3439 igitur
1501 3400 1556 3429 est
1584 3391 1690 3429 unita
1713 3390 1876 3438 divinae,
1897 3397 1933 3427 et
1960 3402 1981 3427 e
2000 3399 2200 3426 converso.
2229 3387 2322 3425 Non
2349 3394 2479 3424 autem
2506 3386 2563 3424 di-·

443 3530 470 3563 α)
489 3530 652 3556 relatIonem.
665 3544 683 3549 -
702 3530 837 3562 quandam
857 3529 926 3554 addit
944 3529 1025 3554 tertia.

1558 3528 1584 3563 β)
1602 3530 1703 3556 eodem.
1719 3545 1739 3549 -
1756 3530 1848 3555 eadem
1867 3529 1895 3555 P.
1914 3528 1964 3554 Pro
1981 3527 2071 3557 etiam,
2089 3529 2187 3556 autem,
2206 3525 2322 3556 BDFHb.
2341 3526 2410 3551 enim
2429 3525 2447 3551 1.
