<?xml version="1.0" encoding="UTF-8"?>
<!DOCTYPE html PUBLIC "-//W3C//DTD XHTML 1.0 Transitional//EN"
    "http://www.w3.org/TR/xhtml1/DTD/xhtml1-transitional.dtd">
<html xmlns="http://www.w3.org/1999/xhtml" xml:lang="en" lang="en">
 <head>
  <title>
</title>
<meta http-equiv="Content-Type" content="text/html;charset=utf-8" />
  <meta name='ocr-system' content='tesseract 3.04.00' />
  <meta name='ocr-capabilities' content='ocr_page ocr_carea ocr_par ocr_line ocrx_word'/>
</head>
<body>
  <div class='ocr_page' id='page_1' title='image "./operaomniaiussui11thom_0095.png"; bbox 0 0 2872 3970; ppageno 0'>
   <div class='ocr_carea' id='block_1_1' title="bbox 26 2124 163 2147">
    <p class='ocr_par' dir='ltr' id='par_1_1' title="bbox 26 2124 163 2147">
     <span class='ocr_line' id='line_1_1' title="bbox 26 2124 163 2147; baseline 0 0"><span class='ocrx_word' id='word_1_1' title='bbox 26 2125 42 2135; x_wconf 79' lang='lat'>⁴</span> <span class='ocrx_word' id='word_1_2' title='bbox 55 2124 125 2147; x_wconf 82' lang='lat' dir='ltr'>Num.</span> <span class='ocrx_word' id='word_1_3' title='bbox 141 2131 163 2147; x_wconf 88' lang='lat' dir='ltr'>x.</span> 
     </span>
    </p>
   </div>
   <div class='ocr_carea' id='block_1_2' title="bbox 0 3409 27 3970">
    <p class='ocr_par' dir='ltr' id='par_1_2' title="bbox 0 3409 27 3970">
     <span class='ocr_line' id='line_1_2' title="bbox 0 3409 27 3970; baseline 0 0"><span class='ocrx_word' id='word_1_4' title='bbox 0 3409 27 3970; x_wconf 95' lang='lat' dir='ltr'> </span> 
     </span>
    </p>
   </div>
   <div class='ocr_carea' id='block_1_3' title="bbox 1001 242 2456 294">
    <p class='ocr_par' dir='ltr' id='par_1_3' title="bbox 1001 242 2456 294">
     <span class='ocr_line' id='line_1_3' title="bbox 1001 242 2456 294; baseline 0.001 -14"><span class='ocrx_word' id='word_1_5' title='bbox 1001 243 1264 289; x_wconf 89' lang='lat' dir='ltr'>QUAESTIO</span> <span class='ocrx_word' id='word_1_6' title='bbox 1294 243 1342 290; x_wconf 88' lang='lat' dir='ltr'>II,</span> <span class='ocrx_word' id='word_1_7' title='bbox 1372 242 1663 281; x_wconf 90' lang='lat' dir='ltr'>ARTICULUS</span> <span class='ocrx_word' id='word_1_8' title='bbox 1692 245 1742 281; x_wconf 93' lang='lat' dir='ltr'>VI</span> <span class='ocrx_word' id='word_1_9' title='bbox 2408 246 2456 294; x_wconf 86' lang='lat'>39</span> 
     </span>
    </p>
   </div>
   <div class='ocr_carea' id='block_1_4' title="bbox 264 320 1340 3611">
    <p class='ocr_par' dir='ltr' id='par_1_4' title="bbox 272 320 1340 966">
     <span class='ocr_line' id='line_1_4' title="bbox 277 320 1340 362; baseline -0.001 -10"><span class='ocrx_word' id='word_1_10' title='bbox 277 321 428 362; x_wconf 82' lang='lat' dir='ltr'>distingui</span> <span class='ocrx_word' id='word_1_11' title='bbox 457 321 692 361; x_wconf 87' lang='lat' dir='ltr'>suppositaliter</span> <span class='ocrx_word' id='word_1_12' title='bbox 714 320 892 351; x_wconf 89' lang='lat' dir='ltr'>secundum</span> <span class='ocrx_word' id='word_1_13' title='bbox 914 321 1094 354; x_wconf 80' lang='lat' dir='ltr'>veritatem,</span> <span class='ocrx_word' id='word_1_14' title='bbox 1119 322 1264 361; x_wconf 91' lang='lat' dir='ltr'>quamvis</span> <span class='ocrx_word' id='word_1_15' title='bbox 1292 331 1340 351; x_wconf 91' lang='lat' dir='ltr'>se-</span> 
     </span>
     <span class='ocr_line' id='line_1_5' title="bbox 277 365 1339 405; baseline -0.001 -9"><span class='ocrx_word' id='word_1_16' title='bbox 277 365 420 396; x_wconf 90' lang='lat' dir='ltr'>cundum</span> <span class='ocrx_word' id='word_1_17' title='bbox 443 366 660 405; x_wconf 86' lang='lat' dir='ltr'>apparentiam</span> <span class='ocrx_word' id='word_1_18' title='bbox 683 374 786 395; x_wconf 89' lang='lat' dir='ltr'>unum</span> <span class='ocrx_word' id='word_1_19' title='bbox 813 370 962 405; x_wconf 83' lang='lat' dir='ltr'>appareat</span> <span class='ocrx_word' id='word_1_20' title='bbox 984 366 1190 405; x_wconf 89' lang='lat' dir='ltr'>suppositum</span> <span class='ocrx_word' id='word_1_21' title='bbox 1210 366 1339 395; x_wconf 85' lang='lat' dir='ltr'>arboris.</span> 
     </span>
     <span class='ocr_line' id='line_1_6' title="bbox 276 409 1340 448; baseline -0.001 -8"><span class='ocrx_word' id='word_1_22' title='bbox 276 409 382 440; x_wconf 91' lang='lat' dir='ltr'>Habet</span> <span class='ocrx_word' id='word_1_23' title='bbox 404 410 490 440; x_wconf 90' lang='lat' dir='ltr'>enim</span> <span class='ocrx_word' id='word_1_24' title='bbox 513 419 547 440; x_wconf 89' lang='lat' dir='ltr'>se</span> <span class='ocrx_word' id='word_1_25' title='bbox 563 410 655 439; x_wconf 91' lang='lat' dir='ltr'>arbor</span> <span class='ocrx_word' id='word_1_26' title='bbox 670 409 845 448; x_wconf 90' lang='lat' dir='ltr'>suscipiens</span> <span class='ocrx_word' id='word_1_27' title='bbox 868 409 1051 439; x_wconf 89' lang='lat' dir='ltr'>insitionem</span> <span class='ocrx_word' id='word_1_28' title='bbox 1068 410 1158 448; x_wconf 91' lang='lat' dir='ltr'>quasi</span> <span class='ocrx_word' id='word_1_29' title='bbox 1177 415 1267 445; x_wconf 91' lang='lat' dir='ltr'>terra,</span> <span class='ocrx_word' id='word_1_30' title='bbox 1285 409 1340 439; x_wconf 91' lang='lat' dir='ltr'>ali-</span> 
     </span>
     <span class='ocr_line' id='line_1_7' title="bbox 276 453 1339 493; baseline 0 -10"><span class='ocrx_word' id='word_1_31' title='bbox 276 459 422 484; x_wconf 90' lang='lat' dir='ltr'>mentum</span> <span class='ocrx_word' id='word_1_32' title='bbox 438 463 476 484; x_wconf 88' lang='lat' dir='ltr'>ex</span> <span class='ocrx_word' id='word_1_33' title='bbox 491 463 525 484; x_wconf 91' lang='lat' dir='ltr'>se</span> <span class='ocrx_word' id='word_1_34' title='bbox 541 458 702 493; x_wconf 88' lang='lat' dir='ltr'>praestans</span> <span class='ocrx_word' id='word_1_35' title='bbox 717 462 806 482; x_wconf 91' lang='lat' dir='ltr'>ramo</span> <span class='ocrx_word' id='word_1_36' title='bbox 822 453 928 482; x_wconf 89' lang='lat' dir='ltr'>insit0.</span> <span class='ocrx_word' id='word_1_37' title='bbox 952 453 996 482; x_wconf 90' lang='lat' dir='ltr'>Ita</span> <span class='ocrx_word' id='word_1_38' title='bbox 1013 453 1102 492; x_wconf 92' lang='lat' dir='ltr'>quod</span> <span class='ocrx_word' id='word_1_39' title='bbox 1116 454 1198 483; x_wconf 91' lang='lat' dir='ltr'>inter</span> <span class='ocrx_word' id='word_1_40' title='bbox 1214 462 1339 483; x_wconf 91' lang='lat' dir='ltr'>ramum</span> 
     </span>
     <span class='ocr_line' id='line_1_8' title="bbox 275 495 1337 537; baseline -0.001 -9"><span class='ocrx_word' id='word_1_41' title='bbox 275 498 407 528; x_wconf 89' lang='lat' dir='ltr'>insitum</span> <span class='ocrx_word' id='word_1_42' title='bbox 423 503 454 528; x_wconf 93' lang='lat' dir='ltr'>et</span> <span class='ocrx_word' id='word_1_43' title='bbox 465 498 643 537; x_wconf 88' lang='lat' dir='ltr'>plantatum</span> <span class='ocrx_word' id='word_1_44' title='bbox 658 495 834 526; x_wconf 84' lang='lat' dir='ltr'>differentia</span> <span class='ocrx_word' id='word_1_45' title='bbox 846 497 990 526; x_wconf 84' lang='lat' dir='ltr'>consistit</span> <span class='ocrx_word' id='word_1_46' title='bbox 1004 497 1037 526; x_wconf 93' lang='lat' dir='ltr'>in</span> <span class='ocrx_word' id='word_1_47' title='bbox 1050 498 1154 536; x_wconf 91' lang='lat' dir='ltr'>primo</span> <span class='ocrx_word' id='word_1_48' title='bbox 1171 497 1337 527; x_wconf 88' lang='lat' dir='ltr'>alimento:</span> 
     </span>
     <span class='ocr_line' id='line_1_9' title="bbox 275 540 1338 581; baseline -0.001 -9"><span class='ocrx_word' id='word_1_49' title='bbox 275 550 351 571; x_wconf 88' lang='lat' dir='ltr'>nam</span> <span class='ocrx_word' id='word_1_50' title='bbox 373 551 479 572; x_wconf 91' lang='lat' dir='ltr'>ramus</span> <span class='ocrx_word' id='word_1_51' title='bbox 498 542 657 581; x_wconf 88' lang='lat' dir='ltr'>plantatus</span> <span class='ocrx_word' id='word_1_52' title='bbox 677 541 711 570; x_wconf 92' lang='lat' dir='ltr'>in</span> <span class='ocrx_word' id='word_1_53' title='bbox 730 546 811 570; x_wconf 90' lang='lat' dir='ltr'>terra</span> <span class='ocrx_word' id='word_1_54' title='bbox 832 540 907 570; x_wconf 91' lang='lat' dir='ltr'>inde</span> <span class='ocrx_word' id='word_1_55' title='bbox 930 541 1071 580; x_wconf 90' lang='lat' dir='ltr'>primum</span> <span class='ocrx_word' id='word_1_56' title='bbox 1093 541 1188 571; x_wconf 92' lang='lat' dir='ltr'>habet</span> <span class='ocrx_word' id='word_1_57' title='bbox 1207 541 1338 571; x_wconf 84' lang='lat' dir='ltr'>alimen-</span> 
     </span>
     <span class='ocr_line' id='line_1_10' title="bbox 275 583 1337 625; baseline -0.001 -10"><span class='ocrx_word' id='word_1_58' title='bbox 275 590 345 615; x_wconf 90' lang='lat' dir='ltr'>tum</span> <span class='ocrx_word' id='word_1_59' title='bbox 367 586 542 625; x_wconf 88' lang='lat' dir='ltr'>impurum,</span> <span class='ocrx_word' id='word_1_60' title='bbox 564 590 595 615; x_wconf 92' lang='lat' dir='ltr'>et</span> <span class='ocrx_word' id='word_1_61' title='bbox 617 584 730 624; x_wconf 88' lang='lat' dir='ltr'>digerit</span> <span class='ocrx_word' id='word_1_62' title='bbox 751 583 846 620; x_wconf 89' lang='lat' dir='ltr'>illud;</span> <span class='ocrx_word' id='word_1_63' title='bbox 870 594 976 614; x_wconf 88' lang='lat' dir='ltr'>ramus</span> <span class='ocrx_word' id='word_1_64' title='bbox 998 594 1074 614; x_wconf 91' lang='lat' dir='ltr'>vero</span> <span class='ocrx_word' id='word_1_65' title='bbox 1098 586 1209 615; x_wconf 91' lang='lat' dir='ltr'>insitus</span> <span class='ocrx_word' id='word_1_66' title='bbox 1233 595 1270 614; x_wconf 86' lang='lat' dir='ltr'>ex</span> <span class='ocrx_word' id='word_1_67' title='bbox 1290 595 1337 614; x_wconf 94' lang='lat' dir='ltr'>ar-</span> 
     </span>
     <span class='ocr_line' id='line_1_11' title="bbox 275 627 1336 668; baseline -0.001 -9"><span class='ocrx_word' id='word_1_68' title='bbox 275 630 353 659; x_wconf 90' lang='lat' dir='ltr'>bore</span> <span class='ocrx_word' id='word_1_69' title='bbox 371 630 467 659; x_wconf 89' lang='lat' dir='ltr'>habet</span> <span class='ocrx_word' id='word_1_70' title='bbox 488 629 629 668; x_wconf 88' lang='lat' dir='ltr'>primum</span> <span class='ocrx_word' id='word_1_71' title='bbox 652 628 850 664; x_wconf 88' lang='lat' dir='ltr'>alimentum,</span> <span class='ocrx_word' id='word_1_72' title='bbox 873 629 938 658; x_wconf 93' lang='lat' dir='ltr'>iam</span> <span class='ocrx_word' id='word_1_73' title='bbox 961 627 1151 668; x_wconf 89' lang='lat' dir='ltr'>depuratum</span> <span class='ocrx_word' id='word_1_74' title='bbox 1174 630 1207 659; x_wconf 89' lang='lat' dir='ltr'>in</span> <span class='ocrx_word' id='word_1_75' title='bbox 1222 634 1336 659; x_wconf 90' lang='lat' dir='ltr'>trunco</span> 
     </span>
     <span class='ocr_line' id='line_1_12' title="bbox 275 672 1336 712; baseline -0.001 -9"><span class='ocrx_word' id='word_1_76' title='bbox 275 673 404 708; x_wconf 83' lang='lat' dir='ltr'>arboris,</span> <span class='ocrx_word' id='word_1_77' title='bbox 428 673 532 703; x_wconf 87' lang='lat' dir='ltr'>habile</span> <span class='ocrx_word' id='word_1_78' title='bbox 556 672 595 702; x_wconf 91' lang='lat' dir='ltr'>ad</span> <span class='ocrx_word' id='word_1_79' title='bbox 610 673 660 702; x_wconf 90' lang='lat' dir='ltr'>sui</span> <span class='ocrx_word' id='word_1_80' title='bbox 675 672 893 708; x_wconf 86' lang='lat' dir='ltr'>nutritionem,</span> <span class='ocrx_word' id='word_1_81' title='bbox 911 673 1204 712; x_wconf 87' lang='lat' dir='ltr'>augmentationem</span> <span class='ocrx_word' id='word_1_82' title='bbox 1226 678 1256 703; x_wconf 94' lang='lat' dir='ltr'>et</span> <span class='ocrx_word' id='word_1_83' title='bbox 1272 673 1336 703; x_wconf 87' lang='lat' dir='ltr'>fru-</span> 
     </span>
     <span class='ocr_line' id='line_1_13' title="bbox 275 715 1336 756; baseline -0.001 -9"><span class='ocrx_word' id='word_1_84' title='bbox 275 715 511 747; x_wconf 88' lang='lat' dir='ltr'>ctificationem.</span> <span class='ocrx_word' id='word_1_85' title='bbox 547 715 640 747; x_wconf 89' lang='lat' dir='ltr'>Unde</span> <span class='ocrx_word' id='word_1_86' title='bbox 662 725 768 746; x_wconf 91' lang='lat' dir='ltr'>ramus</span> <span class='ocrx_word' id='word_1_87' title='bbox 791 716 903 746; x_wconf 91' lang='lat' dir='ltr'>insitus</span> <span class='ocrx_word' id='word_1_88' title='bbox 926 717 1018 756; x_wconf 89' lang='lat' dir='ltr'>ponit</span> <span class='ocrx_word' id='word_1_89' title='bbox 1041 718 1131 756; x_wconf 86' lang='lat' dir='ltr'>quasi</span> <span class='ocrx_word' id='word_1_90' title='bbox 1160 716 1280 747; x_wconf 84' lang='lat' dir='ltr'>radices</span> <span class='ocrx_word' id='word_1_91' title='bbox 1303 717 1336 747; x_wconf 91' lang='lat' dir='ltr'>in</span> 
     </span>
     <span class='ocr_line' id='line_1_14' title="bbox 273 760 1337 800; baseline 0.001 -10"><span class='ocrx_word' id='word_1_92' title='bbox 273 760 386 790; x_wconf 89' lang='lat' dir='ltr'>arbore</span> <span class='ocrx_word' id='word_1_93' title='bbox 409 760 495 791; x_wconf 89' lang='lat' dir='ltr'>unde</span> <span class='ocrx_word' id='word_1_94' title='bbox 510 761 658 796; x_wconf 83' lang='lat' dir='ltr'>nutritur,</span> <span class='ocrx_word' id='word_1_95' title='bbox 682 760 764 790; x_wconf 89' lang='lat' dir='ltr'>sicut</span> <span class='ocrx_word' id='word_1_96' title='bbox 786 760 944 800; x_wconf 88' lang='lat' dir='ltr'>plantatus</span> <span class='ocrx_word' id='word_1_97' title='bbox 960 761 1053 800; x_wconf 92' lang='lat' dir='ltr'>ponit</span> <span class='ocrx_word' id='word_1_98' title='bbox 1067 761 1187 791; x_wconf 90' lang='lat' dir='ltr'>radices</span> <span class='ocrx_word' id='word_1_99' title='bbox 1207 761 1241 791; x_wconf 90' lang='lat' dir='ltr'>in</span> <span class='ocrx_word' id='word_1_100' title='bbox 1256 767 1337 791; x_wconf 89' lang='lat' dir='ltr'>terra</span> 
     </span>
     <span class='ocr_line' id='line_1_15' title="bbox 273 804 1336 844; baseline 0 -10"><span class='ocrx_word' id='word_1_101' title='bbox 273 804 360 835; x_wconf 90' lang='lat' dir='ltr'>unde</span> <span class='ocrx_word' id='word_1_102' title='bbox 376 805 478 835; x_wconf 88' lang='lat' dir='ltr'>alitur.</span> <span class='ocrx_word' id='word_1_103' title='bbox 501 805 543 834; x_wconf 88' lang='lat' dir='ltr'>Et</span> <span class='ocrx_word' id='word_1_104' title='bbox 557 809 726 844; x_wconf 90' lang='lat' dir='ltr'>propterea</span> <span class='ocrx_word' id='word_1_105' title='bbox 748 813 816 833; x_wconf 91' lang='lat' dir='ltr'>non</span> <span class='ocrx_word' id='word_1_106' title='bbox 833 805 1065 844; x_wconf 89' lang='lat' dir='ltr'>cuiuscumque</span> <span class='ocrx_word' id='word_1_107' title='bbox 1081 811 1211 835; x_wconf 88' lang='lat' dir='ltr'>naturae</span> <span class='ocrx_word' id='word_1_108' title='bbox 1230 814 1336 834; x_wconf 91' lang='lat' dir='ltr'>ramus</span> 
     </span>
     <span class='ocr_line' id='line_1_16' title="bbox 273 847 1336 888; baseline 0 -10"><span class='ocrx_word' id='word_1_109' title='bbox 273 853 379 887; x_wconf 89' lang='lat' dir='ltr'>potest</span> <span class='ocrx_word' id='word_1_110' title='bbox 395 848 525 878; x_wconf 89' lang='lat' dir='ltr'>cuilibet</span> <span class='ocrx_word' id='word_1_111' title='bbox 540 848 644 878; x_wconf 90' lang='lat' dir='ltr'>arbori</span> <span class='ocrx_word' id='word_1_112' title='bbox 659 848 770 878; x_wconf 88' lang='lat' dir='ltr'>inseri:</span> <span class='ocrx_word' id='word_1_113' title='bbox 794 847 850 878; x_wconf 91' lang='lat' dir='ltr'>sed</span> <span class='ocrx_word' id='word_1_114' title='bbox 866 854 993 888; x_wconf 87' lang='lat' dir='ltr'>oportet</span> <span class='ocrx_word' id='word_1_115' title='bbox 1008 849 1252 888; x_wconf 89' lang='lat' dir='ltr'>proportionem</span> <span class='ocrx_word' id='word_1_116' title='bbox 1269 858 1336 879; x_wconf 92' lang='lat' dir='ltr'>esse</span> 
     </span>
     <span class='ocr_line' id='line_1_17' title="bbox 272 891 1337 931; baseline 0 -9"><span class='ocrx_word' id='word_1_117' title='bbox 272 893 355 922; x_wconf 90' lang='lat' dir='ltr'>inter</span> <span class='ocrx_word' id='word_1_118' title='bbox 376 892 565 922; x_wconf 85' lang='lat' dir='ltr'>alimentum</span> <span class='ocrx_word' id='word_1_119' title='bbox 583 891 754 922; x_wconf 92' lang='lat' dir='ltr'>decoctum</span> <span class='ocrx_word' id='word_1_120' title='bbox 777 901 836 931; x_wconf 91' lang='lat' dir='ltr'>pro</span> <span class='ocrx_word' id='word_1_121' title='bbox 853 893 975 928; x_wconf 89' lang='lat' dir='ltr'>arbore,</span> <span class='ocrx_word' id='word_1_122' title='bbox 999 898 1030 922; x_wconf 90' lang='lat' dir='ltr'>et</span> <span class='ocrx_word' id='word_1_123' title='bbox 1053 893 1240 922; x_wconf 89' lang='lat' dir='ltr'>alimentum</span> <span class='ocrx_word' id='word_1_124' title='bbox 1258 893 1337 922; x_wconf 88' lang='lat' dir='ltr'>rami</span> 
     </span>
     <span class='ocr_line' id='line_1_18' title="bbox 273 936 1155 966; baseline 0 0"><span class='ocrx_word' id='word_1_125' title='bbox 273 936 342 966; x_wconf 92' lang='lat' dir='ltr'>talis</span> <span class='ocrx_word' id='word_1_126' title='bbox 365 941 506 966; x_wconf 91' lang='lat' dir='ltr'>naturae.</span> <span class='ocrx_word' id='word_1_127' title='bbox 1150 957 1155 962; x_wconf 77' lang='lat'><strong>·</strong></span> 
     </span>
    </p>

    <p class='ocr_par' dir='ltr' id='par_1_5' title="bbox 270 979 1336 1457">
     <span class='ocr_line' id='line_1_19' title="bbox 326 979 1336 1020; baseline 0 -10"><span class='ocrx_word' id='word_1_128' title='bbox 326 980 370 1010; x_wconf 90' lang='lat' dir='ltr'>At</span> <span class='ocrx_word' id='word_1_129' title='bbox 393 981 419 1010; x_wconf 91' lang='lat' dir='ltr'>si</span> <span class='ocrx_word' id='word_1_130' title='bbox 441 980 601 1020; x_wconf 87' lang='lat' dir='ltr'>quispiam</span> <span class='ocrx_word' id='word_1_131' title='bbox 617 979 728 1010; x_wconf 86' lang='lat' dir='ltr'>dixerit</span> <span class='ocrx_word' id='word_1_132' title='bbox 745 980 918 1010; x_wconf 84' lang='lat' dir='ltr'>maximam</span> <span class='ocrx_word' id='word_1_133' title='bbox 936 981 1074 1020; x_wconf 91' lang='lat' dir='ltr'>positam</span> <span class='ocrx_word' id='word_1_134' title='bbox 1096 979 1336 1011; x_wconf 87' lang='lat' dir='ltr'>similitudinem</span> 
     </span>
     <span class='ocr_line' id='line_1_20' title="bbox 271 1023 1336 1064; baseline 0 -10"><span class='ocrx_word' id='word_1_135' title='bbox 271 1024 430 1054; x_wconf 89' lang='lat' dir='ltr'>insitionis</span> <span class='ocrx_word' id='word_1_136' title='bbox 446 1023 485 1054; x_wconf 92' lang='lat' dir='ltr'>ad</span> <span class='ocrx_word' id='word_1_137' title='bbox 507 1024 760 1054; x_wconf 88' lang='lat' dir='ltr'>incarnationem</span> <span class='ocrx_word' id='word_1_138' title='bbox 776 1023 906 1064; x_wconf 92' lang='lat' dir='ltr'>quando</span> <span class='ocrx_word' id='word_1_139' title='bbox 926 1034 1033 1054; x_wconf 92' lang='lat' dir='ltr'>ramus</span> <span class='ocrx_word' id='word_1_140' title='bbox 1056 1025 1168 1054; x_wconf 89' lang='lat' dir='ltr'>insitus</span> <span class='ocrx_word' id='word_1_141' title='bbox 1189 1030 1238 1054; x_wconf 91' lang='lat' dir='ltr'>est</span> <span class='ocrx_word' id='word_1_142' title='bbox 1253 1025 1336 1054; x_wconf 89' lang='lat' dir='ltr'>eius-</span> 
     </span>
     <span class='ocr_line' id='line_1_21' title="bbox 273 1067 1336 1108; baseline 0 -10"><span class='ocrx_word' id='word_1_143' title='bbox 273 1067 347 1099; x_wconf 90' lang='lat' dir='ltr'>dem</span> <span class='ocrx_word' id='word_1_144' title='bbox 369 1069 487 1108; x_wconf 87' lang='lat' dir='ltr'>speciei</span> <span class='ocrx_word' id='word_1_145' title='bbox 511 1077 586 1098; x_wconf 91' lang='lat' dir='ltr'>cum</span> <span class='ocrx_word' id='word_1_146' title='bbox 609 1073 734 1103; x_wconf 91' lang='lat' dir='ltr'>trunco,</span> <span class='ocrx_word' id='word_1_147' title='bbox 759 1069 834 1107; x_wconf 88' lang='lat' dir='ltr'>quia</span> <span class='ocrx_word' id='word_1_148' title='bbox 856 1074 934 1098; x_wconf 92' lang='lat' dir='ltr'>tunc</span> <span class='ocrx_word' id='word_1_149' title='bbox 957 1068 992 1098; x_wconf 89' lang='lat' dir='ltr'>fit</span> <span class='ocrx_word' id='word_1_150' title='bbox 1014 1078 1117 1098; x_wconf 92' lang='lat' dir='ltr'>unum</span> <span class='ocrx_word' id='word_1_151' title='bbox 1132 1069 1336 1108; x_wconf 91' lang='lat' dir='ltr'>suppositum</span> 
     </span>
     <span class='ocr_line' id='line_1_22' title="bbox 271 1112 1336 1152; baseline 0 -10"><span class='ocrx_word' id='word_1_152' title='bbox 271 1112 448 1152; x_wconf 89' lang='lat' dir='ltr'>utriusque,</span> <span class='ocrx_word' id='word_1_153' title='bbox 465 1112 540 1152; x_wconf 92' lang='lat' dir='ltr'>quia</span> <span class='ocrx_word' id='word_1_154' title='bbox 563 1112 768 1142; x_wconf 85' lang='lat' dir='ltr'>continuatur</span> <span class='ocrx_word' id='word_1_155' title='bbox 790 1121 895 1142; x_wconf 90' lang='lat' dir='ltr'>ramus</span> <span class='ocrx_word' id='word_1_156' title='bbox 918 1113 1030 1142; x_wconf 92' lang='lat' dir='ltr'>insitus</span> <span class='ocrx_word' id='word_1_157' title='bbox 1053 1113 1170 1142; x_wconf 84' lang='lat' dir='ltr'>arbori:</span> <span class='ocrx_word' id='word_1_158' title='bbox 1183 1129 1203 1134; x_wconf 93' lang='lat'><em>-</em></span> <span class='ocrx_word' id='word_1_159' title='bbox 1227 1112 1336 1143; x_wconf 90' lang='lat' dir='ltr'>adver-</span> 
     </span>
     <span class='ocr_line' id='line_1_23' title="bbox 271 1155 1335 1196; baseline 0 -10"><span class='ocrx_word' id='word_1_160' title='bbox 271 1161 316 1187; x_wconf 90' lang='lat' dir='ltr'>tat</span> <span class='ocrx_word' id='word_1_161' title='bbox 337 1156 417 1187; x_wconf 91' lang='lat' dir='ltr'>haec</span> <span class='ocrx_word' id='word_1_162' title='bbox 441 1156 549 1186; x_wconf 88' lang='lat' dir='ltr'>dicens</span> <span class='ocrx_word' id='word_1_163' title='bbox 572 1155 662 1196; x_wconf 92' lang='lat' dir='ltr'>quod</span> <span class='ocrx_word' id='word_1_164' title='bbox 691 1156 755 1186; x_wconf 90' lang='lat' dir='ltr'>iam</span> <span class='ocrx_word' id='word_1_165' title='bbox 778 1156 842 1186; x_wconf 88' lang='lat' dir='ltr'>exit</span> <span class='ocrx_word' id='word_1_166' title='bbox 864 1156 902 1186; x_wconf 92' lang='lat' dir='ltr'>ab</span> <span class='ocrx_word' id='word_1_167' title='bbox 926 1157 1047 1186; x_wconf 91' lang='lat' dir='ltr'>unione</span> <span class='ocrx_word' id='word_1_168' title='bbox 1076 1157 1233 1186; x_wconf 90' lang='lat' dir='ltr'>insitionis</span> <span class='ocrx_word' id='word_1_169' title='bbox 1257 1166 1335 1196; x_wconf 92' lang='lat' dir='ltr'>qua-</span> 
     </span>
     <span class='ocr_line' id='line_1_24' title="bbox 271 1199 1335 1240; baseline 0 -10"><span class='ocrx_word' id='word_1_170' title='bbox 271 1206 365 1230; x_wconf 84' lang='lat' dir='ltr'>tenus</span> <span class='ocrx_word' id='word_1_171' title='bbox 395 1200 502 1230; x_wconf 87' lang='lat' dir='ltr'>insitio</span> <span class='ocrx_word' id='word_1_172' title='bbox 526 1205 588 1236; x_wconf 90' lang='lat' dir='ltr'>est,</span> <span class='ocrx_word' id='word_1_173' title='bbox 613 1200 767 1239; x_wconf 91' lang='lat' dir='ltr'>quoniam</span> <span class='ocrx_word' id='word_1_174' title='bbox 790 1200 898 1230; x_wconf 90' lang='lat' dir='ltr'>insitio</span> <span class='ocrx_word' id='word_1_175' title='bbox 922 1199 961 1230; x_wconf 91' lang='lat' dir='ltr'>ad</span> <span class='ocrx_word' id='word_1_176' title='bbox 986 1209 1093 1230; x_wconf 91' lang='lat' dir='ltr'>ramos</span> <span class='ocrx_word' id='word_1_177' title='bbox 1122 1200 1248 1230; x_wconf 90' lang='lat' dir='ltr'>alterius</span> <span class='ocrx_word' id='word_1_178' title='bbox 1264 1210 1335 1240; x_wconf 90' lang='lat' dir='ltr'>spe-</span> 
     </span>
     <span class='ocr_line' id='line_1_25' title="bbox 273 1243 1336 1280; baseline 0 -6"><span class='ocrx_word' id='word_1_179' title='bbox 273 1244 333 1274; x_wconf 89' lang='lat' dir='ltr'>ciei</span> <span class='ocrx_word' id='word_1_180' title='bbox 366 1243 560 1279; x_wconf 88' lang='lat' dir='ltr'>extenditur;</span> <span class='ocrx_word' id='word_1_181' title='bbox 595 1249 626 1274; x_wconf 90' lang='lat' dir='ltr'>et</span> <span class='ocrx_word' id='word_1_182' title='bbox 649 1243 786 1274; x_wconf 87' lang='lat' dir='ltr'>declinat</span> <span class='ocrx_word' id='word_1_183' title='bbox 808 1243 848 1273; x_wconf 92' lang='lat' dir='ltr'>ad</span> <span class='ocrx_word' id='word_1_184' title='bbox 871 1244 1055 1274; x_wconf 87' lang='lat' dir='ltr'>insitionem</span> <span class='ocrx_word' id='word_1_185' title='bbox 1078 1244 1192 1280; x_wconf 86' lang='lat' dir='ltr'>talem,</span> <span class='ocrx_word' id='word_1_186' title='bbox 1217 1245 1336 1274; x_wconf 90' lang='lat' dir='ltr'>scilicet</span> 
     </span>
     <span class='ocr_line' id='line_1_26' title="bbox 271 1287 1335 1327; baseline 0.001 -10"><span class='ocrx_word' id='word_1_187' title='bbox 271 1297 328 1327; x_wconf 91' lang='lat' dir='ltr'>per</span> <span class='ocrx_word' id='word_1_188' title='bbox 343 1288 499 1318; x_wconf 91' lang='lat' dir='ltr'>unitatem</span> <span class='ocrx_word' id='word_1_189' title='bbox 515 1287 742 1317; x_wconf 83' lang='lat' dir='ltr'>continuitatis.</span> <span class='ocrx_word' id='word_1_190' title='bbox 760 1287 869 1324; x_wconf 93' lang='lat' dir='ltr'>Quod,</span> <span class='ocrx_word' id='word_1_191' title='bbox 882 1287 1056 1317; x_wconf 87' lang='lat' dir='ltr'>formaliter</span> <span class='ocrx_word' id='word_1_192' title='bbox 1067 1287 1244 1327; x_wconf 90' lang='lat' dir='ltr'>loquendo,</span> <span class='ocrx_word' id='word_1_193' title='bbox 1256 1289 1335 1318; x_wconf 90' lang='lat' dir='ltr'>nihil</span> 
     </span>
     <span class='ocr_line' id='line_1_27' title="bbox 271 1331 1335 1372; baseline 0.001 -11"><span class='ocrx_word' id='word_1_194' title='bbox 271 1331 358 1362; x_wconf 91' lang='lat' dir='ltr'>aliud</span> <span class='ocrx_word' id='word_1_195' title='bbox 381 1337 428 1362; x_wconf 90' lang='lat' dir='ltr'>est</span> <span class='ocrx_word' id='word_1_196' title='bbox 451 1331 556 1362; x_wconf 88' lang='lat' dir='ltr'>dicere</span> <span class='ocrx_word' id='word_1_197' title='bbox 580 1341 677 1371; x_wconf 93' lang='lat' dir='ltr'>quam</span> <span class='ocrx_word' id='word_1_198' title='bbox 701 1331 805 1360; x_wconf 89' lang='lat' dir='ltr'>dicere</span> <span class='ocrx_word' id='word_1_199' title='bbox 832 1331 987 1361; x_wconf 89' lang='lat' dir='ltr'>unitatem</span> <span class='ocrx_word' id='word_1_200' title='bbox 1017 1331 1212 1362; x_wconf 91' lang='lat' dir='ltr'>advenientis</span> <span class='ocrx_word' id='word_1_201' title='bbox 1239 1333 1335 1372; x_wconf 90' lang='lat' dir='ltr'>partis</span> 
     </span>
     <span class='ocr_line' id='line_1_28' title="bbox 271 1375 1334 1406; baseline 0.001 -1"><span class='ocrx_word' id='word_1_202' title='bbox 271 1375 366 1405; x_wconf 90' lang='lat' dir='ltr'>alicui</span> <span class='ocrx_word' id='word_1_203' title='bbox 389 1376 448 1405; x_wconf 87' lang='lat' dir='ltr'>toti</span> <span class='ocrx_word' id='word_1_204' title='bbox 472 1375 628 1405; x_wconf 90' lang='lat' dir='ltr'>continuo</span> <span class='ocrx_word' id='word_1_205' title='bbox 652 1375 791 1405; x_wconf 87' lang='lat' dir='ltr'>maxime</span> <span class='ocrx_word' id='word_1_206' title='bbox 808 1384 876 1405; x_wconf 92' lang='lat' dir='ltr'>esse</span> <span class='ocrx_word' id='word_1_207' title='bbox 895 1375 1032 1405; x_wconf 90' lang='lat' dir='ltr'>similem</span> <span class='ocrx_word' id='word_1_208' title='bbox 1055 1376 1169 1406; x_wconf 91' lang='lat' dir='ltr'>unioni</span> <span class='ocrx_word' id='word_1_209' title='bbox 1191 1377 1334 1406; x_wconf 91' lang='lat' dir='ltr'>incarna-</span> 
     </span>
     <span class='ocr_line' id='line_1_29' title="bbox 270 1418 773 1457; baseline -0.002 -8"><span class='ocrx_word' id='word_1_210' title='bbox 270 1420 376 1450; x_wconf 88' lang='lat' dir='ltr'>tionis.</span> <span class='ocrx_word' id='word_1_211' title='bbox 402 1419 501 1457; x_wconf 93' lang='lat' dir='ltr'>Quod</span> <span class='ocrx_word' id='word_1_212' title='bbox 524 1424 570 1449; x_wconf 90' lang='lat' dir='ltr'>est</span> <span class='ocrx_word' id='word_1_213' title='bbox 592 1418 773 1449; x_wconf 89' lang='lat' dir='ltr'>ridiculum.</span> 
     </span>
    </p>

    <p class='ocr_par' dir='ltr' id='par_1_6' title="bbox 269 1463 1335 1679">
     <span class='ocr_line' id='line_1_30' title="bbox 325 1463 1335 1503; baseline 0.001 -10"><span class='ocrx_word' id='word_1_214' title='bbox 325 1463 407 1493; x_wconf 91' lang='lat' dir='ltr'><strong>VIII.</strong></span> <span class='ocrx_word' id='word_1_215' title='bbox 437 1464 653 1494; x_wconf 84' lang='lat' dir='ltr'>Revereantur</span> <span class='ocrx_word' id='word_1_216' title='bbox 676 1473 752 1503; x_wconf 89' lang='lat' dir='ltr'>ergo</span> <span class='ocrx_word' id='word_1_217' title='bbox 783 1464 933 1503; x_wconf 92' lang='lat' dir='ltr'>antiquos</span> <span class='ocrx_word' id='word_1_218' title='bbox 961 1464 1134 1494; x_wconf 87' lang='lat' dir='ltr'>Doctores:</span> <span class='ocrx_word' id='word_1_219' title='bbox 1171 1470 1201 1494; x_wconf 93' lang='lat' dir='ltr'>et</span> <span class='ocrx_word' id='word_1_220' title='bbox 1229 1464 1335 1495; x_wconf 88' lang='lat' dir='ltr'>dicant</span> 
     </span>
     <span class='ocr_line' id='line_1_31' title="bbox 270 1507 1334 1547; baseline 0.001 -10"><span class='ocrx_word' id='word_1_221' title='bbox 270 1517 346 1537; x_wconf 91' lang='lat' dir='ltr'>cum</span> <span class='ocrx_word' id='word_1_222' title='bbox 361 1507 513 1543; x_wconf 89' lang='lat' dir='ltr'>Auctore,</span> <span class='ocrx_word' id='word_1_223' title='bbox 537 1508 571 1537; x_wconf 92' lang='lat' dir='ltr'>in</span> <span class='ocrx_word' id='word_1_224' title='bbox 587 1507 630 1537; x_wconf 93' lang='lat' dir='ltr'>IV</span> <span class='ocrx_word' id='word_1_225' title='bbox 652 1507 776 1537; x_wconf 84' lang='lat' dir='ltr'>Contra</span> <span class='ocrx_word' id='word_1_226' title='bbox 794 1508 896 1543; x_wconf 70' lang='lat' dir='ltr'>Gent„</span> <span class='ocrx_word' id='word_1_227' title='bbox 914 1517 983 1547; x_wconf 86' lang='lat' dir='ltr'>cap.</span> <span class='ocrx_word' id='word_1_228' title='bbox 1001 1518 1061 1543; x_wconf 77' lang='lat' dir='ltr'>xm,</span> <span class='ocrx_word' id='word_1_229' title='bbox 1078 1508 1159 1538; x_wconf 88' lang='lat' dir='ltr'>nihil</span> <span class='ocrx_word' id='word_1_230' title='bbox 1179 1508 1210 1538; x_wconf 85' lang='lat' dir='ltr'>in</span> <span class='ocrx_word' id='word_1_231' title='bbox 1233 1509 1334 1539; x_wconf 86' lang='lat' dir='ltr'>omni-</span> 
     </span>
     <span class='ocr_line' id='line_1_32' title="bbox 269 1551 1333 1583; baseline 0.002 -2"><span class='ocrx_word' id='word_1_232' title='bbox 269 1551 327 1582; x_wconf 79' lang='lat' dir='ltr'>bus</span> <span class='ocrx_word' id='word_1_233' title='bbox 349 1551 466 1582; x_wconf 85' lang='lat' dir='ltr'>creatis</span> <span class='ocrx_word' id='word_1_234' title='bbox 489 1551 628 1581; x_wconf 84' lang='lat' dir='ltr'>inveniri</span> <span class='ocrx_word' id='word_1_235' title='bbox 649 1551 724 1582; x_wconf 89' lang='lat' dir='ltr'>huic</span> <span class='ocrx_word' id='word_1_236' title='bbox 747 1552 862 1581; x_wconf 83' lang='lat' dir='ltr'>unioni</span> <span class='ocrx_word' id='word_1_237' title='bbox 884 1557 949 1582; x_wconf 89' lang='lat' dir='ltr'>tam</span> <span class='ocrx_word' id='word_1_238' title='bbox 972 1552 1076 1582; x_wconf 87' lang='lat' dir='ltr'>simile</span> <span class='ocrx_word' id='word_1_239' title='bbox 1090 1552 1173 1582; x_wconf 88' lang='lat' dir='ltr'>sicut</span> <span class='ocrx_word' id='word_1_240' title='bbox 1195 1558 1241 1582; x_wconf 86' lang='lat' dir='ltr'>est</span> <span class='ocrx_word' id='word_1_241' title='bbox 1257 1553 1333 1583; x_wconf 89' lang='lat' dir='ltr'>unio</span> 
     </span>
     <span class='ocr_line' id='line_1_33' title="bbox 269 1595 1332 1635; baseline 0.002 -10"><span class='ocrx_word' id='word_1_242' title='bbox 269 1596 397 1626; x_wconf 86' lang='lat' dir='ltr'>animae</span> <span class='ocrx_word' id='word_1_243' title='bbox 415 1595 627 1626; x_wconf 81' lang='lat' dir='ltr'>intellectivae</span> <span class='ocrx_word' id='word_1_244' title='bbox 637 1595 680 1625; x_wconf 84' lang='lat' dir='ltr'>ad</span> <span class='ocrx_word' id='word_1_245' title='bbox 691 1605 817 1635; x_wconf 81' lang='lat' dir='ltr'>corpus.</span> <span class='ocrx_word' id='word_1_246' title='bbox 835 1595 934 1633; x_wconf 92' lang='lat' dir='ltr'>Quod</span> <span class='ocrx_word' id='word_1_247' title='bbox 946 1596 1040 1626; x_wconf 90' lang='lat' dir='ltr'>etiam</span> <span class='ocrx_word' id='word_1_248' title='bbox 1053 1596 1104 1626; x_wconf 92' lang='lat' dir='ltr'>hic</span> <span class='ocrx_word' id='word_1_249' title='bbox 1117 1596 1332 1633; x_wconf 84' lang='lat' dir='ltr'>confirmatur,</span> 
     </span>
     <span class='ocr_line' id='line_1_34' title="bbox 270 1638 1053 1679; baseline 0 -10"><span class='ocrx_word' id='word_1_250' title='bbox 270 1639 348 1670; x_wconf 91' lang='lat' dir='ltr'>dum</span> <span class='ocrx_word' id='word_1_251' title='bbox 371 1639 547 1670; x_wconf 90' lang='lat' dir='ltr'>similitudo</span> <span class='ocrx_word' id='word_1_252' title='bbox 570 1640 630 1670; x_wconf 89' lang='lat' dir='ltr'>ista</span> <span class='ocrx_word' id='word_1_253' title='bbox 653 1638 781 1670; x_wconf 89' lang='lat' dir='ltr'>affertur</span> <span class='ocrx_word' id='word_1_254' title='bbox 804 1645 835 1670; x_wconf 90' lang='lat' dir='ltr'>et</span> <span class='ocrx_word' id='word_1_255' title='bbox 858 1640 1053 1679; x_wconf 89' lang='lat' dir='ltr'>explanatur.</span> 
     </span>
    </p>

    <p class='ocr_par' dir='ltr' id='par_1_7' title="bbox 267 1682 1334 2207">
     <span class='ocr_line' id='line_1_35' title="bbox 323 1682 1333 1724; baseline 0.001 -10"><span class='ocrx_word' id='word_1_256' title='bbox 323 1684 386 1714; x_wconf 92' lang='lat' dir='ltr'>Ubi</span> <span class='ocrx_word' id='word_1_257' title='bbox 416 1683 543 1714; x_wconf 92' lang='lat' dir='ltr'>adverte</span> <span class='ocrx_word' id='word_1_258' title='bbox 566 1682 656 1723; x_wconf 94' lang='lat' dir='ltr'>quod</span> <span class='ocrx_word' id='word_1_259' title='bbox 686 1683 860 1714; x_wconf 90' lang='lat' dir='ltr'>similitudo</span> <span class='ocrx_word' id='word_1_260' title='bbox 890 1684 949 1714; x_wconf 89' lang='lat' dir='ltr'>ista</span> <span class='ocrx_word' id='word_1_261' title='bbox 973 1689 1129 1724; x_wconf 88' lang='lat' dir='ltr'>quantum</span> <span class='ocrx_word' id='word_1_262' title='bbox 1160 1684 1199 1714; x_wconf 92' lang='lat' dir='ltr'>ad</span> <span class='ocrx_word' id='word_1_263' title='bbox 1230 1695 1333 1715; x_wconf 89' lang='lat' dir='ltr'>unum</span> 
     </span>
     <span class='ocr_line' id='line_1_36' title="bbox 268 1727 1333 1767; baseline 0.001 -10"><span class='ocrx_word' id='word_1_264' title='bbox 268 1737 336 1757; x_wconf 92' lang='lat' dir='ltr'>non</span> <span class='ocrx_word' id='word_1_265' title='bbox 359 1732 462 1764; x_wconf 88' lang='lat' dir='ltr'>tenet,</span> <span class='ocrx_word' id='word_1_266' title='bbox 487 1733 644 1767; x_wconf 89' lang='lat' dir='ltr'>quantum</span> <span class='ocrx_word' id='word_1_267' title='bbox 672 1727 791 1757; x_wconf 88' lang='lat' dir='ltr'>scilicet</span> <span class='ocrx_word' id='word_1_268' title='bbox 822 1727 861 1757; x_wconf 93' lang='lat' dir='ltr'>ad</span> <span class='ocrx_word' id='word_1_269' title='bbox 883 1728 947 1758; x_wconf 93' lang='lat' dir='ltr'>hoc</span> <span class='ocrx_word' id='word_1_270' title='bbox 971 1727 1060 1767; x_wconf 92' lang='lat' dir='ltr'>quod</span> <span class='ocrx_word' id='word_1_271' title='bbox 1091 1729 1195 1758; x_wconf 89' lang='lat' dir='ltr'>anima</span> <span class='ocrx_word' id='word_1_272' title='bbox 1225 1729 1333 1759; x_wconf 91' lang='lat' dir='ltr'>unitur</span> 
     </span>
     <span class='ocr_line' id='line_1_37' title="bbox 269 1770 1334 1812; baseline 0 -10"><span class='ocrx_word' id='word_1_273' title='bbox 269 1771 397 1811; x_wconf 90' lang='lat' dir='ltr'>corpori</span> <span class='ocrx_word' id='word_1_274' title='bbox 420 1776 456 1801; x_wconf 90' lang='lat' dir='ltr'>ut</span> <span class='ocrx_word' id='word_1_275' title='bbox 479 1770 582 1801; x_wconf 88' lang='lat' dir='ltr'>forma</span> <span class='ocrx_word' id='word_1_276' title='bbox 604 1772 767 1807; x_wconf 87' lang='lat' dir='ltr'>materiae,</span> <span class='ocrx_word' id='word_1_277' title='bbox 793 1781 829 1801; x_wconf 91' lang='lat' dir='ltr'>ac</span> <span class='ocrx_word' id='word_1_278' title='bbox 858 1780 915 1811; x_wconf 90' lang='lat' dir='ltr'>per</span> <span class='ocrx_word' id='word_1_279' title='bbox 937 1772 1001 1801; x_wconf 91' lang='lat' dir='ltr'>hoc</span> <span class='ocrx_word' id='word_1_280' title='bbox 1024 1777 1060 1801; x_wconf 90' lang='lat' dir='ltr'>ut</span> <span class='ocrx_word' id='word_1_281' title='bbox 1082 1781 1153 1812; x_wconf 91' lang='lat' dir='ltr'>pars</span> <span class='ocrx_word' id='word_1_282' title='bbox 1177 1773 1334 1812; x_wconf 89' lang='lat' dir='ltr'>comparti</span> 
     </span>
     <span class='ocr_line' id='line_1_38' title="bbox 268 1815 1332 1854; baseline 0.001 -9"><span class='ocrx_word' id='word_1_283' title='bbox 268 1816 364 1845; x_wconf 90' lang='lat' dir='ltr'>unius</span> <span class='ocrx_word' id='word_1_284' title='bbox 392 1815 551 1845; x_wconf 89' lang='lat' dir='ltr'>humanae</span> <span class='ocrx_word' id='word_1_285' title='bbox 581 1820 711 1845; x_wconf 87' lang='lat' dir='ltr'>naturae</span> <span class='ocrx_word' id='word_1_286' title='bbox 741 1824 779 1844; x_wconf 91' lang='lat' dir='ltr'>ex</span> <span class='ocrx_word' id='word_1_287' title='bbox 803 1815 847 1845; x_wconf 87' lang='lat' dir='ltr'>eis</span> <span class='ocrx_word' id='word_1_288' title='bbox 876 1815 1090 1854; x_wconf 87' lang='lat' dir='ltr'>compositae:</span> <span class='ocrx_word' id='word_1_289' title='bbox 1126 1821 1162 1845; x_wconf 89' lang='lat' dir='ltr'>ut</span> <span class='ocrx_word' id='word_1_290' title='bbox 1191 1821 1256 1845; x_wconf 93' lang='lat' dir='ltr'>tam</span> <span class='ocrx_word' id='word_1_291' title='bbox 1279 1817 1332 1846; x_wconf 90' lang='lat' dir='ltr'>hic</span> 
     </span>
     <span class='ocr_line' id='line_1_39' title="bbox 268 1858 1333 1899; baseline 0 -9"><span class='ocrx_word' id='word_1_292' title='bbox 268 1867 366 1899; x_wconf 89' lang='lat' dir='ltr'>quarn</span> <span class='ocrx_word' id='word_1_293' title='bbox 381 1859 425 1889; x_wconf 89' lang='lat' dir='ltr'>ibi</span> <span class='ocrx_word' id='word_1_294' title='bbox 441 1868 586 1898; x_wconf 87' lang='lat' dir='ltr'>expresse</span> <span class='ocrx_word' id='word_1_295' title='bbox 602 1858 725 1894; x_wconf 84' lang='lat' dir='ltr'>dicitur,</span> <span class='ocrx_word' id='word_1_296' title='bbox 742 1859 800 1888; x_wconf 93' lang='lat' dir='ltr'>sub</span> <span class='ocrx_word' id='word_1_297' title='bbox 817 1859 884 1888; x_wconf 89' lang='lat' dir='ltr'>aliis</span> <span class='ocrx_word' id='word_1_298' title='bbox 900 1864 1007 1889; x_wconf 91' lang='lat' dir='ltr'>tamen</span> <span class='ocrx_word' id='word_1_299' title='bbox 1023 1859 1135 1889; x_wconf 86' lang='lat' dir='ltr'>verbis.</span> <span class='ocrx_word' id='word_1_300' title='bbox 1161 1859 1223 1889; x_wconf 90' lang='lat' dir='ltr'>Sed</span> <span class='ocrx_word' id='word_1_301' title='bbox 1245 1865 1333 1890; x_wconf 90' lang='lat' dir='ltr'>tenet</span> 
     </span>
     <span class='ocr_line' id='line_1_40' title="bbox 268 1902 1331 1943; baseline 0 -9"><span class='ocrx_word' id='word_1_302' title='bbox 268 1908 426 1943; x_wconf 87' lang='lat' dir='ltr'>quantum</span> <span class='ocrx_word' id='word_1_303' title='bbox 441 1902 481 1934; x_wconf 89' lang='lat' dir='ltr'>ad</span> <span class='ocrx_word' id='word_1_304' title='bbox 495 1903 569 1939; x_wconf 90' lang='lat' dir='ltr'>hoc,</span> <span class='ocrx_word' id='word_1_305' title='bbox 583 1902 673 1942; x_wconf 93' lang='lat' dir='ltr'>quod</span> <span class='ocrx_word' id='word_1_306' title='bbox 688 1903 793 1933; x_wconf 86' lang='lat' dir='ltr'>anima</span> <span class='ocrx_word' id='word_1_307' title='bbox 805 1903 914 1933; x_wconf 87' lang='lat' dir='ltr'>unitur</span> <span class='ocrx_word' id='word_1_308' title='bbox 926 1903 1054 1942; x_wconf 88' lang='lat' dir='ltr'>corpori</span> <span class='ocrx_word' id='word_1_309' title='bbox 1069 1909 1105 1933; x_wconf 90' lang='lat' dir='ltr'>ut</span> <span class='ocrx_word' id='word_1_310' title='bbox 1119 1903 1331 1934; x_wconf 88' lang='lat' dir='ltr'>instrumento</span> 
     </span>
     <span class='ocr_line' id='line_1_41' title="bbox 268 1946 1334 1987; baseline 0 -9"><span class='ocrx_word' id='word_1_311' title='bbox 268 1947 453 1983; x_wconf 90' lang='lat' dir='ltr'>coniuncto,</span> <span class='ocrx_word' id='word_1_312' title='bbox 469 1952 506 1977; x_wconf 92' lang='lat' dir='ltr'>ut</span> <span class='ocrx_word' id='word_1_313' title='bbox 521 1947 564 1977; x_wconf 91' lang='lat' dir='ltr'>ibi</span> <span class='ocrx_word' id='word_1_314' title='bbox 580 1947 708 1977; x_wconf 87' lang='lat' dir='ltr'>dicitur:</span> <span class='ocrx_word' id='word_1_315' title='bbox 733 1947 794 1983; x_wconf 89' lang='lat' dir='ltr'>vel,</span> <span class='ocrx_word' id='word_1_316' title='bbox 812 1953 843 1977; x_wconf 87' lang='lat' dir='ltr'>et</span> <span class='ocrx_word' id='word_1_317' title='bbox 857 1948 890 1977; x_wconf 91' lang='lat' dir='ltr'>in</span> <span class='ocrx_word' id='word_1_318' title='bbox 905 1947 991 1977; x_wconf 91' lang='lat' dir='ltr'>idem</span> <span class='ocrx_word' id='word_1_319' title='bbox 1013 1946 1103 1983; x_wconf 87' lang='lat' dir='ltr'>redit,</span> <span class='ocrx_word' id='word_1_320' title='bbox 1121 1953 1278 1987; x_wconf 85' lang='lat' dir='ltr'>quantum</span> <span class='ocrx_word' id='word_1_321' title='bbox 1293 1947 1334 1978; x_wconf 91' lang='lat' dir='ltr'>ad</span> 
     </span>
     <span class='ocr_line' id='line_1_42' title="bbox 267 1990 1334 2032; baseline 0.001 -11"><span class='ocrx_word' id='word_1_322' title='bbox 267 1992 341 2028; x_wconf 89' lang='lat' dir='ltr'>hoc,</span> <span class='ocrx_word' id='word_1_323' title='bbox 355 1990 444 2032; x_wconf 93' lang='lat' dir='ltr'>quod</span> <span class='ocrx_word' id='word_1_324' title='bbox 461 2000 577 2031; x_wconf 91' lang='lat' dir='ltr'>corpus</span> <span class='ocrx_word' id='word_1_325' title='bbox 593 1991 764 2021; x_wconf 88' lang='lat' dir='ltr'>assumitur</span> <span class='ocrx_word' id='word_1_326' title='bbox 778 1990 817 2021; x_wconf 90' lang='lat' dir='ltr'>ad</span> <span class='ocrx_word' id='word_1_327' title='bbox 834 2001 901 2021; x_wconf 89' lang='lat' dir='ltr'>esse</span> <span class='ocrx_word' id='word_1_328' title='bbox 916 1992 1084 2031; x_wconf 86' lang='lat' dir='ltr'>proprium</span> <span class='ocrx_word' id='word_1_329' title='bbox 1097 1992 1220 2022; x_wconf 91' lang='lat' dir='ltr'>animae</span> <span class='ocrx_word' id='word_1_330' title='bbox 1235 1997 1334 2032; x_wconf 88' lang='lat' dir='ltr'>prout</span> 
     </span>
     <span class='ocr_line' id='line_1_43' title="bbox 267 2034 1332 2076; baseline 0.001 -11"><span class='ocrx_word' id='word_1_331' title='bbox 267 2040 315 2065; x_wconf 89' lang='lat' dir='ltr'>est</span> <span class='ocrx_word' id='word_1_332' title='bbox 328 2044 485 2076; x_wconf 83' lang='lat' dir='ltr'>personae</span> <span class='ocrx_word' id='word_1_333' title='bbox 501 2044 558 2066; x_wconf 91' lang='lat' dir='ltr'>seu</span> <span class='ocrx_word' id='word_1_334' title='bbox 573 2035 779 2065; x_wconf 87' lang='lat' dir='ltr'>subsistentis.</span> <span class='ocrx_word' id='word_1_335' title='bbox 797 2035 838 2065; x_wconf 90' lang='lat' dir='ltr'>Et</span> <span class='ocrx_word' id='word_1_336' title='bbox 853 2034 893 2065; x_wconf 92' lang='lat' dir='ltr'>de</span> <span class='ocrx_word' id='word_1_337' title='bbox 909 2036 1030 2066; x_wconf 90' lang='lat' dir='ltr'>unione</span> <span class='ocrx_word' id='word_1_338' title='bbox 1042 2035 1173 2075; x_wconf 90' lang='lat' dir='ltr'>quidem</span> <span class='ocrx_word' id='word_1_339' title='bbox 1189 2045 1246 2076; x_wconf 90' lang='lat' dir='ltr'>per</span> <span class='ocrx_word' id='word_1_340' title='bbox 1261 2046 1332 2066; x_wconf 91' lang='lat' dir='ltr'>mo-</span> 
     </span>
     <span class='ocr_line' id='line_1_44' title="bbox 267 2079 1332 2120; baseline 0 -11"><span class='ocrx_word' id='word_1_341' title='bbox 267 2079 345 2110; x_wconf 90' lang='lat' dir='ltr'>dum</span> <span class='ocrx_word' id='word_1_342' title='bbox 367 2080 570 2110; x_wconf 85' lang='lat' dir='ltr'>instrumenti</span> <span class='ocrx_word' id='word_1_343' title='bbox 593 2080 626 2109; x_wconf 93' lang='lat' dir='ltr'>in</span> <span class='ocrx_word' id='word_1_344' title='bbox 649 2079 723 2110; x_wconf 92' lang='grc'><strong>1000</strong></span> <span class='ocrx_word' id='word_1_345' title='bbox 747 2079 888 2119; x_wconf 89' lang='lat' dir='ltr'>proprio,</span> <span class='ocrx_word' id='word_1_346' title='bbox 913 2080 976 2109; x_wconf 92' lang='lat' dir='ltr'>hoc</span> <span class='ocrx_word' id='word_1_347' title='bbox 998 2085 1044 2109; x_wconf 90' lang='lat' dir='ltr'>est</span> <span class='ocrx_word' id='word_1_348' title='bbox 1066 2080 1099 2109; x_wconf 91' lang='lat' dir='ltr'>in</span> <span class='ocrx_word' id='word_1_349' title='bbox 1122 2081 1332 2120; x_wconf 85' lang='lat' dir='ltr'>responsione</span> 
     </span>
     <span class='ocr_line' id='line_1_45' title="bbox 267 2123 1332 2164; baseline 0.001 -10"><span class='ocrx_word' id='word_1_350' title='bbox 267 2123 307 2154; x_wconf 93' lang='lat' dir='ltr'>ad</span> <span class='ocrx_word' id='word_1_351' title='bbox 322 2129 482 2164; x_wconf 89' lang='lat' dir='ltr'>quartum,</span> <span class='ocrx_word' id='word_1_352' title='bbox 499 2124 558 2154; x_wconf 85' lang='lat' dir='ltr'>erit</span> <span class='ocrx_word' id='word_1_353' title='bbox 573 2133 678 2153; x_wconf 89' lang='lat' dir='ltr'>sermo</span> <span class='ocrx_word' id='word_1_354' title='bbox 694 2124 720 2153; x_wconf 70' lang='lat'>*.</span> <span class='ocrx_word' id='word_1_355' title='bbox 745 2124 808 2154; x_wconf 90' lang='lat' dir='ltr'>Hic</span> <span class='ocrx_word' id='word_1_356' title='bbox 822 2129 931 2154; x_wconf 91' lang='lat' dir='ltr'>autem</span> <span class='ocrx_word' id='word_1_357' title='bbox 947 2123 1133 2154; x_wconf 87' lang='lat' dir='ltr'>declaranda</span> <span class='ocrx_word' id='word_1_358' title='bbox 1154 2130 1332 2164; x_wconf 87' lang='lat' dir='ltr'>utcumque</span> 
     </span>
     <span class='ocr_line' id='line_1_46' title="bbox 267 2167 887 2207; baseline 0 -9"><span class='ocrx_word' id='word_1_359' title='bbox 267 2173 315 2198; x_wconf 90' lang='lat' dir='ltr'>est</span> <span class='ocrx_word' id='word_1_360' title='bbox 336 2168 415 2198; x_wconf 88' lang='lat' dir='ltr'>unio</span> <span class='ocrx_word' id='word_1_361' title='bbox 439 2167 479 2198; x_wconf 87' lang='lat' dir='ltr'>ad</span> <span class='ocrx_word' id='word_1_362' title='bbox 503 2177 570 2198; x_wconf 90' lang='lat' dir='ltr'>esse</span> <span class='ocrx_word' id='word_1_363' title='bbox 593 2173 630 2198; x_wconf 85' lang='lat' dir='ltr'>ut</span> <span class='ocrx_word' id='word_1_364' title='bbox 652 2173 699 2198; x_wconf 88' lang='lat' dir='ltr'>est</span> <span class='ocrx_word' id='word_1_365' title='bbox 721 2177 887 2207; x_wconf 89' lang='lat' dir='ltr'>personae.</span> 
     </span>
    </p>

    <p class='ocr_par' dir='ltr' id='par_1_8' title="bbox 264 2211 1331 3611">
     <span class='ocr_line' id='line_1_47' title="bbox 320 2211 1331 2252; baseline 0 -10"><span class='ocrx_word' id='word_1_366' title='bbox 320 2211 373 2242; x_wconf 93' lang='lat' dir='ltr'>Ad</span> <span class='ocrx_word' id='word_1_367' title='bbox 399 2211 489 2242; x_wconf 78' lang='lat' dir='ltr'>cuius</span> <span class='ocrx_word' id='word_1_368' title='bbox 516 2211 687 2251; x_wconf 89' lang='lat' dir='ltr'>aliqualem</span> <span class='ocrx_word' id='word_1_369' title='bbox 717 2213 978 2252; x_wconf 89' lang='lat' dir='ltr'>perceptionem,</span> <span class='ocrx_word' id='word_1_370' title='bbox 1006 2211 1164 2252; x_wconf 88' lang='lat' dir='ltr'>fingamus</span> <span class='ocrx_word' id='word_1_371' title='bbox 1191 2213 1331 2243; x_wconf 87' lang='lat' dir='ltr'>animam</span> 
     </span>
     <span class='ocr_line' id='line_1_48' title="bbox 266 2255 1330 2296; baseline 0.002 -11"><span class='ocrx_word' id='word_1_372' title='bbox 266 2255 454 2286; x_wconf 90' lang='lat' dir='ltr'>rationalem</span> <span class='ocrx_word' id='word_1_373' title='bbox 475 2264 533 2295; x_wconf 93' lang='lat' dir='ltr'>per</span> <span class='ocrx_word' id='word_1_374' title='bbox 556 2265 590 2285; x_wconf 89' lang='lat' dir='ltr'>se</span> <span class='ocrx_word' id='word_1_375' title='bbox 613 2256 781 2286; x_wconf 90' lang='lat' dir='ltr'>subsistere</span> <span class='ocrx_word' id='word_1_376' title='bbox 808 2262 881 2286; x_wconf 88' lang='lat' dir='ltr'>ante</span> <span class='ocrx_word' id='word_1_377' title='bbox 905 2266 1036 2296; x_wconf 86' lang='lat' dir='ltr'>corpus:</span> <span class='ocrx_word' id='word_1_378' title='bbox 1072 2257 1154 2287; x_wconf 88' lang='lat' dir='ltr'>sicut</span> <span class='ocrx_word' id='word_1_379' title='bbox 1183 2256 1222 2287; x_wconf 92' lang='lat' dir='ltr'>de</span> <span class='ocrx_word' id='word_1_380' title='bbox 1246 2256 1330 2287; x_wconf 88' lang='lat' dir='ltr'>facto</span> 
     </span>
     <span class='ocr_line' id='line_1_49' title="bbox 265 2298 1331 2337; baseline 0.001 -8"><span class='ocrx_word' id='word_1_381' title='bbox 265 2301 308 2330; x_wconf 92' lang='lat' dir='ltr'>ita</span> <span class='ocrx_word' id='word_1_382' title='bbox 325 2305 371 2330; x_wconf 91' lang='lat' dir='ltr'>est</span> <span class='ocrx_word' id='word_1_383' title='bbox 385 2300 419 2330; x_wconf 93' lang='lat' dir='ltr'>in</span> <span class='ocrx_word' id='word_1_384' title='bbox 435 2299 600 2329; x_wconf 88' lang='lat' dir='ltr'>animabus</span> <span class='ocrx_word' id='word_1_385' title='bbox 616 2298 843 2330; x_wconf 86' lang='lat' dir='ltr'>defunctorum</span> <span class='ocrx_word' id='word_1_386' title='bbox 863 2306 935 2330; x_wconf 90' lang='lat' dir='ltr'>ante</span> <span class='ocrx_word' id='word_1_387' title='bbox 953 2301 1232 2337; x_wconf 88' lang='lat' dir='ltr'>resurrectionem;</span> <span class='ocrx_word' id='word_1_388' title='bbox 1256 2301 1331 2331; x_wconf 90' lang='lat' dir='ltr'>sub-</span> 
     </span>
     <span class='ocr_line' id='line_1_50' title="bbox 265 2344 1329 2385; baseline 0.002 -12"><span class='ocrx_word' id='word_1_389' title='bbox 265 2345 381 2374; x_wconf 87' lang='lat' dir='ltr'>sistunt</span> <span class='ocrx_word' id='word_1_390' title='bbox 403 2344 490 2374; x_wconf 88' lang='lat' dir='ltr'>enim</span> <span class='ocrx_word' id='word_1_391' title='bbox 512 2344 640 2373; x_wconf 88' lang='lat' dir='ltr'>interim</span> <span class='ocrx_word' id='word_1_392' title='bbox 667 2353 724 2383; x_wconf 90' lang='lat' dir='ltr'>per</span> <span class='ocrx_word' id='word_1_393' title='bbox 747 2345 880 2384; x_wconf 90' lang='lat' dir='ltr'>seipsas,</span> <span class='ocrx_word' id='word_1_394' title='bbox 906 2345 1026 2384; x_wconf 89' lang='lat' dir='ltr'>absque</span> <span class='ocrx_word' id='word_1_395' title='bbox 1050 2354 1186 2384; x_wconf 90' lang='lat' dir='ltr'>corpore</span> <span class='ocrx_word' id='word_1_396' title='bbox 1209 2345 1329 2385; x_wconf 88' lang='lat' dir='ltr'>aliquo.</span> 
     </span>
     <span class='ocr_line' id='line_1_51' title="bbox 265 2387 1331 2429; baseline 0.002 -12"><span class='ocrx_word' id='word_1_397' title='bbox 265 2388 339 2418; x_wconf 92' lang='lat' dir='ltr'>Hoc</span> <span class='ocrx_word' id='word_1_398' title='bbox 362 2393 480 2423; x_wconf 88' lang='lat' dir='ltr'>stante,</span> <span class='ocrx_word' id='word_1_399' title='bbox 505 2387 671 2418; x_wconf 90' lang='lat' dir='ltr'>considera</span> <span class='ocrx_word' id='word_1_400' title='bbox 695 2388 784 2428; x_wconf 93' lang='lat' dir='ltr'>quod</span> <span class='ocrx_word' id='word_1_401' title='bbox 808 2389 912 2418; x_wconf 89' lang='lat' dir='ltr'>anima</span> <span class='ocrx_word' id='word_1_402' title='bbox 939 2398 997 2429; x_wconf 92' lang='lat' dir='ltr'>per</span> <span class='ocrx_word' id='word_1_403' title='bbox 1019 2398 1053 2419; x_wconf 92' lang='lat' dir='ltr'>se</span> <span class='ocrx_word' id='word_1_404' title='bbox 1081 2389 1253 2419; x_wconf 87' lang='lat' dir='ltr'>subsistens</span> <span class='ocrx_word' id='word_1_405' title='bbox 1276 2388 1331 2419; x_wconf 89' lang='lat' dir='ltr'>ad-</span> 
     </span>
     <span class='ocr_line' id='line_1_52' title="bbox 265 2430 1329 2472; baseline 0.001 -10"><span class='ocrx_word' id='word_1_406' title='bbox 265 2432 407 2462; x_wconf 87' lang='lat' dir='ltr'>venienti</span> <span class='ocrx_word' id='word_1_407' title='bbox 421 2432 480 2462; x_wconf 88' lang='lat' dir='ltr'>sibi</span> <span class='ocrx_word' id='word_1_408' title='bbox 497 2430 562 2462; x_wconf 87' lang='lat' dir='ltr'>duo</span> <span class='ocrx_word' id='word_1_409' title='bbox 579 2433 798 2462; x_wconf 87' lang='lat' dir='ltr'>communicat</span> <span class='ocrx_word' id='word_1_410' title='bbox 813 2434 957 2472; x_wconf 88' lang='lat' dir='ltr'>corpori:</span> <span class='ocrx_word' id='word_1_411' title='bbox 982 2433 1102 2463; x_wconf 89' lang='lat' dir='ltr'>scilicet</span> <span class='ocrx_word' id='word_1_412' title='bbox 1118 2443 1195 2469; x_wconf 89' lang='lat' dir='ltr'>esse,</span> <span class='ocrx_word' id='word_1_413' title='bbox 1210 2439 1240 2463; x_wconf 89' lang='lat' dir='ltr'>et</span> <span class='ocrx_word' id='word_1_414' title='bbox 1255 2434 1329 2463; x_wconf 89' lang='lat' dir='ltr'>sub-</span> 
     </span>
     <span class='ocr_line' id='line_1_53' title="bbox 266 2475 1328 2517; baseline 0.002 -12"><span class='ocrx_word' id='word_1_415' title='bbox 266 2476 383 2506; x_wconf 88' lang='lat' dir='ltr'>sistere.</span> <span class='ocrx_word' id='word_1_416' title='bbox 418 2475 494 2511; x_wconf 92' lang='lat' dir='ltr'>Vel,</span> <span class='ocrx_word' id='word_1_417' title='bbox 523 2475 690 2516; x_wconf 90' lang='lat' dir='ltr'>dupliciter</span> <span class='ocrx_word' id='word_1_418' title='bbox 720 2477 938 2507; x_wconf 91' lang='lat' dir='ltr'>communicat</span> <span class='ocrx_word' id='word_1_419' title='bbox 966 2486 1062 2507; x_wconf 90' lang='lat' dir='ltr'>suum</span> <span class='ocrx_word' id='word_1_420' title='bbox 1093 2487 1160 2507; x_wconf 89' lang='lat' dir='ltr'>esse</span> <span class='ocrx_word' id='word_1_421' title='bbox 1191 2478 1328 2517; x_wconf 84' lang='lat' dir='ltr'>corpori.</span> 
     </span>
     <span class='ocr_line' id='line_1_54' title="bbox 266 2518 1329 2559; baseline 0.003 -10"><span class='ocrx_word' id='word_1_422' title='bbox 266 2519 384 2555; x_wconf 90' lang='lat' dir='ltr'>Primo,</span> <span class='ocrx_word' id='word_1_423' title='bbox 400 2528 458 2559; x_wconf 92' lang='lat' dir='ltr'>per</span> <span class='ocrx_word' id='word_1_424' title='bbox 472 2518 608 2550; x_wconf 92' lang='lat' dir='ltr'>modurn</span> <span class='ocrx_word' id='word_1_425' title='bbox 630 2526 776 2550; x_wconf 86' lang='lat' dir='ltr'>naturae:</span> <span class='ocrx_word' id='word_1_426' title='bbox 803 2526 833 2550; x_wconf 89' lang='lat' dir='ltr'>et</span> <span class='ocrx_word' id='word_1_427' title='bbox 855 2521 919 2551; x_wconf 93' lang='grc'><strong>1100</strong></span> <span class='ocrx_word' id='word_1_428' title='bbox 941 2519 1016 2551; x_wconf 90' lang='lat' dir='ltr'>facit</span> <span class='ocrx_word' id='word_1_429' title='bbox 1038 2520 1242 2551; x_wconf 90' lang='lat' dir='ltr'>informando</span> <span class='ocrx_word' id='word_1_430' title='bbox 1259 2531 1329 2552; x_wconf 90' lang='lat' dir='ltr'>cor-</span> 
     </span>
     <span class='ocr_line' id='line_1_55' title="bbox 266 2563 1329 2606; baseline 0.002 -13"><span class='ocrx_word' id='word_1_431' title='bbox 266 2573 343 2603; x_wconf 85' lang='lat' dir='ltr'>pus;</span> <span class='ocrx_word' id='word_1_432' title='bbox 369 2572 407 2593; x_wconf 90' lang='lat' dir='ltr'>ex</span> <span class='ocrx_word' id='word_1_433' title='bbox 423 2563 492 2598; x_wconf 53' lang='lat' dir='ltr'>,hoc</span> <span class='ocrx_word' id='word_1_434' title='bbox 508 2563 593 2593; x_wconf 89' lang='lat' dir='ltr'>enim</span> <span class='ocrx_word' id='word_1_435' title='bbox 617 2564 707 2604; x_wconf 92' lang='lat' dir='ltr'>quod</span> <span class='ocrx_word' id='word_1_436' title='bbox 728 2564 879 2594; x_wconf 87' lang='lat' dir='ltr'>informat</span> <span class='ocrx_word' id='word_1_437' title='bbox 901 2565 1017 2604; x_wconf 89' lang='lat' dir='ltr'>ipsum,</span> <span class='ocrx_word' id='word_1_438' title='bbox 1042 2565 1094 2595; x_wconf 91' lang='lat' dir='ltr'>dat</span> <span class='ocrx_word' id='word_1_439' title='bbox 1118 2566 1146 2595; x_wconf 93' lang='lat' dir='ltr'>ei</span> <span class='ocrx_word' id='word_1_440' title='bbox 1170 2575 1237 2595; x_wconf 90' lang='lat' dir='ltr'>esse</span> <span class='ocrx_word' id='word_1_441' title='bbox 1258 2575 1329 2606; x_wconf 90' lang='lat' dir='ltr'>spe-</span> 
     </span>
     <span class='ocr_line' id='line_1_56' title="bbox 267 2606 1328 2650; baseline 0.003 -13"><span class='ocrx_word' id='word_1_442' title='bbox 267 2606 405 2643; x_wconf 88' lang='lat' dir='ltr'>cificum,</span> <span class='ocrx_word' id='word_1_443' title='bbox 423 2606 512 2647; x_wconf 91' lang='lat' dir='ltr'>quod</span> <span class='ocrx_word' id='word_1_444' title='bbox 526 2612 638 2637; x_wconf 84' lang='lat' dir='ltr'>natura</span> <span class='ocrx_word' id='word_1_445' title='bbox 660 2608 824 2648; x_wconf 87' lang='lat' dir='ltr'>significat.</span> <span class='ocrx_word' id='word_1_446' title='bbox 849 2608 1010 2645; x_wconf 89' lang='lat' dir='ltr'>Secundo,</span> <span class='ocrx_word' id='word_1_447' title='bbox 1034 2619 1091 2649; x_wconf 92' lang='lat' dir='ltr'>per</span> <span class='ocrx_word' id='word_1_448' title='bbox 1106 2609 1242 2639; x_wconf 90' lang='lat' dir='ltr'>modum</span> <span class='ocrx_word' id='word_1_449' title='bbox 1257 2619 1328 2650; x_wconf 89' lang='lat' dir='ltr'>per-</span> 
     </span>
     <span class='ocr_line' id='line_1_57' title="bbox 266 2650 1328 2694; baseline 0.003 -13"><span class='ocrx_word' id='word_1_450' title='bbox 266 2660 377 2682; x_wconf 86' lang='lat' dir='ltr'>sonae:</span> <span class='ocrx_word' id='word_1_451' title='bbox 395 2656 427 2682; x_wconf 92' lang='lat' dir='ltr'>et</span> <span class='ocrx_word' id='word_1_452' title='bbox 441 2651 504 2681; x_wconf 92' lang='lat' dir='ltr'>hoc</span> <span class='ocrx_word' id='word_1_453' title='bbox 519 2650 594 2685; x_wconf 81' lang='lat' dir='ltr'>facit</span> <span class='ocrx_word' id='word_1_454' title='bbox 609 2652 878 2683; x_wconf 86' lang='lat' dir='ltr'>communicando</span> <span class='ocrx_word' id='word_1_455' title='bbox 894 2663 989 2683; x_wconf 91' lang='lat' dir='ltr'>suum</span> <span class='ocrx_word' id='word_1_456' title='bbox 1005 2654 1174 2684; x_wconf 88' lang='lat' dir='ltr'>subsistere</span> <span class='ocrx_word' id='word_1_457' title='bbox 1190 2655 1328 2694; x_wconf 84' lang='lat' dir='ltr'>corpori,</span> 
     </span>
     <span class='ocr_line' id='line_1_58' title="bbox 264 2694 1329 2736; baseline 0.004 -12"><span class='ocrx_word' id='word_1_458' title='bbox 264 2696 308 2725; x_wconf 89' lang='lat' dir='ltr'>ita</span> <span class='ocrx_word' id='word_1_459' title='bbox 332 2694 421 2735; x_wconf 93' lang='lat' dir='ltr'>quod</span> <span class='ocrx_word' id='word_1_460' title='bbox 443 2704 510 2725; x_wconf 93' lang='lat' dir='ltr'>non</span> <span class='ocrx_word' id='word_1_461' title='bbox 533 2695 639 2726; x_wconf 91' lang='lat' dir='ltr'>solum</span> <span class='ocrx_word' id='word_1_462' title='bbox 662 2696 730 2735; x_wconf 85' lang='lat' dir='ltr'>ipsa</span> <span class='ocrx_word' id='word_1_463' title='bbox 745 2697 850 2727; x_wconf 86' lang='lat' dir='ltr'>anima</span> <span class='ocrx_word' id='word_1_464' title='bbox 873 2707 930 2736; x_wconf 89' lang='lat' dir='ltr'>per</span> <span class='ocrx_word' id='word_1_465' title='bbox 945 2707 1040 2727; x_wconf 93' lang='lat' dir='ltr'>suum</span> <span class='ocrx_word' id='word_1_466' title='bbox 1064 2698 1232 2728; x_wconf 88' lang='lat' dir='ltr'>subsistere</span> <span class='ocrx_word' id='word_1_467' title='bbox 1254 2699 1329 2728; x_wconf 88' lang='lat' dir='ltr'>sub·</span> 
     </span>
     <span class='ocr_line' id='line_1_59' title="bbox 264 2738 1329 2780; baseline 0.003 -11"><span class='ocrx_word' id='word_1_468' title='bbox 264 2740 361 2775; x_wconf 88' lang='lat' dir='ltr'>sistat,</span> <span class='ocrx_word' id='word_1_469' title='bbox 379 2738 434 2769; x_wconf 89' lang='lat' dir='ltr'>sed</span> <span class='ocrx_word' id='word_1_470' title='bbox 450 2748 567 2779; x_wconf 91' lang='lat' dir='ltr'>corpus</span> <span class='ocrx_word' id='word_1_471' title='bbox 582 2738 730 2770; x_wconf 88' lang='lat' dir='ltr'>subsistat</span> <span class='ocrx_word' id='word_1_472' title='bbox 743 2750 801 2780; x_wconf 90' lang='lat' dir='ltr'>per</span> <span class='ocrx_word' id='word_1_473' title='bbox 816 2740 962 2771; x_wconf 91' lang='lat' dir='ltr'>illudmet</span> <span class='ocrx_word' id='word_1_474' title='bbox 980 2742 1164 2778; x_wconf 85' lang='lat' dir='ltr'>subsistere;</span> <span class='ocrx_word' id='word_1_475' title='bbox 1189 2743 1329 2772; x_wconf 90' lang='lat' dir='ltr'>subsistit</span> 
     </span>
     <span class='ocr_line' id='line_1_60' title="bbox 265 2782 1328 2826; baseline 0.003 -13"><span class='ocrx_word' id='word_1_476' title='bbox 265 2783 352 2813; x_wconf 91' lang='lat' dir='ltr'>enim</span> <span class='ocrx_word' id='word_1_477' title='bbox 369 2792 485 2823; x_wconf 89' lang='lat' dir='ltr'>corpus</span> <span class='ocrx_word' id='word_1_478' title='bbox 501 2782 671 2813; x_wconf 90' lang='lat' dir='ltr'>adveniens</span> <span class='ocrx_word' id='word_1_479' title='bbox 693 2793 761 2814; x_wconf 91' lang='lat' dir='ltr'>non</span> <span class='ocrx_word' id='word_1_480' title='bbox 779 2794 836 2824; x_wconf 91' lang='lat' dir='ltr'>per</span> <span class='ocrx_word' id='word_1_481' title='bbox 851 2794 974 2815; x_wconf 89' lang='lat' dir='ltr'>novum</span> <span class='ocrx_word' id='word_1_482' title='bbox 998 2786 1176 2822; x_wconf 89' lang='lat' dir='ltr'>subsistere,</span> <span class='ocrx_word' id='word_1_483' title='bbox 1193 2786 1250 2816; x_wconf 91' lang='lat' dir='ltr'>sed</span> <span class='ocrx_word' id='word_1_484' title='bbox 1272 2796 1328 2826; x_wconf 92' lang='lat' dir='ltr'>per</span> 
     </span>
     <span class='ocr_line' id='line_1_61' title="bbox 266 2827 1328 2867; baseline 0.004 -11"><span class='ocrx_word' id='word_1_485' title='bbox 266 2828 430 2867; x_wconf 88' lang='lat' dir='ltr'>antiquam</span> <span class='ocrx_word' id='word_1_486' title='bbox 446 2827 570 2856; x_wconf 86' lang='lat' dir='ltr'>animae</span> <span class='ocrx_word' id='word_1_487' title='bbox 585 2827 828 2858; x_wconf 89' lang='lat' dir='ltr'>subsistentiam.</span> <span class='ocrx_word' id='word_1_488' title='bbox 852 2828 1022 2866; x_wconf 89' lang='lat' dir='ltr'>Quocirca,</span> <span class='ocrx_word' id='word_1_489' title='bbox 1047 2830 1073 2859; x_wconf 91' lang='lat' dir='ltr'>si</span> <span class='ocrx_word' id='word_1_490' title='bbox 1090 2830 1123 2860; x_wconf 92' lang='lat' dir='ltr'>in</span> <span class='ocrx_word' id='word_1_491' title='bbox 1139 2831 1260 2860; x_wconf 91' lang='lat' dir='ltr'>unione</span> <span class='ocrx_word' id='word_1_492' title='bbox 1281 2841 1328 2860; x_wconf 87' lang='lat' dir='ltr'>ra-</span> 
     </span>
     <span class='ocr_line' id='line_1_62' title="bbox 264 2871 1328 2910; baseline 0.005 -10"><span class='ocrx_word' id='word_1_493' title='bbox 264 2871 391 2901; x_wconf 90' lang='lat' dir='ltr'>tionalis</span> <span class='ocrx_word' id='word_1_494' title='bbox 414 2871 539 2901; x_wconf 86' lang='lat' dir='ltr'>animae</span> <span class='ocrx_word' id='word_1_495' title='bbox 563 2876 594 2901; x_wconf 92' lang='lat' dir='ltr'>et</span> <span class='ocrx_word' id='word_1_496' title='bbox 616 2871 758 2910; x_wconf 88' lang='lat' dir='ltr'>corporis</span> <span class='ocrx_word' id='word_1_497' title='bbox 781 2872 998 2903; x_wconf 90' lang='lat' dir='ltr'>consideretur</span> <span class='ocrx_word' id='word_1_498' title='bbox 1021 2873 1180 2904; x_wconf 92' lang='lat' dir='ltr'>secundus</span> <span class='ocrx_word' id='word_1_499' title='bbox 1203 2879 1328 2904; x_wconf 91' lang='lat' dir='ltr'>tanturn</span> 
     </span>
     <span class='ocr_line' id='line_1_63' title="bbox 265 2914 1328 2957; baseline 0.003 -11"><span class='ocrx_word' id='word_1_500' title='bbox 265 2915 382 2946; x_wconf 89' lang='lat' dir='ltr'>modus</span> <span class='ocrx_word' id='word_1_501' title='bbox 401 2914 611 2945; x_wconf 89' lang='lat' dir='ltr'>abstrahendo</span> <span class='ocrx_word' id='word_1_502' title='bbox 628 2925 645 2944; x_wconf 93' lang='lat' dir='ltr'>a</span> <span class='ocrx_word' id='word_1_503' title='bbox 660 2915 776 2954; x_wconf 88' lang='lat' dir='ltr'>primo,</span> <span class='ocrx_word' id='word_1_504' title='bbox 788 2916 955 2947; x_wconf 90' lang='lat' dir='ltr'>habebitur</span> <span class='ocrx_word' id='word_1_505' title='bbox 974 2918 1158 2957; x_wconf 88' lang='lat' dir='ltr'>exemplum</span> <span class='ocrx_word' id='word_1_506' title='bbox 1173 2919 1207 2948; x_wconf 90' lang='lat' dir='ltr'>in</span> <span class='ocrx_word' id='word_1_507' title='bbox 1222 2928 1328 2949; x_wconf 91' lang='lat' dir='ltr'>rerum</span> 
     </span>
     <span class='ocr_line' id='line_1_64' title="bbox 265 2959 1328 3000; baseline 0.003 -11"><span class='ocrx_word' id='word_1_508' title='bbox 265 2965 378 2990; x_wconf 87' lang='lat' dir='ltr'>natura</span> <span class='ocrx_word' id='word_1_509' title='bbox 399 2960 482 2989; x_wconf 91' lang='lat' dir='ltr'>inter</span> <span class='ocrx_word' id='word_1_510' title='bbox 497 2959 619 2998; x_wconf 90' lang='lat' dir='ltr'>reliqua</span> <span class='ocrx_word' id='word_1_511' title='bbox 642 2959 839 2990; x_wconf 89' lang='lat' dir='ltr'>simillimum</span> <span class='ocrx_word' id='word_1_512' title='bbox 863 2961 1031 3000; x_wconf 92' lang='lat' dir='ltr'>quomodo</span> <span class='ocrx_word' id='word_1_513' title='bbox 1054 2962 1133 2991; x_wconf 88' lang='lat' dir='ltr'>unio</span> <span class='ocrx_word' id='word_1_514' title='bbox 1154 2968 1201 2992; x_wconf 87' lang='lat' dir='ltr'>est</span> <span class='ocrx_word' id='word_1_515' title='bbox 1216 2963 1328 2992; x_wconf 90' lang='lat' dir='ltr'>huma-</span> 
     </span>
     <span class='ocr_line' id='line_1_65' title="bbox 265 3002 1328 3046; baseline 0.004 -14"><span class='ocrx_word' id='word_1_516' title='bbox 265 3012 326 3033; x_wconf 86' lang='lat' dir='ltr'>nae</span> <span class='ocrx_word' id='word_1_517' title='bbox 348 3008 479 3033; x_wconf 90' lang='lat' dir='ltr'>naturae</span> <span class='ocrx_word' id='word_1_518' title='bbox 502 3002 541 3033; x_wconf 94' lang='lat' dir='ltr'>ad</span> <span class='ocrx_word' id='word_1_519' title='bbox 556 3003 699 3033; x_wconf 90' lang='lat' dir='ltr'>Verbum</span> <span class='ocrx_word' id='word_1_520' title='bbox 722 3003 900 3034; x_wconf 90' lang='lat' dir='ltr'>secundum</span> <span class='ocrx_word' id='word_1_521' title='bbox 920 3014 987 3034; x_wconf 92' lang='lat' dir='ltr'>esse</span> <span class='ocrx_word' id='word_1_522' title='bbox 1003 3005 1207 3036; x_wconf 88' lang='lat' dir='ltr'>substantiale</span> <span class='ocrx_word' id='word_1_523' title='bbox 1229 3007 1328 3046; x_wconf 90' lang='lat' dir='ltr'>ipsius</span> 
     </span>
     <span class='ocr_line' id='line_1_66' title="bbox 265 3047 1328 3088; baseline 0.003 -11"><span class='ocrx_word' id='word_1_524' title='bbox 265 3047 372 3083; x_wconf 91' lang='lat' dir='ltr'>Verbi,</span> <span class='ocrx_word' id='word_1_525' title='bbox 388 3057 457 3077; x_wconf 93' lang='lat' dir='ltr'>non</span> <span class='ocrx_word' id='word_1_526' title='bbox 472 3053 508 3077; x_wconf 92' lang='lat' dir='ltr'>ut</span> <span class='ocrx_word' id='word_1_527' title='bbox 529 3052 575 3077; x_wconf 90' lang='lat' dir='ltr'>est</span> <span class='ocrx_word' id='word_1_528' title='bbox 594 3052 734 3082; x_wconf 86' lang='lat' dir='ltr'>naturae,</span> <span class='ocrx_word' id='word_1_529' title='bbox 751 3047 807 3077; x_wconf 89' lang='lat' dir='ltr'>sed</span> <span class='ocrx_word' id='word_1_530' title='bbox 826 3053 862 3077; x_wconf 93' lang='lat' dir='ltr'>ut</span> <span class='ocrx_word' id='word_1_531' title='bbox 878 3053 924 3077; x_wconf 92' lang='lat' dir='ltr'>est</span> <span class='ocrx_word' id='word_1_532' title='bbox 939 3057 1104 3088; x_wconf 91' lang='lat' dir='ltr'>personae,</span> <span class='ocrx_word' id='word_1_533' title='bbox 1120 3055 1156 3079; x_wconf 90' lang='lat' dir='ltr'>ut</span> <span class='ocrx_word' id='word_1_534' title='bbox 1178 3050 1211 3079; x_wconf 95' lang='lat' dir='ltr'>in</span> <span class='ocrx_word' id='word_1_535' title='bbox 1227 3050 1328 3080; x_wconf 90' lang='lat' dir='ltr'>littera</span> 
     </span>
     <span class='ocr_line' id='line_1_67' title="bbox 265 3090 1328 3131; baseline 0.003 -10"><span class='ocrx_word' id='word_1_536' title='bbox 265 3090 390 3121; x_wconf 90' lang='lat' dir='ltr'>dicitur.</span> <span class='ocrx_word' id='word_1_537' title='bbox 414 3091 498 3121; x_wconf 89' lang='lat' dir='ltr'>Nam</span> <span class='ocrx_word' id='word_1_538' title='bbox 521 3092 602 3121; x_wconf 90' lang='lat' dir='ltr'>sicut</span> <span class='ocrx_word' id='word_1_539' title='bbox 625 3091 730 3120; x_wconf 86' lang='lat' dir='ltr'>anima</span> <span class='ocrx_word' id='word_1_540' title='bbox 752 3091 912 3121; x_wconf 91' lang='lat' dir='ltr'>rationalis</span> <span class='ocrx_word' id='word_1_541' title='bbox 935 3101 1052 3131; x_wconf 91' lang='lat' dir='ltr'>corpus</span> <span class='ocrx_word' id='word_1_542' title='bbox 1075 3093 1134 3123; x_wconf 90' lang='lat' dir='ltr'>sibi</span> <span class='ocrx_word' id='word_1_543' title='bbox 1152 3094 1279 3124; x_wconf 91' lang='lat' dir='ltr'>unitum</span> <span class='ocrx_word' id='word_1_544' title='bbox 1294 3095 1328 3124; x_wconf 90' lang='lat' dir='ltr'>in</span> 
     </span>
     <span class='ocr_line' id='line_1_68' title="bbox 265 3134 1327 3172; baseline 0.003 -7"><span class='ocrx_word' id='word_1_545' title='bbox 265 3136 496 3165; x_wconf 89' lang='lat' dir='ltr'>resurrectione</span> <span class='ocrx_word' id='word_1_546' title='bbox 526 3135 634 3171; x_wconf 85' lang='lat' dir='ltr'>trahit,</span> <span class='ocrx_word' id='word_1_547' title='bbox 660 3135 781 3165; x_wconf 88' lang='lat' dir='ltr'>seclusa</span> <span class='ocrx_word' id='word_1_548' title='bbox 803 3134 1046 3172; x_wconf 87' lang='lat' dir='ltr'>informatione,</span> <span class='ocrx_word' id='word_1_549' title='bbox 1070 3136 1111 3166; x_wconf 92' lang='lat' dir='ltr'>ad</span> <span class='ocrx_word' id='word_1_550' title='bbox 1138 3146 1205 3167; x_wconf 87' lang='lat' dir='ltr'>esse</span> <span class='ocrx_word' id='word_1_551' title='bbox 1232 3147 1327 3168; x_wconf 91' lang='lat' dir='ltr'>suum</span> 
     </span>
     <span class='ocr_line' id='line_1_69' title="bbox 264 3179 1328 3219; baseline 0.002 -10"><span class='ocrx_word' id='word_1_552' title='bbox 264 3184 364 3218; x_wconf 89' lang='lat' dir='ltr'>prout</span> <span class='ocrx_word' id='word_1_553' title='bbox 387 3185 433 3209; x_wconf 91' lang='lat' dir='ltr'>est</span> <span class='ocrx_word' id='word_1_554' title='bbox 455 3188 620 3219; x_wconf 83' lang='lat' dir='ltr'>personae,</span> <span class='ocrx_word' id='word_1_555' title='bbox 644 3179 707 3209; x_wconf 91' lang='lat' dir='ltr'>hoc</span> <span class='ocrx_word' id='word_1_556' title='bbox 732 3184 787 3214; x_wconf 88' lang='lat' dir='ltr'>est,</span> <span class='ocrx_word' id='word_1_557' title='bbox 811 3184 908 3218; x_wconf 91' lang='lat' dir='ltr'>prout</span> <span class='ocrx_word' id='word_1_558' title='bbox 931 3184 977 3209; x_wconf 92' lang='lat' dir='ltr'>est</span> <span class='ocrx_word' id='word_1_559' title='bbox 999 3180 1182 3216; x_wconf 88' lang='lat' dir='ltr'>subsistere,</span> <span class='ocrx_word' id='word_1_560' title='bbox 1208 3186 1239 3211; x_wconf 89' lang='lat' dir='ltr'>et</span> <span class='ocrx_word' id='word_1_561' title='bbox 1260 3191 1328 3211; x_wconf 89' lang='lat' dir='ltr'>non</span> 
     </span>
     <span class='ocr_line' id='line_1_70' title="bbox 266 3223 1329 3263; baseline 0.002 -10"><span class='ocrx_word' id='word_1_562' title='bbox 266 3223 360 3253; x_wconf 88' lang='lat' dir='ltr'>trahit</span> <span class='ocrx_word' id='word_1_563' title='bbox 382 3223 422 3253; x_wconf 90' lang='lat' dir='ltr'>ad</span> <span class='ocrx_word' id='word_1_564' title='bbox 445 3232 513 3253; x_wconf 89' lang='lat' dir='ltr'>esse</span> <span class='ocrx_word' id='word_1_565' title='bbox 535 3233 630 3253; x_wconf 85' lang='lat' dir='ltr'>suum</span> <span class='ocrx_word' id='word_1_566' title='bbox 654 3229 750 3263; x_wconf 92' lang='lat' dir='ltr'>prout</span> <span class='ocrx_word' id='word_1_567' title='bbox 771 3228 817 3253; x_wconf 90' lang='lat' dir='ltr'>est</span> <span class='ocrx_word' id='word_1_568' title='bbox 839 3228 979 3258; x_wconf 91' lang='lat' dir='ltr'>naturae,</span> <span class='ocrx_word' id='word_1_569' title='bbox 1003 3223 1067 3253; x_wconf 91' lang='lat' dir='ltr'>hoc</span> <span class='ocrx_word' id='word_1_570' title='bbox 1083 3229 1138 3259; x_wconf 89' lang='lat' dir='ltr'>est,</span> <span class='ocrx_word' id='word_1_571' title='bbox 1162 3230 1259 3263; x_wconf 90' lang='lat' dir='ltr'>prout</span> <span class='ocrx_word' id='word_1_572' title='bbox 1282 3230 1329 3255; x_wconf 92' lang='lat' dir='ltr'>est</span> 
     </span>
     <span class='ocr_line' id='line_1_71' title="bbox 266 3266 1328 3307; baseline 0.001 -10"><span class='ocrx_word' id='word_1_573' title='bbox 266 3266 435 3297; x_wconf 85' lang='lat' dir='ltr'>conferens</span> <span class='ocrx_word' id='word_1_574' title='bbox 458 3276 525 3297; x_wconf 89' lang='lat' dir='ltr'>esse</span> <span class='ocrx_word' id='word_1_575' title='bbox 549 3266 752 3307; x_wconf 87' lang='lat' dir='ltr'>specificum;</span> <span class='ocrx_word' id='word_1_576' title='bbox 782 3267 824 3296; x_wconf 86' lang='lat' dir='ltr'>ita</span> <span class='ocrx_word' id='word_1_577' title='bbox 847 3267 990 3296; x_wconf 89' lang='lat' dir='ltr'>Verbum</span> <span class='ocrx_word' id='word_1_578' title='bbox 1017 3267 1077 3297; x_wconf 91' lang='lat' dir='ltr'>Dei</span> <span class='ocrx_word' id='word_1_579' title='bbox 1100 3273 1246 3298; x_wconf 88' lang='lat' dir='ltr'>naturam</span> <span class='ocrx_word' id='word_1_580' title='bbox 1268 3269 1328 3298; x_wconf 94' lang='lat' dir='ltr'>hu-</span> 
     </span>
     <span class='ocr_line' id='line_1_72' title="bbox 266 3310 1326 3350; baseline 0.002 -10"><span class='ocrx_word' id='word_1_581' title='bbox 266 3320 395 3341; x_wconf 90' lang='lat' dir='ltr'>manam</span> <span class='ocrx_word' id='word_1_582' title='bbox 418 3311 476 3340; x_wconf 88' lang='lat' dir='ltr'>sibi</span> <span class='ocrx_word' id='word_1_583' title='bbox 498 3311 621 3341; x_wconf 91' lang='lat' dir='ltr'>unitam</span> <span class='ocrx_word' id='word_1_584' title='bbox 644 3311 737 3341; x_wconf 90' lang='lat' dir='ltr'>trahit</span> <span class='ocrx_word' id='word_1_585' title='bbox 760 3310 799 3340; x_wconf 94' lang='lat' dir='ltr'>ad</span> <span class='ocrx_word' id='word_1_586' title='bbox 823 3320 890 3340; x_wconf 92' lang='lat' dir='ltr'>esse</span> <span class='ocrx_word' id='word_1_587' title='bbox 913 3320 1008 3341; x_wconf 91' lang='lat' dir='ltr'>suum</span> <span class='ocrx_word' id='word_1_588' title='bbox 1030 3316 1067 3340; x_wconf 90' lang='lat' dir='ltr'>ut</span> <span class='ocrx_word' id='word_1_589' title='bbox 1093 3316 1139 3341; x_wconf 89' lang='lat' dir='ltr'>est</span> <span class='ocrx_word' id='word_1_590' title='bbox 1161 3321 1326 3350; x_wconf 89' lang='lat' dir='ltr'>personae,</span> 
     </span>
     <span class='ocr_line' id='line_1_73' title="bbox 265 3355 1326 3395; baseline 0.001 -11"><span class='ocrx_word' id='word_1_591' title='bbox 265 3355 330 3384; x_wconf 92' lang='lat' dir='ltr'>hoc</span> <span class='ocrx_word' id='word_1_592' title='bbox 347 3360 402 3391; x_wconf 89' lang='lat' dir='ltr'>est,</span> <span class='ocrx_word' id='word_1_593' title='bbox 418 3360 455 3384; x_wconf 93' lang='lat' dir='ltr'>ut</span> <span class='ocrx_word' id='word_1_594' title='bbox 471 3359 517 3384; x_wconf 90' lang='lat' dir='ltr'>est</span> <span class='ocrx_word' id='word_1_595' title='bbox 532 3355 716 3385; x_wconf 89' lang='lat' dir='ltr'>subsistere:</span> <span class='ocrx_word' id='word_1_596' title='bbox 734 3372 754 3377; x_wconf 94' lang='lat'>-</span> <span class='ocrx_word' id='word_1_597' title='bbox 773 3355 848 3395; x_wconf 90' lang='lat' dir='ltr'>quia</span> <span class='ocrx_word' id='word_1_598' title='bbox 864 3360 974 3384; x_wconf 89' lang='lat' dir='ltr'>natura</span> <span class='ocrx_word' id='word_1_599' title='bbox 995 3355 1135 3384; x_wconf 88' lang='lat' dir='ltr'>humana</span> <span class='ocrx_word' id='word_1_600' title='bbox 1150 3355 1183 3384; x_wconf 95' lang='lat' dir='ltr'>in</span> <span class='ocrx_word' id='word_1_601' title='bbox 1200 3355 1326 3386; x_wconf 89' lang='lat' dir='ltr'>Christo</span> 
     </span>
     <span class='ocr_line' id='line_1_74' title="bbox 266 3398 1326 3438; baseline 0 -10"><span class='ocrx_word' id='word_1_602' title='bbox 266 3407 335 3428; x_wconf 89' lang='lat' dir='ltr'>non</span> <span class='ocrx_word' id='word_1_603' title='bbox 349 3407 407 3438; x_wconf 90' lang='lat' dir='ltr'>per</span> <span class='ocrx_word' id='word_1_604' title='bbox 422 3408 456 3429; x_wconf 90' lang='lat' dir='ltr'>se</span> <span class='ocrx_word' id='word_1_605' title='bbox 471 3399 638 3438; x_wconf 85' lang='lat' dir='ltr'>separatim</span> <span class='ocrx_word' id='word_1_606' title='bbox 659 3399 771 3434; x_wconf 82' lang='lat' dir='ltr'>existit,</span> <span class='ocrx_word' id='word_1_607' title='bbox 788 3398 843 3429; x_wconf 91' lang='lat' dir='ltr'>sed</span> <span class='ocrx_word' id='word_1_608' title='bbox 858 3399 891 3428; x_wconf 91' lang='lat' dir='ltr'>in</span> <span class='ocrx_word' id='word_1_609' title='bbox 906 3398 1013 3428; x_wconf 91' lang='lat' dir='ltr'>Verbo</span> <span class='ocrx_word' id='word_1_610' title='bbox 1029 3399 1106 3434; x_wconf 80' lang='lat' dir='ltr'>Dei,</span> <span class='ocrx_word' id='word_1_611' title='bbox 1130 3408 1166 3428; x_wconf 91' lang='lat' dir='ltr'>ac</span> <span class='ocrx_word' id='word_1_612' title='bbox 1181 3408 1238 3438; x_wconf 90' lang='lat' dir='ltr'>per</span> <span class='ocrx_word' id='word_1_613' title='bbox 1253 3399 1326 3435; x_wconf 86' lang='lat' dir='ltr'>hoc,</span> 
     </span>
     <span class='ocr_line' id='line_1_75' title="bbox 265 3442 1326 3473; baseline 0 -1"><span class='ocrx_word' id='word_1_614' title='bbox 265 3442 436 3472; x_wconf 87' lang='lat' dir='ltr'>subsistere</span> <span class='ocrx_word' id='word_1_615' title='bbox 450 3442 547 3472; x_wconf 90' lang='lat' dir='ltr'>Verbi</span> <span class='ocrx_word' id='word_1_616' title='bbox 569 3448 616 3472; x_wconf 90' lang='lat' dir='ltr'>est</span> <span class='ocrx_word' id='word_1_617' title='bbox 630 3443 798 3473; x_wconf 89' lang='lat' dir='ltr'>subsistere</span> <span class='ocrx_word' id='word_1_618' title='bbox 822 3443 979 3473; x_wconf 92' lang='lat' dir='ltr'>humanae</span> <span class='ocrx_word' id='word_1_619' title='bbox 1002 3448 1148 3472; x_wconf 86' lang='lat' dir='ltr'>naturae:</span> <span class='ocrx_word' id='word_1_620' title='bbox 1172 3443 1225 3473; x_wconf 93' lang='lat' dir='ltr'>ille</span> <span class='ocrx_word' id='word_1_621' title='bbox 1242 3444 1326 3473; x_wconf 90' lang='lat' dir='ltr'>enim</span> 
     </span>
     <span class='ocr_line' id='line_1_76' title="bbox 267 3486 1327 3526; baseline 0.002 -10"><span class='ocrx_word' id='word_1_622' title='bbox 267 3486 368 3516; x_wconf 90' lang='lat' dir='ltr'>homo</span> <span class='ocrx_word' id='word_1_623' title='bbox 392 3486 448 3526; x_wconf 94' lang='lat' dir='ltr'>qui</span> <span class='ocrx_word' id='word_1_624' title='bbox 469 3491 603 3516; x_wconf 89' lang='lat' dir='ltr'>vocatur</span> <span class='ocrx_word' id='word_1_625' title='bbox 626 3487 711 3517; x_wconf 90' lang='lat' dir='ltr'>Iesus</span> <span class='ocrx_word' id='word_1_626' title='bbox 735 3486 893 3522; x_wconf 86' lang='lat' dir='ltr'>Christus,</span> <span class='ocrx_word' id='word_1_627' title='bbox 917 3496 990 3516; x_wconf 92' lang='lat' dir='ltr'>vere</span> <span class='ocrx_word' id='word_1_628' title='bbox 1014 3492 1060 3516; x_wconf 90' lang='lat' dir='ltr'>est</span> <span class='ocrx_word' id='word_1_629' title='bbox 1083 3487 1270 3523; x_wconf 84' lang='lat' dir='ltr'>subsistens,</span> <span class='ocrx_word' id='word_1_630' title='bbox 1296 3493 1327 3518; x_wconf 92' lang='lat' dir='ltr'>et</span> 
     </span>
     <span class='ocr_line' id='line_1_77' title="bbox 267 3530 1327 3570; baseline 0.002 -11"><span class='ocrx_word' id='word_1_631' title='bbox 267 3538 335 3559; x_wconf 92' lang='lat' dir='ltr'>non</span> <span class='ocrx_word' id='word_1_632' title='bbox 358 3530 418 3560; x_wconf 82' lang='lat' dir='ltr'>alia</span> <span class='ocrx_word' id='word_1_633' title='bbox 439 3530 639 3560; x_wconf 89' lang='lat' dir='ltr'>subsistentia</span> <span class='ocrx_word' id='word_1_634' title='bbox 655 3540 752 3570; x_wconf 92' lang='lat' dir='ltr'>quam</span> <span class='ocrx_word' id='word_1_635' title='bbox 774 3532 911 3561; x_wconf 89' lang='lat' dir='ltr'>increata</span> <span class='ocrx_word' id='word_1_636' title='bbox 935 3536 966 3560; x_wconf 89' lang='lat' dir='ltr'>et</span> <span class='ocrx_word' id='word_1_637' title='bbox 987 3536 1112 3560; x_wconf 89' lang='lat' dir='ltr'>aeterna</span> <span class='ocrx_word' id='word_1_638' title='bbox 1127 3531 1327 3562; x_wconf 88' lang='lat' dir='ltr'>subsistentia</span> 
     </span>
     <span class='ocr_line' id='line_1_78' title="bbox 267 3573 1325 3611; baseline 0.002 -8"><span class='ocrx_word' id='word_1_639' title='bbox 267 3573 340 3603; x_wconf 92' lang='lat' dir='ltr'>Filii</span> <span class='ocrx_word' id='word_1_640' title='bbox 362 3573 438 3603; x_wconf 89' lang='lat' dir='ltr'>Dei:</span> <span class='ocrx_word' id='word_1_641' title='bbox 456 3591 476 3596; x_wconf 96' lang='lat'>—</span> <span class='ocrx_word' id='word_1_642' title='bbox 500 3579 531 3604; x_wconf 92' lang='lat' dir='ltr'>et</span> <span class='ocrx_word' id='word_1_643' title='bbox 546 3583 614 3604; x_wconf 90' lang='lat' dir='ltr'>non</span> <span class='ocrx_word' id='word_1_644' title='bbox 628 3575 721 3604; x_wconf 90' lang='lat' dir='ltr'>trahit</span> <span class='ocrx_word' id='word_1_645' title='bbox 742 3574 781 3605; x_wconf 91' lang='lat' dir='ltr'>ad</span> <span class='ocrx_word' id='word_1_646' title='bbox 797 3584 864 3605; x_wconf 91' lang='lat' dir='ltr'>esse</span> <span class='ocrx_word' id='word_1_647' title='bbox 880 3584 974 3604; x_wconf 92' lang='lat' dir='ltr'>suum</span> <span class='ocrx_word' id='word_1_648' title='bbox 994 3579 1030 3604; x_wconf 92' lang='lat' dir='ltr'>ut</span> <span class='ocrx_word' id='word_1_649' title='bbox 1047 3579 1092 3604; x_wconf 91' lang='lat' dir='ltr'>est</span> <span class='ocrx_word' id='word_1_650' title='bbox 1106 3579 1246 3611; x_wconf 88' lang='lat' dir='ltr'>naturae,</span> <span class='ocrx_word' id='word_1_651' title='bbox 1263 3575 1325 3606; x_wconf 91' lang='lat' dir='ltr'>hoc</span> 
     </span>
    </p>
   </div>
   <div class='ocr_carea' id='block_1_5' title="bbox 1358 319 1369 1863">
    <p class='ocr_par' dir='ltr' id='par_1_9' title="bbox 1358 319 1369 1863">
     <span class='ocr_line' id='line_1_79' title="bbox 1358 319 1369 1863; baseline 0 0"><span class='ocrx_word' id='word_1_652' title='bbox 1358 319 1369 1863; x_wconf 95' lang='lat' dir='ltr'> </span> 
     </span>
    </p>
   </div>
   <div class='ocr_carea' id='block_1_6' title="bbox 1351 2015 1361 3445">
    <p class='ocr_par' dir='ltr' id='par_1_10' title="bbox 1351 2015 1361 3445">
     <span class='ocr_line' id='line_1_80' title="bbox 1351 2015 1361 3445; baseline 0 0"><span class='ocrx_word' id='word_1_653' title='bbox 1351 2015 1361 3445; x_wconf 95' lang='lat' dir='ltr'> </span> 
     </span>
    </p>
   </div>
   <div class='ocr_carea' id='block_1_7' title="bbox 1381 322 2456 3393">
    <p class='ocr_par' dir='ltr' id='par_1_11' title="bbox 1392 322 2456 536">
     <span class='ocr_line' id='line_1_81' title="bbox 1395 322 2456 356; baseline 0.004 -5"><span class='ocrx_word' id='word_1_654' title='bbox 1395 326 1451 356; x_wconf 91' lang='lat' dir='ltr'>est,</span> <span class='ocrx_word' id='word_1_655' title='bbox 1475 327 1511 351; x_wconf 91' lang='lat' dir='ltr'>ut</span> <span class='ocrx_word' id='word_1_656' title='bbox 1534 322 1658 352; x_wconf 81' lang='lat' dir='ltr'>confert</span> <span class='ocrx_word' id='word_1_657' title='bbox 1673 328 1818 352; x_wconf 91' lang='lat' dir='ltr'>naturam</span> <span class='ocrx_word' id='word_1_658' title='bbox 1835 322 1966 353; x_wconf 88' lang='lat' dir='ltr'>deitatis.</span> <span class='ocrx_word' id='word_1_659' title='bbox 1991 324 2065 353; x_wconf 92' lang='lat' dir='ltr'>Non</span> <span class='ocrx_word' id='word_1_660' title='bbox 2090 325 2175 354; x_wconf 92' lang='lat' dir='ltr'>enim</span> <span class='ocrx_word' id='word_1_661' title='bbox 2190 325 2330 355; x_wconf 91' lang='lat' dir='ltr'>humana</span> <span class='ocrx_word' id='word_1_662' title='bbox 2345 331 2456 355; x_wconf 90' lang='lat' dir='ltr'>natura</span> 
     </span>
     <span class='ocr_line' id='line_1_82' title="bbox 1394 365 2456 409; baseline 0.004 -14"><span class='ocrx_word' id='word_1_663' title='bbox 1394 365 1426 394; x_wconf 87' lang='lat' dir='ltr'>in</span> <span class='ocrx_word' id='word_1_664' title='bbox 1450 365 1576 396; x_wconf 90' lang='lat' dir='ltr'>Christo</span> <span class='ocrx_word' id='word_1_665' title='bbox 1601 366 1639 396; x_wconf 92' lang='lat' dir='ltr'>ad</span> <span class='ocrx_word' id='word_1_666' title='bbox 1662 372 1807 396; x_wconf 88' lang='lat' dir='ltr'>naturam</span> <span class='ocrx_word' id='word_1_667' title='bbox 1831 367 1953 397; x_wconf 90' lang='lat' dir='ltr'>deitatis</span> <span class='ocrx_word' id='word_1_668' title='bbox 1976 369 2105 403; x_wconf 90' lang='lat' dir='ltr'>transiit,</span> <span class='ocrx_word' id='word_1_669' title='bbox 2123 374 2177 398; x_wconf 92' lang='lat' dir='ltr'>aut</span> <span class='ocrx_word' id='word_1_670' title='bbox 2199 369 2338 409; x_wconf 89' lang='lat' dir='ltr'>aliquam</span> <span class='ocrx_word' id='word_1_671' title='bbox 2362 369 2456 399; x_wconf 89' lang='lat' dir='ltr'>aliam</span> 
     </span>
     <span class='ocr_line' id='line_1_83' title="bbox 1392 410 2455 451; baseline 0.005 -13"><span class='ocrx_word' id='word_1_672' title='bbox 1392 414 1537 439; x_wconf 91' lang='lat' dir='ltr'>naturam</span> <span class='ocrx_word' id='word_1_673' title='bbox 1562 420 1600 440; x_wconf 86' lang='lat' dir='ltr'>ex</span> <span class='ocrx_word' id='word_1_674' title='bbox 1615 410 1668 440; x_wconf 92' lang='lat' dir='ltr'>illa</span> <span class='ocrx_word' id='word_1_675' title='bbox 1691 411 1866 450; x_wconf 89' lang='lat' dir='ltr'>acquisivit,</span> <span class='ocrx_word' id='word_1_676' title='bbox 1891 411 1973 441; x_wconf 91' lang='lat' dir='ltr'>sicut</span> <span class='ocrx_word' id='word_1_677' title='bbox 1996 421 2112 451; x_wconf 91' lang='lat' dir='ltr'>corpus</span> <span class='ocrx_word' id='word_1_678' title='bbox 2130 422 2166 442; x_wconf 90' lang='lat' dir='ltr'>ex</span> <span class='ocrx_word' id='word_1_679' title='bbox 2187 413 2308 443; x_wconf 91' lang='lat' dir='ltr'>unione</span> <span class='ocrx_word' id='word_1_680' title='bbox 2328 413 2367 443; x_wconf 95' lang='lat' dir='ltr'>ad</span> <span class='ocrx_word' id='word_1_681' title='bbox 2387 423 2455 443; x_wconf 91' lang='lat' dir='ltr'>esse</span> 
     </span>
     <span class='ocr_line' id='line_1_84' title="bbox 1392 454 2455 496; baseline 0.006 -14"><span class='ocrx_word' id='word_1_682' title='bbox 1392 454 1516 483; x_wconf 91' lang='lat' dir='ltr'>animae</span> <span class='ocrx_word' id='word_1_683' title='bbox 1539 459 1575 484; x_wconf 91' lang='lat' dir='ltr'>ut</span> <span class='ocrx_word' id='word_1_684' title='bbox 1599 459 1645 484; x_wconf 90' lang='lat' dir='ltr'>est</span> <span class='ocrx_word' id='word_1_685' title='bbox 1660 460 1790 484; x_wconf 87' lang='lat' dir='ltr'>naturae</span> <span class='ocrx_word' id='word_1_686' title='bbox 1813 464 1931 485; x_wconf 86' lang='lat' dir='ltr'>novam</span> <span class='ocrx_word' id='word_1_687' title='bbox 1956 465 1993 485; x_wconf 91' lang='lat' dir='ltr'>ex</span> <span class='ocrx_word' id='word_1_688' title='bbox 2016 456 2069 485; x_wconf 87' lang='lat' dir='ltr'>illa</span> <span class='ocrx_word' id='word_1_689' title='bbox 2087 461 2231 486; x_wconf 89' lang='lat' dir='ltr'>naturam</span> <span class='ocrx_word' id='word_1_690' title='bbox 2255 466 2291 487; x_wconf 93' lang='lat' dir='ltr'>ac</span> <span class='ocrx_word' id='word_1_691' title='bbox 2314 458 2455 496; x_wconf 88' lang='lat' dir='ltr'>speciem</span> 
     </span>
     <span class='ocr_line' id='line_1_85' title="bbox 1392 498 1536 536; baseline 0.014 -11"><span class='ocrx_word' id='word_1_692' title='bbox 1392 498 1536 536; x_wconf 89' lang='lat' dir='ltr'>acquirit.</span> 
     </span>
    </p>

    <p class='ocr_par' dir='ltr' id='par_1_12' title="bbox 1391 541 2453 628">
     <span class='ocr_line' id='line_1_86' title="bbox 1446 541 2453 584; baseline 0.004 -13"><span class='ocrx_word' id='word_1_693' title='bbox 1446 541 1487 570; x_wconf 90' lang='lat' dir='ltr'>Et</span> <span class='ocrx_word' id='word_1_694' title='bbox 1509 542 1587 571; x_wconf 90' lang='lat' dir='ltr'>haec</span> <span class='ocrx_word' id='word_1_695' title='bbox 1611 551 1678 572; x_wconf 91' lang='lat' dir='ltr'>non</span> <span class='ocrx_word' id='word_1_696' title='bbox 1701 543 1807 573; x_wconf 91' lang='lat' dir='ltr'>solum</span> <span class='ocrx_word' id='word_1_697' title='bbox 1831 552 1890 582; x_wconf 92' lang='lat' dir='ltr'>pro</span> <span class='ocrx_word' id='word_1_698' title='bbox 1915 543 2052 582; x_wconf 89' lang='lat' dir='ltr'>exempli</span> <span class='ocrx_word' id='word_1_699' title='bbox 2075 544 2291 580; x_wconf 88' lang='lat' dir='ltr'>similitudine,</span> <span class='ocrx_word' id='word_1_700' title='bbox 2316 544 2371 574; x_wconf 93' lang='lat' dir='ltr'>sed</span> <span class='ocrx_word' id='word_1_701' title='bbox 2394 554 2453 584; x_wconf 90' lang='lat' dir='ltr'>pro</span> 
     </span>
     <span class='ocr_line' id='line_1_87' title="bbox 1391 585 2452 628; baseline 0.004 -14"><span class='ocrx_word' id='word_1_702' title='bbox 1391 585 1590 624; x_wconf 88' lang='lat' dir='ltr'>expositione</span> <span class='ocrx_word' id='word_1_703' title='bbox 1613 587 1830 626; x_wconf 91' lang='lat' dir='ltr'>responsionis</span> <span class='ocrx_word' id='word_1_704' title='bbox 1853 586 1892 617; x_wconf 89' lang='lat' dir='ltr'>ad</span> <span class='ocrx_word' id='word_1_705' title='bbox 1908 587 2086 617; x_wconf 90' lang='lat' dir='ltr'>secundum</span> <span class='ocrx_word' id='word_1_706' title='bbox 2109 587 2266 618; x_wconf 89' lang='lat' dir='ltr'>sufficiant</span> <span class='ocrx_word' id='word_1_707' title='bbox 2281 598 2339 628; x_wconf 91' lang='lat' dir='ltr'>pro</span> <span class='ocrx_word' id='word_1_708' title='bbox 2355 598 2452 619; x_wconf 90' lang='lat' dir='ltr'>nunc.</span> 
     </span>
    </p>

    <p class='ocr_par' dir='ltr' id='par_1_13' title="bbox 1386 629 2455 1854">
     <span class='ocr_line' id='line_1_88' title="bbox 1446 629 2455 672; baseline 0.004 -14"><span class='ocrx_word' id='word_1_709' title='bbox 1446 629 1497 658; x_wconf 86' lang='lat' dir='ltr'>IX.</span> <span class='ocrx_word' id='word_1_710' title='bbox 1523 629 1558 659; x_wconf 92' lang='lat' dir='ltr'>In</span> <span class='ocrx_word' id='word_1_711' title='bbox 1588 631 1798 669; x_wconf 90' lang='lat' dir='ltr'>responsione</span> <span class='ocrx_word' id='word_1_712' title='bbox 1829 630 1869 660; x_wconf 89' lang='lat' dir='ltr'>ad</span> <span class='ocrx_word' id='word_1_713' title='bbox 1892 631 2034 666; x_wconf 89' lang='lat' dir='ltr'>tertium,</span> <span class='ocrx_word' id='word_1_714' title='bbox 2059 637 2151 661; x_wconf 90' lang='lat' dir='ltr'>caute</span> <span class='ocrx_word' id='word_1_715' title='bbox 2179 637 2210 662; x_wconf 92' lang='lat' dir='ltr'>et</span> <span class='ocrx_word' id='word_1_716' title='bbox 2233 633 2455 672; x_wconf 88' lang='lat' dir='ltr'>perspicaciter</span> 
     </span>
     <span class='ocr_line' id='line_1_89' title="bbox 1391 672 2455 715; baseline 0.005 -14"><span class='ocrx_word' id='word_1_717' title='bbox 1391 672 1555 703; x_wconf 90' lang='lat' dir='ltr'>considera</span> <span class='ocrx_word' id='word_1_718' title='bbox 1579 673 1677 713; x_wconf 88' lang='lat' dir='ltr'>quod,</span> <span class='ocrx_word' id='word_1_719' title='bbox 1702 675 1830 714; x_wconf 87' lang='lat' dir='ltr'>proprie</span> <span class='ocrx_word' id='word_1_720' title='bbox 1854 684 1910 705; x_wconf 89' lang='lat' dir='ltr'>seu</span> <span class='ocrx_word' id='word_1_721' title='bbox 1933 675 2148 714; x_wconf 87' lang='lat' dir='ltr'>propriissime</span> <span class='ocrx_word' id='word_1_722' title='bbox 2171 676 2347 715; x_wconf 88' lang='lat' dir='ltr'>loquendo,</span> <span class='ocrx_word' id='word_1_723' title='bbox 2371 677 2455 706; x_wconf 88' lang='lat' dir='ltr'>uniri</span> 
     </span>
     <span class='ocr_line' id='line_1_90' title="bbox 1391 716 2454 758; baseline 0.004 -12"><span class='ocrx_word' id='word_1_724' title='bbox 1391 716 1484 746; x_wconf 90' lang='lat' dir='ltr'>alicui</span> <span class='ocrx_word' id='word_1_725' title='bbox 1508 717 1539 747; x_wconf 90' lang='lat' dir='ltr'>in</span> <span class='ocrx_word' id='word_1_726' title='bbox 1563 718 1731 757; x_wconf 81' lang='lat' dir='ltr'>hypostasi</span> <span class='ocrx_word' id='word_1_727' title='bbox 1754 719 1959 748; x_wconf 89' lang='lat' dir='ltr'>communius</span> <span class='ocrx_word' id='word_1_728' title='bbox 1983 724 2030 748; x_wconf 91' lang='lat' dir='ltr'>est</span> <span class='ocrx_word' id='word_1_729' title='bbox 2048 729 2145 758; x_wconf 90' lang='lat' dir='ltr'>quam</span> <span class='ocrx_word' id='word_1_730' title='bbox 2169 720 2253 749; x_wconf 91' lang='lat' dir='ltr'>uniri</span> <span class='ocrx_word' id='word_1_731' title='bbox 2275 720 2319 750; x_wconf 93' lang='lat' dir='ltr'>illi</span> <span class='ocrx_word' id='word_1_732' title='bbox 2341 729 2454 750; x_wconf 85' lang='lat' dir='ltr'>secun-</span> 
     </span>
     <span class='ocr_line' id='line_1_91' title="bbox 1390 760 2452 804; baseline 0.004 -14"><span class='ocrx_word' id='word_1_733' title='bbox 1390 760 1466 790; x_wconf 86' lang='lat' dir='ltr'>dum</span> <span class='ocrx_word' id='word_1_734' title='bbox 1488 761 1697 801; x_wconf 78' lang='lat' dir='ltr'>hypostasim.</span> <span class='ocrx_word' id='word_1_735' title='bbox 1732 762 1815 792; x_wconf 90' lang='lat' dir='ltr'>Nam</span> <span class='ocrx_word' id='word_1_736' title='bbox 1838 762 1995 802; x_wconf 90' lang='lat' dir='ltr'>quidquid</span> <span class='ocrx_word' id='word_1_737' title='bbox 2025 764 2161 802; x_wconf 85' lang='lat' dir='ltr'>pertinet</span> <span class='ocrx_word' id='word_1_738' title='bbox 2184 763 2223 793; x_wconf 92' lang='lat' dir='ltr'>ad</span> <span class='ocrx_word' id='word_1_739' title='bbox 2246 764 2452 804; x_wconf 88' lang='lat' dir='ltr'>hypostasim,</span> 
     </span>
     <span class='ocr_line' id='line_1_92' title="bbox 1390 805 2453 848; baseline 0.005 -15"><span class='ocrx_word' id='word_1_740' title='bbox 1390 805 1455 834; x_wconf 88' lang='lat' dir='ltr'>sive</span> <span class='ocrx_word' id='word_1_741' title='bbox 1478 805 1682 836; x_wconf 89' lang='lat' dir='ltr'>substantiale</span> <span class='ocrx_word' id='word_1_742' title='bbox 1706 806 1771 836; x_wconf 90' lang='lat' dir='ltr'>sive</span> <span class='ocrx_word' id='word_1_743' title='bbox 1787 806 1980 837; x_wconf 90' lang='lat' dir='ltr'>accidentale</span> <span class='ocrx_word' id='word_1_744' title='bbox 2003 807 2052 843; x_wconf 91' lang='lat' dir='ltr'>sit,</span> <span class='ocrx_word' id='word_1_745' title='bbox 2069 808 2177 837; x_wconf 87' lang='lat' dir='ltr'>unitur</span> <span class='ocrx_word' id='word_1_746' title='bbox 2200 807 2321 837; x_wconf 90' lang='lat' dir='ltr'>Socrati</span> <span class='ocrx_word' id='word_1_747' title='bbox 2344 809 2377 838; x_wconf 93' lang='lat' dir='ltr'>in</span> <span class='ocrx_word' id='word_1_748' title='bbox 2396 808 2453 848; x_wconf 91' lang='lat' dir='ltr'>hy-</span> 
     </span>
     <span class='ocr_line' id='line_1_93' title="bbox 1390 849 2453 891; baseline 0.004 -13"><span class='ocrx_word' id='word_1_749' title='bbox 1390 849 1508 886; x_wconf 87' lang='lat' dir='ltr'>postasi</span> <span class='ocrx_word' id='word_1_750' title='bbox 1532 858 1589 879; x_wconf 89' lang='lat' dir='ltr'>seu</span> <span class='ocrx_word' id='word_1_751' title='bbox 1612 859 1764 889; x_wconf 92' lang='lat' dir='ltr'>persona,</span> <span class='ocrx_word' id='word_1_752' title='bbox 1789 856 1825 880; x_wconf 93' lang='lat' dir='ltr'>ut</span> <span class='ocrx_word' id='word_1_753' title='bbox 1847 851 1881 880; x_wconf 92' lang='lat' dir='ltr'>in</span> <span class='ocrx_word' id='word_1_754' title='bbox 1904 851 2037 880; x_wconf 91' lang='lat' dir='ltr'>articulo</span> <span class='ocrx_word' id='word_1_755' title='bbox 2066 851 2208 881; x_wconf 87' lang='lat' dir='ltr'>secundo</span> <span class='ocrx_word' id='word_1_756' title='bbox 2237 852 2331 881; x_wconf 92' lang='lat' dir='ltr'>huius</span> <span class='ocrx_word' id='word_1_757' title='bbox 2356 861 2453 891; x_wconf 90' lang='lat' dir='ltr'>quae-</span> 
     </span>
     <span class='ocr_line' id='line_1_94' title="bbox 1390 892 2453 926; baseline 0.005 -5"><span class='ocrx_word' id='word_1_758' title='bbox 1390 892 1500 922; x_wconf 88' lang='lat' dir='ltr'>stionis</span> <span class='ocrx_word' id='word_1_759' title='bbox 1516 893 1640 923; x_wconf 89' lang='lat' dir='ltr'>Auctor</span> <span class='ocrx_word' id='word_1_760' title='bbox 1655 893 1747 924; x_wconf 89' lang='lat' dir='ltr'>dixit:</span> <span class='ocrx_word' id='word_1_761' title='bbox 1773 894 1828 924; x_wconf 92' lang='lat' dir='ltr'>sed</span> <span class='ocrx_word' id='word_1_762' title='bbox 1850 904 1918 924; x_wconf 89' lang='lat' dir='ltr'>non</span> <span class='ocrx_word' id='word_1_763' title='bbox 1934 904 2031 924; x_wconf 90' lang='lat' dir='ltr'>omne</span> <span class='ocrx_word' id='word_1_764' title='bbox 2055 895 2116 925; x_wconf 90' lang='lat' dir='ltr'>tale</span> <span class='ocrx_word' id='word_1_765' title='bbox 2139 896 2247 925; x_wconf 90' lang='lat' dir='ltr'>unitur</span> <span class='ocrx_word' id='word_1_766' title='bbox 2263 895 2385 926; x_wconf 90' lang='lat' dir='ltr'>Socrati</span> <span class='ocrx_word' id='word_1_767' title='bbox 2404 905 2453 926; x_wconf 87' lang='lat' dir='ltr'>se-</span> 
     </span>
     <span class='ocr_line' id='line_1_95' title="bbox 1391 935 2452 980; baseline 0.005 -15"><span class='ocrx_word' id='word_1_768' title='bbox 1391 935 1534 966; x_wconf 90' lang='lat' dir='ltr'>cundum</span> <span class='ocrx_word' id='word_1_769' title='bbox 1557 937 1764 977; x_wconf 88' lang='lat' dir='ltr'>hypostasim.</span> <span class='ocrx_word' id='word_1_770' title='bbox 1794 938 1834 968; x_wconf 90' lang='lat' dir='ltr'>Et</span> <span class='ocrx_word' id='word_1_771' title='bbox 1857 939 1920 968; x_wconf 93' lang='lat' dir='ltr'>hoc</span> <span class='ocrx_word' id='word_1_772' title='bbox 1943 938 2016 968; x_wconf 87' lang='lat' dir='ltr'>dico</span> <span class='ocrx_word' id='word_1_773' title='bbox 2040 939 2197 969; x_wconf 91' lang='lat' dir='ltr'>sumendo</span> <span class='ocrx_word' id='word_1_774' title='bbox 2221 939 2254 980; x_wconf 91' lang='lat' dir='ltr'>ly</span> <span class='ocrx_word' id='word_1_775' title='bbox 2284 940 2316 970; x_wconf 88' lang='lat' dir='ltr'>in</span> <span class='ocrx_word' id='word_1_776' title='bbox 2339 945 2375 970; x_wconf 92' lang='lat' dir='ltr'>ut</span> <span class='ocrx_word' id='word_1_777' title='bbox 2398 939 2452 970; x_wconf 95' lang='lat' dir='ltr'>de-</span> 
     </span>
     <span class='ocr_line' id='line_1_96' title="bbox 1390 980 2453 1023; baseline 0.005 -15"><span class='ocrx_word' id='word_1_778' title='bbox 1390 985 1480 1009; x_wconf 85' lang='lat' dir='ltr'>notat</span> <span class='ocrx_word' id='word_1_779' title='bbox 1506 980 1612 1010; x_wconf 90' lang='lat' dir='ltr'>solum</span> <span class='ocrx_word' id='word_1_780' title='bbox 1642 982 1745 1012; x_wconf 90' lang='lat' dir='ltr'>inesse</span> <span class='ocrx_word' id='word_1_781' title='bbox 1775 991 1946 1022; x_wconf 87' lang='lat' dir='ltr'>personae:</span> <span class='ocrx_word' id='word_1_782' title='bbox 1987 988 2017 1013; x_wconf 93' lang='lat' dir='ltr'>et</span> <span class='ocrx_word' id='word_1_783' title='bbox 2047 983 2079 1023; x_wconf 87' lang='lat' dir='ltr'>ly</span> <span class='ocrx_word' id='word_1_784' title='bbox 2107 983 2281 1013; x_wconf 88' lang='lat' dir='ltr'>secundum</span> <span class='ocrx_word' id='word_1_785' title='bbox 2308 989 2344 1014; x_wconf 93' lang='lat' dir='ltr'>ut</span> <span class='ocrx_word' id='word_1_786' title='bbox 2367 983 2453 1013; x_wconf 91' lang='lat' dir='ltr'>addit</span> 
     </span>
     <span class='ocr_line' id='line_1_97' title="bbox 1390 1023 2452 1067; baseline 0.005 -15"><span class='ocrx_word' id='word_1_787' title='bbox 1390 1023 1525 1053; x_wconf 91' lang='lat' dir='ltr'>modum</span> <span class='ocrx_word' id='word_1_788' title='bbox 1541 1026 1778 1055; x_wconf 89' lang='lat' dir='ltr'>coniunctionis</span> <span class='ocrx_word' id='word_1_789' title='bbox 1793 1026 1874 1056; x_wconf 91' lang='lat' dir='ltr'>inter</span> <span class='ocrx_word' id='word_1_790' title='bbox 1893 1036 2063 1066; x_wconf 90' lang='lat' dir='ltr'>personam</span> <span class='ocrx_word' id='word_1_791' title='bbox 2080 1033 2110 1057; x_wconf 92' lang='lat' dir='ltr'>et</span> <span class='ocrx_word' id='word_1_792' title='bbox 2125 1027 2204 1057; x_wconf 92' lang='lat' dir='ltr'>illud</span> <span class='ocrx_word' id='word_1_793' title='bbox 2220 1026 2310 1067; x_wconf 93' lang='lat' dir='ltr'>quod</span> <span class='ocrx_word' id='word_1_794' title='bbox 2324 1028 2452 1057; x_wconf 91' lang='lat' dir='ltr'>unitum</span> 
     </span>
     <span class='ocr_line' id='line_1_98' title="bbox 1391 1067 2451 1111; baseline 0.006 -15"><span class='ocrx_word' id='word_1_795' title='bbox 1391 1072 1437 1096; x_wconf 88' lang='lat' dir='ltr'>est</span> <span class='ocrx_word' id='word_1_796' title='bbox 1466 1067 1511 1097; x_wconf 92' lang='lat' dir='ltr'>illi</span> <span class='ocrx_word' id='word_1_797' title='bbox 1541 1068 1719 1099; x_wconf 91' lang='lat' dir='ltr'>secundum</span> <span class='ocrx_word' id='word_1_798' title='bbox 1742 1079 1928 1109; x_wconf 88' lang='lat' dir='ltr'>personam,</span> <span class='ocrx_word' id='word_1_799' title='bbox 1953 1071 2072 1101; x_wconf 91' lang='lat' dir='ltr'>scilicet</span> <span class='ocrx_word' id='word_1_800' title='bbox 2099 1081 2156 1111; x_wconf 92' lang='lat' dir='ltr'>per</span> <span class='ocrx_word' id='word_1_801' title='bbox 2185 1071 2320 1101; x_wconf 92' lang='lat' dir='ltr'>modum</span> <span class='ocrx_word' id='word_1_802' title='bbox 2350 1072 2451 1102; x_wconf 88' lang='lat' dir='ltr'>subsi-</span> 
     </span>
     <span class='ocr_line' id='line_1_99' title="bbox 1390 1112 2451 1151; baseline 0.005 -11"><span class='ocrx_word' id='word_1_803' title='bbox 1390 1112 1509 1141; x_wconf 90' lang='lat' dir='ltr'>stentis.</span> <span class='ocrx_word' id='word_1_804' title='bbox 1534 1112 1591 1142; x_wconf 88' lang='lat' dir='ltr'>Est</span> <span class='ocrx_word' id='word_1_805' title='bbox 1606 1113 1692 1142; x_wconf 91' lang='lat' dir='ltr'>enim</span> <span class='ocrx_word' id='word_1_806' title='bbox 1707 1113 1813 1143; x_wconf 88' lang='lat' dir='ltr'>videre</span> <span class='ocrx_word' id='word_1_807' title='bbox 1834 1115 1867 1143; x_wconf 93' lang='lat' dir='ltr'>in</span> <span class='ocrx_word' id='word_1_808' title='bbox 1883 1114 2012 1144; x_wconf 88' lang='lat' dir='ltr'>Socrate</span> <span class='ocrx_word' id='word_1_809' title='bbox 2029 1124 2095 1144; x_wconf 90' lang='lat' dir='ltr'>esse</span> <span class='ocrx_word' id='word_1_810' title='bbox 2119 1115 2237 1151; x_wconf 83' lang='lat' dir='ltr'>album,</span> <span class='ocrx_word' id='word_1_811' title='bbox 2263 1121 2293 1145; x_wconf 92' lang='lat' dir='ltr'>et</span> <span class='ocrx_word' id='word_1_812' title='bbox 2313 1125 2381 1145; x_wconf 91' lang='lat' dir='ltr'>esse</span> <span class='ocrx_word' id='word_1_813' title='bbox 2400 1125 2451 1145; x_wconf 91' lang='lat' dir='ltr'>ca-</span> 
     </span>
     <span class='ocr_line' id='line_1_100' title="bbox 1389 1155 2450 1199; baseline 0.005 -15"><span class='ocrx_word' id='word_1_814' title='bbox 1389 1155 1535 1194; x_wconf 90' lang='lat' dir='ltr'>pitatum.</span> <span class='ocrx_word' id='word_1_815' title='bbox 1560 1156 1601 1186; x_wconf 89' lang='lat' dir='ltr'>Et</span> <span class='ocrx_word' id='word_1_816' title='bbox 1615 1162 1789 1196; x_wconf 91' lang='lat' dir='ltr'>utrumque</span> <span class='ocrx_word' id='word_1_817' title='bbox 1813 1163 1859 1187; x_wconf 92' lang='lat' dir='ltr'>est</span> <span class='ocrx_word' id='word_1_818' title='bbox 1876 1167 1979 1188; x_wconf 89' lang='lat' dir='ltr'>unum</span> <span class='ocrx_word' id='word_1_819' title='bbox 1995 1158 2117 1188; x_wconf 89' lang='lat' dir='ltr'>Socrati</span> <span class='ocrx_word' id='word_1_820' title='bbox 2139 1160 2171 1188; x_wconf 92' lang='lat' dir='ltr'>in</span> <span class='ocrx_word' id='word_1_821' title='bbox 2188 1168 2340 1198; x_wconf 87' lang='lat' dir='ltr'>persona:</span> <span class='ocrx_word' id='word_1_822' title='bbox 2365 1160 2450 1199; x_wconf 92' lang='lat' dir='ltr'>quia,</span> 
     </span>
     <span class='ocr_line' id='line_1_101' title="bbox 1390 1200 2453 1243; baseline 0.005 -15"><span class='ocrx_word' id='word_1_823' title='bbox 1390 1204 1426 1228; x_wconf 91' lang='lat' dir='ltr'>ut</span> <span class='ocrx_word' id='word_1_824' title='bbox 1448 1205 1534 1238; x_wconf 88' lang='lat' dir='ltr'>patet</span> <span class='ocrx_word' id='word_1_825' title='bbox 1556 1200 1590 1229; x_wconf 92' lang='lat' dir='ltr'>in</span> <span class='ocrx_word' id='word_1_826' title='bbox 1605 1200 1634 1229; x_wconf 95' lang='lat' dir='ltr'>V</span> <span class='ocrx_word' id='word_1_827' title='bbox 1650 1201 1842 1241; x_wconf 71' lang='lat' dir='ltr'>Metaphys„</span> <span class='ocrx_word' id='word_1_828' title='bbox 1860 1211 1928 1241; x_wconf 90' lang='lat' dir='ltr'>cap.</span> <span class='ocrx_word' id='word_1_829' title='bbox 1945 1202 1984 1231; x_wconf 84' lang='lat' dir='ltr'>de</span> <span class='ocrx_word' id='word_1_830' title='bbox 2004 1203 2074 1231; x_wconf 90' lang='lat' dir='ltr'>Uno</span> <span class='ocrx_word' id='word_1_831' title='bbox 2092 1203 2118 1238; x_wconf 37' lang='grc' dir='ltr'>ᾗ,</span> <span class='ocrx_word' id='word_1_832' title='bbox 2139 1212 2355 1243; x_wconf 83' lang='lat' dir='ltr'>quaecumque</span> <span class='ocrx_word' id='word_1_833' title='bbox 2377 1208 2453 1233; x_wconf 90' lang='lat' dir='ltr'>sunt</span> 
     </span>
     <span class='ocr_line' id='line_1_102' title="bbox 1390 1243 2453 1284; baseline 0.004 -12"><span class='ocrx_word' id='word_1_834' title='bbox 1390 1243 1423 1272; x_wconf 87' lang='lat' dir='ltr'>in</span> <span class='ocrx_word' id='word_1_835' title='bbox 1447 1244 1556 1284; x_wconf 86' lang='lat' dir='ltr'>aliquo</span> <span class='ocrx_word' id='word_1_836' title='bbox 1581 1243 1728 1280; x_wconf 84' lang='lat' dir='ltr'>indivisa,</span> <span class='ocrx_word' id='word_1_837' title='bbox 1752 1250 1827 1275; x_wconf 87' lang='lat' dir='ltr'>sunt</span> <span class='ocrx_word' id='word_1_838' title='bbox 1850 1255 1948 1275; x_wconf 91' lang='lat' dir='ltr'>unum</span> <span class='ocrx_word' id='word_1_839' title='bbox 1972 1246 2004 1275; x_wconf 91' lang='lat' dir='ltr'>in</span> <span class='ocrx_word' id='word_1_840' title='bbox 2029 1246 2085 1275; x_wconf 90' lang='lat' dir='ltr'>illo</span> <span class='ocrx_word' id='word_1_841' title='bbox 2092 1252 2104 1282; x_wconf 89' lang='lat'><em>;</em></span> <span class='ocrx_word' id='word_1_842' title='bbox 2127 1246 2271 1276; x_wconf 89' lang='lat' dir='ltr'>Socrates</span> <span class='ocrx_word' id='word_1_843' title='bbox 2294 1252 2400 1276; x_wconf 88' lang='lat' dir='ltr'>autem</span> <span class='ocrx_word' id='word_1_844' title='bbox 2422 1252 2453 1277; x_wconf 89' lang='lat' dir='ltr'>et</span> 
     </span>
     <span class='ocr_line' id='line_1_103' title="bbox 1389 1287 2451 1330; baseline 0.004 -14"><span class='ocrx_word' id='word_1_845' title='bbox 1389 1297 1446 1316; x_wconf 91' lang='lat' dir='ltr'>sua</span> <span class='ocrx_word' id='word_1_846' title='bbox 1469 1287 1583 1317; x_wconf 87' lang='lat' dir='ltr'>albedo</span> <span class='ocrx_word' id='word_1_847' title='bbox 1607 1298 1675 1318; x_wconf 91' lang='lat' dir='ltr'>non</span> <span class='ocrx_word' id='word_1_848' title='bbox 1698 1294 1772 1318; x_wconf 90' lang='lat' dir='ltr'>sunt</span> <span class='ocrx_word' id='word_1_849' title='bbox 1795 1288 1885 1318; x_wconf 91' lang='lat' dir='ltr'>divisi</span> <span class='ocrx_word' id='word_1_850' title='bbox 1909 1290 2052 1319; x_wconf 91' lang='lat' dir='ltr'>subiecto</span> <span class='ocrx_word' id='word_1_851' title='bbox 2077 1299 2133 1319; x_wconf 91' lang='lat' dir='ltr'>seu</span> <span class='ocrx_word' id='word_1_852' title='bbox 2156 1290 2335 1330; x_wconf 86' lang='lat' dir='ltr'>hypostasi,</span> <span class='ocrx_word' id='word_1_853' title='bbox 2370 1300 2451 1330; x_wconf 90' lang='lat' dir='ltr'>quo-</span> 
     </span>
     <span class='ocr_line' id='line_1_104' title="bbox 1389 1331 2451 1373; baseline 0.004 -13"><span class='ocrx_word' id='word_1_854' title='bbox 1389 1331 1476 1361; x_wconf 85' lang='lat' dir='ltr'>niam</span> <span class='ocrx_word' id='word_1_855' title='bbox 1499 1341 1563 1361; x_wconf 90' lang='lat' dir='ltr'>una</span> <span class='ocrx_word' id='word_1_856' title='bbox 1579 1337 1610 1362; x_wconf 89' lang='lat' dir='ltr'>et</span> <span class='ocrx_word' id='word_1_857' title='bbox 1626 1331 1738 1362; x_wconf 91' lang='lat' dir='ltr'>eadem</span> <span class='ocrx_word' id='word_1_858' title='bbox 1755 1338 1801 1362; x_wconf 92' lang='lat' dir='ltr'>est</span> <span class='ocrx_word' id='word_1_859' title='bbox 1817 1333 1989 1363; x_wconf 87' lang='lat' dir='ltr'>substantia</span> <span class='ocrx_word' id='word_1_860' title='bbox 2011 1334 2113 1373; x_wconf 89' lang='lat' dir='ltr'>prima</span> <span class='ocrx_word' id='word_1_861' title='bbox 2134 1343 2216 1373; x_wconf 88' lang='lat' dir='ltr'>quae</span> <span class='ocrx_word' id='word_1_862' title='bbox 2240 1339 2286 1363; x_wconf 91' lang='lat' dir='ltr'>est</span> <span class='ocrx_word' id='word_1_863' title='bbox 2308 1334 2451 1364; x_wconf 87' lang='lat' dir='ltr'>Socrates</span> 
     </span>
     <span class='ocr_line' id='line_1_105' title="bbox 1390 1375 2450 1417; baseline 0.004 -13"><span class='ocrx_word' id='word_1_864' title='bbox 1390 1380 1420 1404; x_wconf 91' lang='lat' dir='ltr'>et</span> <span class='ocrx_word' id='word_1_865' title='bbox 1443 1375 1529 1411; x_wconf 84' lang='lat' dir='ltr'>alba;</span> <span class='ocrx_word' id='word_1_866' title='bbox 1555 1381 1586 1405; x_wconf 87' lang='lat' dir='ltr'>et</span> <span class='ocrx_word' id='word_1_867' title='bbox 1609 1376 1751 1406; x_wconf 90' lang='lat' dir='ltr'>similiter</span> <span class='ocrx_word' id='word_1_868' title='bbox 1767 1386 1848 1416; x_wconf 89' lang='lat' dir='ltr'>quae</span> <span class='ocrx_word' id='word_1_869' title='bbox 1866 1382 1912 1407; x_wconf 91' lang='lat' dir='ltr'>est</span> <span class='ocrx_word' id='word_1_870' title='bbox 1928 1377 2071 1407; x_wconf 90' lang='lat' dir='ltr'>Socrates</span> <span class='ocrx_word' id='word_1_871' title='bbox 2089 1383 2119 1407; x_wconf 92' lang='lat' dir='ltr'>et</span> <span class='ocrx_word' id='word_1_872' title='bbox 2135 1387 2217 1417; x_wconf 91' lang='lat' dir='ltr'>quae</span> <span class='ocrx_word' id='word_1_873' title='bbox 2237 1383 2283 1408; x_wconf 91' lang='lat' dir='ltr'>est</span> <span class='ocrx_word' id='word_1_874' title='bbox 2307 1379 2450 1417; x_wconf 89' lang='lat' dir='ltr'>capitata.</span> 
     </span>
     <span class='ocr_line' id='line_1_106' title="bbox 1389 1418 2451 1462; baseline 0.003 -13"><span class='ocrx_word' id='word_1_875' title='bbox 1389 1418 1451 1449; x_wconf 90' lang='lat' dir='ltr'>Sed</span> <span class='ocrx_word' id='word_1_876' title='bbox 1475 1429 1542 1450; x_wconf 92' lang='lat' dir='ltr'>esse</span> <span class='ocrx_word' id='word_1_877' title='bbox 1559 1419 1667 1450; x_wconf 90' lang='lat' dir='ltr'>album</span> <span class='ocrx_word' id='word_1_878' title='bbox 1685 1430 1752 1450; x_wconf 93' lang='lat' dir='ltr'>non</span> <span class='ocrx_word' id='word_1_879' title='bbox 1769 1426 1815 1450; x_wconf 91' lang='lat' dir='ltr'>est</span> <span class='ocrx_word' id='word_1_880' title='bbox 1830 1431 1932 1451; x_wconf 90' lang='lat' dir='ltr'>unum</span> <span class='ocrx_word' id='word_1_881' title='bbox 1957 1421 2077 1451; x_wconf 91' lang='lat' dir='ltr'>Socrati</span> <span class='ocrx_word' id='word_1_882' title='bbox 2101 1421 2278 1452; x_wconf 92' lang='lat' dir='ltr'>secundum</span> <span class='ocrx_word' id='word_1_883' title='bbox 2301 1422 2451 1462; x_wconf 90' lang='lat' dir='ltr'>hyposta-</span> 
     </span>
     <span class='ocr_line' id='line_1_107' title="bbox 1388 1464 2449 1503; baseline 0.004 -11"><span class='ocrx_word' id='word_1_884' title='bbox 1388 1464 1462 1493; x_wconf 88' lang='lat' dir='ltr'>sim:</span> <span class='ocrx_word' id='word_1_885' title='bbox 1480 1465 1555 1503; x_wconf 90' lang='lat' dir='ltr'>quia</span> <span class='ocrx_word' id='word_1_886' title='bbox 1570 1474 1630 1494; x_wconf 91' lang='lat' dir='ltr'>nec</span> <span class='ocrx_word' id='word_1_887' title='bbox 1647 1464 1791 1495; x_wconf 87' lang='lat' dir='ltr'>Socrates</span> <span class='ocrx_word' id='word_1_888' title='bbox 1807 1465 1946 1495; x_wconf 89' lang='lat' dir='ltr'>subsistit</span> <span class='ocrx_word' id='word_1_889' title='bbox 1963 1475 2000 1495; x_wconf 91' lang='lat' dir='ltr'>ex</span> <span class='ocrx_word' id='word_1_890' title='bbox 2014 1465 2159 1496; x_wconf 91' lang='lat' dir='ltr'>albedine</span> <span class='ocrx_word' id='word_1_891' title='bbox 2176 1471 2229 1495; x_wconf 92' lang='lat' dir='ltr'>aut</span> <span class='ocrx_word' id='word_1_892' title='bbox 2244 1466 2277 1495; x_wconf 93' lang='lat' dir='ltr'>in</span> <span class='ocrx_word' id='word_1_893' title='bbox 2294 1466 2449 1502; x_wconf 89' lang='lat' dir='ltr'>albedine,</span> 
     </span>
     <span class='ocr_line' id='line_1_108' title="bbox 1388 1508 2451 1548; baseline 0.003 -11"><span class='ocrx_word' id='word_1_894' title='bbox 1388 1517 1448 1538; x_wconf 92' lang='lat' dir='ltr'>nec</span> <span class='ocrx_word' id='word_1_895' title='bbox 1472 1517 1539 1538; x_wconf 89' lang='lat' dir='ltr'>esse</span> <span class='ocrx_word' id='word_1_896' title='bbox 1555 1508 1663 1538; x_wconf 86' lang='lat' dir='ltr'>album</span> <span class='ocrx_word' id='word_1_897' title='bbox 1686 1509 1826 1538; x_wconf 90' lang='lat' dir='ltr'>subsistit</span> <span class='ocrx_word' id='word_1_898' title='bbox 1840 1518 1898 1548; x_wconf 90' lang='lat' dir='ltr'>per</span> <span class='ocrx_word' id='word_1_899' title='bbox 1915 1509 2082 1539; x_wconf 90' lang='lat' dir='ltr'>subsistere</span> <span class='ocrx_word' id='word_1_900' title='bbox 2100 1509 2254 1545; x_wconf 87' lang='lat' dir='ltr'>Socratis;</span> <span class='ocrx_word' id='word_1_901' title='bbox 2278 1510 2341 1540; x_wconf 90' lang='lat' dir='ltr'>hoc</span> <span class='ocrx_word' id='word_1_902' title='bbox 2365 1511 2451 1540; x_wconf 89' lang='lat' dir='ltr'>enim</span> 
     </span>
     <span class='ocr_line' id='line_1_109' title="bbox 1388 1552 2450 1593; baseline 0.003 -12"><span class='ocrx_word' id='word_1_903' title='bbox 1388 1552 1496 1582; x_wconf 90' lang='lat' dir='ltr'>album</span> <span class='ocrx_word' id='word_1_904' title='bbox 1520 1552 1609 1591; x_wconf 91' lang='lat' dir='ltr'>quod</span> <span class='ocrx_word' id='word_1_905' title='bbox 1632 1557 1678 1582; x_wconf 87' lang='lat' dir='ltr'>est</span> <span class='ocrx_word' id='word_1_906' title='bbox 1693 1553 1726 1582; x_wconf 91' lang='lat' dir='ltr'>in</span> <span class='ocrx_word' id='word_1_907' title='bbox 1743 1552 1872 1583; x_wconf 91' lang='lat' dir='ltr'>Socrate</span> <span class='ocrx_word' id='word_1_908' title='bbox 1894 1563 1962 1583; x_wconf 92' lang='lat' dir='ltr'>non</span> <span class='ocrx_word' id='word_1_909' title='bbox 1978 1554 2127 1589; x_wconf 91' lang='lat' dir='ltr'>subsistit,</span> <span class='ocrx_word' id='word_1_910' title='bbox 2145 1555 2220 1593; x_wconf 92' lang='lat' dir='ltr'>quia</span> <span class='ocrx_word' id='word_1_911' title='bbox 2242 1560 2353 1584; x_wconf 88' lang='lat' dir='ltr'>natura</span> <span class='ocrx_word' id='word_1_912' title='bbox 2369 1555 2450 1584; x_wconf 90' lang='lat' dir='ltr'>acci-</span> 
     </span>
     <span class='ocr_line' id='line_1_110' title="bbox 1388 1595 2450 1636; baseline 0.003 -11"><span class='ocrx_word' id='word_1_913' title='bbox 1388 1595 1489 1625; x_wconf 92' lang='lat' dir='ltr'>dentis</span> <span class='ocrx_word' id='word_1_914' title='bbox 1513 1605 1619 1635; x_wconf 93' lang='lat' dir='ltr'>neque</span> <span class='ocrx_word' id='word_1_915' title='bbox 1643 1606 1700 1636; x_wconf 91' lang='lat' dir='ltr'>per</span> <span class='ocrx_word' id='word_1_916' title='bbox 1727 1597 1862 1636; x_wconf 87' lang='lat' dir='ltr'>seipsam</span> <span class='ocrx_word' id='word_1_917' title='bbox 1890 1607 1996 1636; x_wconf 91' lang='lat' dir='ltr'>neque</span> <span class='ocrx_word' id='word_1_918' title='bbox 2019 1607 2076 1636; x_wconf 90' lang='lat' dir='ltr'>per</span> <span class='ocrx_word' id='word_1_919' title='bbox 2104 1597 2188 1627; x_wconf 91' lang='lat' dir='ltr'>aliud</span> <span class='ocrx_word' id='word_1_920' title='bbox 2211 1603 2283 1627; x_wconf 89' lang='lat' dir='ltr'>nata</span> <span class='ocrx_word' id='word_1_921' title='bbox 2308 1603 2353 1627; x_wconf 91' lang='lat' dir='ltr'>est</span> <span class='ocrx_word' id='word_1_922' title='bbox 2376 1599 2450 1628; x_wconf 89' lang='lat' dir='ltr'>sub-</span> 
     </span>
     <span class='ocr_line' id='line_1_111' title="bbox 1387 1639 2450 1680; baseline 0.003 -11"><span class='ocrx_word' id='word_1_923' title='bbox 1387 1640 1504 1670; x_wconf 89' lang='lat' dir='ltr'>sistere.</span> <span class='ocrx_word' id='word_1_924' title='bbox 1541 1639 1603 1670; x_wconf 91' lang='lat' dir='ltr'>Sed</span> <span class='ocrx_word' id='word_1_925' title='bbox 1631 1650 1698 1670; x_wconf 90' lang='lat' dir='ltr'>esse</span> <span class='ocrx_word' id='word_1_926' title='bbox 1722 1641 1894 1680; x_wconf 92' lang='lat' dir='ltr'>capitatum</span> <span class='ocrx_word' id='word_1_927' title='bbox 1919 1647 1965 1671; x_wconf 86' lang='lat' dir='ltr'>est</span> <span class='ocrx_word' id='word_1_928' title='bbox 1987 1651 2090 1671; x_wconf 92' lang='lat' dir='ltr'>unum</span> <span class='ocrx_word' id='word_1_929' title='bbox 2122 1641 2243 1671; x_wconf 87' lang='lat' dir='ltr'>Socrati</span> <span class='ocrx_word' id='word_1_930' title='bbox 2272 1642 2450 1672; x_wconf 91' lang='lat' dir='ltr'>secundum</span> 
     </span>
     <span class='ocr_line' id='line_1_112' title="bbox 1387 1684 2450 1724; baseline 0.002 -11"><span class='ocrx_word' id='word_1_931' title='bbox 1387 1685 1584 1724; x_wconf 89' lang='lat' dir='ltr'>hypostasim</span> <span class='ocrx_word' id='word_1_932' title='bbox 1608 1684 1767 1723; x_wconf 86' lang='lat' dir='ltr'>(quamvis</span> <span class='ocrx_word' id='word_1_933' title='bbox 1790 1685 1975 1724; x_wconf 77' lang='lat' dir='ltr'>partialiter:</span> <span class='ocrx_word' id='word_1_934' title='bbox 2008 1685 2083 1724; x_wconf 88' lang='lat' dir='ltr'>quia</span> <span class='ocrx_word' id='word_1_935' title='bbox 2106 1690 2202 1724; x_wconf 89' lang='lat' dir='ltr'>caput</span> <span class='ocrx_word' id='word_1_936' title='bbox 2227 1695 2299 1724; x_wconf 90' lang='lat' dir='ltr'>pars</span> <span class='ocrx_word' id='word_1_937' title='bbox 2323 1691 2369 1715; x_wconf 92' lang='lat' dir='ltr'>est</span> <span class='ocrx_word' id='word_1_938' title='bbox 2392 1685 2450 1716; x_wconf 93' lang='lat' dir='ltr'>So-</span> 
     </span>
     <span class='ocr_line' id='line_1_113' title="bbox 1387 1727 2449 1769; baseline 0.002 -12"><span class='ocrx_word' id='word_1_939' title='bbox 1387 1727 1508 1766; x_wconf 90' lang='lat' dir='ltr'>cratis):</span> <span class='ocrx_word' id='word_1_940' title='bbox 1534 1728 1609 1767; x_wconf 91' lang='lat' dir='ltr'>quia</span> <span class='ocrx_word' id='word_1_941' title='bbox 1625 1733 1656 1757; x_wconf 89' lang='lat' dir='ltr'>et</span> <span class='ocrx_word' id='word_1_942' title='bbox 1672 1727 1816 1758; x_wconf 89' lang='lat' dir='ltr'>Socrates</span> <span class='ocrx_word' id='word_1_943' title='bbox 1832 1729 1970 1758; x_wconf 87' lang='lat' dir='ltr'>subsistit</span> <span class='ocrx_word' id='word_1_944' title='bbox 1986 1728 2163 1758; x_wconf 89' lang='lat' dir='ltr'>secundum</span> <span class='ocrx_word' id='word_1_945' title='bbox 2184 1738 2250 1758; x_wconf 89' lang='lat' dir='ltr'>esse</span> <span class='ocrx_word' id='word_1_946' title='bbox 2267 1730 2449 1769; x_wconf 89' lang='lat' dir='ltr'>capitatum,</span> 
     </span>
     <span class='ocr_line' id='line_1_114' title="bbox 1387 1771 2451 1812; baseline 0.003 -12"><span class='ocrx_word' id='word_1_947' title='bbox 1387 1776 1500 1810; x_wconf 88' lang='lat' dir='ltr'>utpote</span> <span class='ocrx_word' id='word_1_948' title='bbox 1523 1771 1743 1807; x_wconf 88' lang='lat' dir='ltr'>substantiale;</span> <span class='ocrx_word' id='word_1_949' title='bbox 1769 1777 1799 1801; x_wconf 90' lang='lat' dir='ltr'>et</span> <span class='ocrx_word' id='word_1_950' title='bbox 1823 1781 1890 1801; x_wconf 87' lang='lat' dir='ltr'>esse</span> <span class='ocrx_word' id='word_1_951' title='bbox 1907 1773 2079 1811; x_wconf 89' lang='lat' dir='ltr'>capitatum</span> <span class='ocrx_word' id='word_1_952' title='bbox 2102 1773 2242 1802; x_wconf 92' lang='lat' dir='ltr'>subsistit</span> <span class='ocrx_word' id='word_1_953' title='bbox 2264 1782 2321 1812; x_wconf 92' lang='lat' dir='ltr'>per</span> <span class='ocrx_word' id='word_1_954' title='bbox 2339 1773 2451 1803; x_wconf 90' lang='lat' dir='ltr'>Socra-</span> 
     </span>
     <span class='ocr_line' id='line_1_115' title="bbox 1386 1816 2401 1854; baseline 0.002 -10"><span class='ocrx_word' id='word_1_955' title='bbox 1386 1820 1461 1850; x_wconf 88' lang='lat' dir='ltr'>tem,</span> <span class='ocrx_word' id='word_1_956' title='bbox 1486 1816 1561 1854; x_wconf 92' lang='lat' dir='ltr'>quia</span> <span class='ocrx_word' id='word_1_957' title='bbox 1583 1816 1647 1845; x_wconf 93' lang='lat' dir='ltr'>hoc</span> <span class='ocrx_word' id='word_1_958' title='bbox 1671 1816 1844 1854; x_wconf 87' lang='lat' dir='ltr'>capitatum</span> <span class='ocrx_word' id='word_1_959' title='bbox 1868 1816 2008 1846; x_wconf 88' lang='lat' dir='ltr'>subsistit</span> <span class='ocrx_word' id='word_1_960' title='bbox 2031 1816 2168 1846; x_wconf 89' lang='lat' dir='ltr'>Socratis</span> <span class='ocrx_word' id='word_1_961' title='bbox 2191 1817 2401 1846; x_wconf 88' lang='lat' dir='ltr'>subsistentia.</span> 
     </span>
    </p>

    <p class='ocr_par' dir='ltr' id='par_1_14' title="bbox 1381 1859 2451 3131">
     <span class='ocr_line' id='line_1_116' title="bbox 1441 1859 2451 1898; baseline 0.002 -10"><span class='ocrx_word' id='word_1_962' title='bbox 1441 1859 1526 1896; x_wconf 92' lang='lat' dir='ltr'>Quia</span> <span class='ocrx_word' id='word_1_963' title='bbox 1549 1859 1644 1898; x_wconf 86' lang='lat' dir='ltr'>igitur</span> <span class='ocrx_word' id='word_1_964' title='bbox 1667 1865 1779 1889; x_wconf 92' lang='lat' dir='ltr'>natura</span> <span class='ocrx_word' id='word_1_965' title='bbox 1802 1860 1942 1889; x_wconf 90' lang='lat' dir='ltr'>humana</span> <span class='ocrx_word' id='word_1_966' title='bbox 1965 1861 2053 1890; x_wconf 93' lang='lat' dir='ltr'>unita</span> <span class='ocrx_word' id='word_1_967' title='bbox 2077 1865 2123 1890; x_wconf 85' lang='lat' dir='ltr'>est</span> <span class='ocrx_word' id='word_1_968' title='bbox 2145 1860 2228 1890; x_wconf 83' lang='lat' dir='ltr'>Filio</span> <span class='ocrx_word' id='word_1_969' title='bbox 2249 1860 2310 1890; x_wconf 88' lang='lat' dir='ltr'>Dei</span> <span class='ocrx_word' id='word_1_970' title='bbox 2333 1866 2369 1890; x_wconf 93' lang='lat' dir='ltr'>ut</span> <span class='ocrx_word' id='word_1_971' title='bbox 2383 1870 2451 1890; x_wconf 93' lang='lat' dir='ltr'>non</span> 
     </span>
     <span class='ocr_line' id='line_1_117' title="bbox 1386 1903 2451 1943; baseline 0.002 -11"><span class='ocrx_word' id='word_1_972' title='bbox 1386 1903 1492 1933; x_wconf 91' lang='lat' dir='ltr'>solum</span> <span class='ocrx_word' id='word_1_973' title='bbox 1523 1903 1597 1933; x_wconf 89' lang='lat' dir='ltr'>insit</span> <span class='ocrx_word' id='word_1_974' title='bbox 1624 1903 1669 1933; x_wconf 89' lang='lat' dir='ltr'>illi</span> <span class='ocrx_word' id='word_1_975' title='bbox 1700 1909 1731 1933; x_wconf 90' lang='lat' dir='ltr'>et</span> <span class='ocrx_word' id='word_1_976' title='bbox 1760 1903 1958 1943; x_wconf 89' lang='lat' dir='ltr'>praedicetur</span> <span class='ocrx_word' id='word_1_977' title='bbox 1989 1903 2028 1934; x_wconf 90' lang='lat' dir='ltr'>de</span> <span class='ocrx_word' id='word_1_978' title='bbox 2050 1904 2106 1934; x_wconf 92' lang='grc'><strong>1110</strong></span> <span class='ocrx_word' id='word_1_979' title='bbox 2134 1905 2215 1934; x_wconf 90' lang='lat' dir='ltr'>sicut</span> <span class='ocrx_word' id='word_1_980' title='bbox 2246 1914 2313 1934; x_wconf 90' lang='lat' dir='ltr'>esse</span> <span class='ocrx_word' id='word_1_981' title='bbox 2343 1905 2451 1935; x_wconf 90' lang='lat' dir='ltr'>album</span> 
     </span>
     <span class='ocr_line' id='line_1_118' title="bbox 1386 1947 2451 1987; baseline 0.002 -11"><span class='ocrx_word' id='word_1_982' title='bbox 1386 1947 1467 1976; x_wconf 87' lang='lat' dir='ltr'>inest</span> <span class='ocrx_word' id='word_1_983' title='bbox 1491 1947 1572 1977; x_wconf 93' lang='lat' dir='ltr'>Filio</span> <span class='ocrx_word' id='word_1_984' title='bbox 1600 1947 1661 1977; x_wconf 93' lang='lat' dir='ltr'>Dei</span> <span class='ocrx_word' id='word_1_985' title='bbox 1692 1953 1722 1977; x_wconf 94' lang='lat' dir='ltr'>et</span> <span class='ocrx_word' id='word_1_986' title='bbox 1744 1947 1944 1987; x_wconf 88' lang='lat' dir='ltr'>praedicatur</span> <span class='ocrx_word' id='word_1_987' title='bbox 1967 1947 2006 1978; x_wconf 91' lang='lat' dir='ltr'>de</span> <span class='ocrx_word' id='word_1_988' title='bbox 2036 1957 2075 1977; x_wconf 90' lang='lat' dir='ltr'>eo</span> <span class='ocrx_word' id='word_1_989' title='bbox 2100 1948 2178 1978; x_wconf 91' lang='lat' dir='ltr'>dum</span> <span class='ocrx_word' id='word_1_990' title='bbox 2201 1948 2331 1984; x_wconf 86' lang='lat' dir='ltr'>dicitur,</span> <span class='ocrx_word' id='word_1_991' title='bbox 2358 1949 2451 1979; x_wconf 83' lang='lat' dir='ltr'>Chri-</span> 
     </span>
     <span class='ocr_line' id='line_1_119' title="bbox 1385 1991 2451 2028; baseline 0.001 -7"><span class='ocrx_word' id='word_1_992' title='bbox 1385 1996 1462 2027; x_wconf 86' lang='lat' dir='ltr'>stus,</span> <span class='ocrx_word' id='word_1_993' title='bbox 1487 2001 1554 2027; x_wconf 90' lang='lat' dir='ltr'>seu,</span> <span class='ocrx_word' id='word_1_994' title='bbox 1578 1991 1683 2021; x_wconf 86' lang='lat' dir='ltr'>Filius</span> <span class='ocrx_word' id='word_1_995' title='bbox 1705 1991 1768 2021; x_wconf 85' lang='lat' dir='ltr'>Dei</span> <span class='ocrx_word' id='word_1_996' title='bbox 1784 1997 1830 2022; x_wconf 87' lang='lat' dir='ltr'>est</span> <span class='ocrx_word' id='word_1_997' title='bbox 1845 1991 1956 2028; x_wconf 90' lang='lat' dir='ltr'>albus;</span> <span class='ocrx_word' id='word_1_998' title='bbox 1979 1991 2034 2022; x_wconf 91' lang='lat' dir='ltr'>sed</span> <span class='ocrx_word' id='word_1_999' title='bbox 2057 1997 2093 2022; x_wconf 91' lang='lat' dir='ltr'>ut</span> <span class='ocrx_word' id='word_1_1000' title='bbox 2113 1991 2211 2022; x_wconf 90' lang='lat' dir='ltr'>Filius</span> <span class='ocrx_word' id='word_1_1001' title='bbox 2228 1992 2288 2022; x_wconf 93' lang='lat' dir='ltr'>Dei</span> <span class='ocrx_word' id='word_1_1002' title='bbox 2304 1992 2451 2023; x_wconf 90' lang='lat' dir='ltr'>subsistat</span> 
     </span>
     <span class='ocr_line' id='line_1_120' title="bbox 1386 2035 2450 2076; baseline 0.001 -11"><span class='ocrx_word' id='word_1_1003' title='bbox 1386 2045 1423 2065; x_wconf 88' lang='lat' dir='ltr'>ex</span> <span class='ocrx_word' id='word_1_1004' title='bbox 1446 2035 1586 2065; x_wconf 89' lang='lat' dir='ltr'>humana</span> <span class='ocrx_word' id='word_1_1005' title='bbox 1615 2041 1727 2065; x_wconf 85' lang='lat' dir='ltr'>natura</span> <span class='ocrx_word' id='word_1_1006' title='bbox 1752 2041 1783 2065; x_wconf 93' lang='lat' dir='ltr'>et</span> <span class='ocrx_word' id='word_1_1007' title='bbox 1805 2036 1839 2066; x_wconf 91' lang='lat' dir='ltr'>in</span> <span class='ocrx_word' id='word_1_1008' title='bbox 1861 2036 2001 2065; x_wconf 88' lang='lat' dir='ltr'>humana</span> <span class='ocrx_word' id='word_1_1009' title='bbox 2028 2041 2155 2072; x_wconf 86' lang='lat' dir='ltr'>natura,</span> <span class='ocrx_word' id='word_1_1010' title='bbox 2181 2037 2325 2076; x_wconf 88' lang='lat' dir='ltr'>quamvis</span> <span class='ocrx_word' id='word_1_1011' title='bbox 2350 2036 2450 2067; x_wconf 86' lang='lat' dir='ltr'>diver-</span> 
     </span>
     <span class='ocr_line' id='line_1_121' title="bbox 1385 2079 2450 2120; baseline 0.002 -11"><span class='ocrx_word' id='word_1_1012' title='bbox 1385 2079 1519 2115; x_wconf 88' lang='lat' dir='ltr'>simode,</span> <span class='ocrx_word' id='word_1_1013' title='bbox 1535 2085 1572 2109; x_wconf 91' lang='lat' dir='ltr'>ut</span> <span class='ocrx_word' id='word_1_1014' title='bbox 1594 2079 1864 2119; x_wconf 88' lang='lat' dir='ltr'>praedeclaratum</span> <span class='ocrx_word' id='word_1_1015' title='bbox 1889 2085 1935 2110; x_wconf 92' lang='lat' dir='ltr'>est</span> <span class='ocrx_word' id='word_1_1016' title='bbox 1950 2081 1982 2110; x_wconf 70' lang='lat' dir='ltr'>*z</span> <span class='ocrx_word' id='word_1_1017' title='bbox 2000 2097 2020 2102; x_wconf 98' lang='lat'><em>-</em></span> <span class='ocrx_word' id='word_1_1018' title='bbox 2044 2081 2198 2120; x_wconf 88' lang='lat' dir='ltr'>quoniam</span> <span class='ocrx_word' id='word_1_1019' title='bbox 2222 2080 2390 2110; x_wconf 88' lang='lat' dir='ltr'>subsistere</span> <span class='ocrx_word' id='word_1_1020' title='bbox 2413 2091 2450 2111; x_wconf 84' lang='lat' dir='ltr'>ex</span> 
     </span>
     <span class='ocr_line' id='line_1_122' title="bbox 1384 2124 2449 2164; baseline 0.001 -11"><span class='ocrx_word' id='word_1_1021' title='bbox 1384 2124 1524 2154; x_wconf 91' lang='lat' dir='ltr'>humana</span> <span class='ocrx_word' id='word_1_1022' title='bbox 1540 2129 1652 2154; x_wconf 90' lang='lat' dir='ltr'>natura</span> <span class='ocrx_word' id='word_1_1023' title='bbox 1666 2124 1861 2163; x_wconf 89' lang='lat' dir='ltr'>intelligitur,</span> <span class='ocrx_word' id='word_1_1024' title='bbox 1874 2125 2066 2164; x_wconf 90' lang='lat' dir='ltr'>inquantum</span> <span class='ocrx_word' id='word_1_1025' title='bbox 2082 2129 2129 2154; x_wconf 88' lang='lat' dir='ltr'>est</span> <span class='ocrx_word' id='word_1_1026' title='bbox 2144 2134 2281 2164; x_wconf 89' lang='lat' dir='ltr'>persona</span> <span class='ocrx_word' id='word_1_1027' title='bbox 2292 2125 2449 2161; x_wconf 90' lang='lat' dir='ltr'>humana;</span> 
     </span>
     <span class='ocr_line' id='line_1_123' title="bbox 1384 2167 2450 2199; baseline 0.002 -2"><span class='ocrx_word' id='word_1_1028' title='bbox 1384 2168 1553 2198; x_wconf 89' lang='lat' dir='ltr'>subsistere</span> <span class='ocrx_word' id='word_1_1029' title='bbox 1576 2178 1652 2198; x_wconf 91' lang='lat' dir='ltr'>vero</span> <span class='ocrx_word' id='word_1_1030' title='bbox 1676 2168 1710 2198; x_wconf 92' lang='lat' dir='ltr'>in</span> <span class='ocrx_word' id='word_1_1031' title='bbox 1733 2168 1873 2198; x_wconf 86' lang='lat' dir='ltr'>humana</span> <span class='ocrx_word' id='word_1_1032' title='bbox 1901 2174 2014 2198; x_wconf 87' lang='lat' dir='ltr'>natura</span> <span class='ocrx_word' id='word_1_1033' title='bbox 2038 2168 2183 2198; x_wconf 92' lang='lat' dir='ltr'>absolute</span> <span class='ocrx_word' id='word_1_1034' title='bbox 2213 2167 2388 2199; x_wconf 87' lang='lat' dir='ltr'>admittitur</span> <span class='ocrx_word' id='word_1_1035' title='bbox 2411 2168 2450 2199; x_wconf 90' lang='lat' dir='ltr'>de</span> 
     </span>
     <span class='ocr_line' id='line_1_124' title="bbox 1384 2212 2450 2243; baseline 0 -1"><span class='ocrx_word' id='word_1_1036' title='bbox 1384 2212 1491 2242; x_wconf 92' lang='lat' dir='ltr'>Verbo</span> <span class='ocrx_word' id='word_1_1037' title='bbox 1507 2212 1577 2242; x_wconf 91' lang='lat' dir='ltr'>Dei.</span> <span class='ocrx_word' id='word_1_1038' title='bbox 1611 2212 1652 2242; x_wconf 91' lang='lat' dir='ltr'>Et</span> <span class='ocrx_word' id='word_1_1039' title='bbox 1675 2212 1817 2242; x_wconf 90' lang='lat' dir='ltr'>similiter</span> <span class='ocrx_word' id='word_1_1040' title='bbox 1833 2213 1973 2242; x_wconf 89' lang='lat' dir='ltr'>humana</span> <span class='ocrx_word' id='word_1_1041' title='bbox 1995 2218 2108 2242; x_wconf 89' lang='lat' dir='ltr'>natura</span> <span class='ocrx_word' id='word_1_1042' title='bbox 2128 2213 2292 2242; x_wconf 89' lang='lat' dir='ltr'>constituit</span> <span class='ocrx_word' id='word_1_1043' title='bbox 2307 2213 2450 2243; x_wconf 91' lang='lat' dir='ltr'>Verbum</span> 
     </span>
     <span class='ocr_line' id='line_1_125' title="bbox 1384 2255 2449 2296; baseline 0.001 -10"><span class='ocrx_word' id='word_1_1044' title='bbox 1384 2256 1445 2286; x_wconf 93' lang='lat' dir='ltr'>Dei</span> <span class='ocrx_word' id='word_1_1045' title='bbox 1459 2257 1493 2286; x_wconf 92' lang='lat' dir='ltr'>in</span> <span class='ocrx_word' id='word_1_1046' title='bbox 1509 2257 1572 2286; x_wconf 91' lang='lat' dir='ltr'>hoc</span> <span class='ocrx_word' id='word_1_1047' title='bbox 1585 2255 1674 2296; x_wconf 91' lang='lat' dir='ltr'>quod</span> <span class='ocrx_word' id='word_1_1048' title='bbox 1691 2262 1737 2286; x_wconf 89' lang='lat' dir='ltr'>est</span> <span class='ocrx_word' id='word_1_1049' title='bbox 1753 2265 1820 2286; x_wconf 90' lang='lat' dir='ltr'>esse</span> <span class='ocrx_word' id='word_1_1050' title='bbox 1836 2265 2007 2296; x_wconf 87' lang='lat' dir='ltr'>personam</span> <span class='ocrx_word' id='word_1_1051' title='bbox 2022 2257 2211 2292; x_wconf 83' lang='lat' dir='ltr'>humanam3</span> <span class='ocrx_word' id='word_1_1052' title='bbox 2231 2257 2265 2286; x_wconf 92' lang='lat' dir='ltr'>in</span> <span class='ocrx_word' id='word_1_1053' title='bbox 2280 2257 2343 2286; x_wconf 92' lang='lat' dir='ltr'>hoc</span> <span class='ocrx_word' id='word_1_1054' title='bbox 2361 2256 2449 2296; x_wconf 92' lang='lat' dir='ltr'>quod</span> 
     </span>
     <span class='ocr_line' id='line_1_126' title="bbox 1384 2297 2449 2341; baseline 0 -11"><span class='ocrx_word' id='word_1_1055' title='bbox 1384 2297 1433 2330; x_wconf 47' lang='lat' dir='ltr'>est*</span> <span class='ocrx_word' id='word_1_1056' title='bbox 1446 2309 1514 2330; x_wconf 92' lang='lat' dir='ltr'>esse</span> <span class='ocrx_word' id='word_1_1057' title='bbox 1529 2301 1727 2341; x_wconf 88' lang='lat' dir='ltr'>hypostasim</span> <span class='ocrx_word' id='word_1_1058' title='bbox 1743 2301 1901 2330; x_wconf 89' lang='lat' dir='ltr'>humanae</span> <span class='ocrx_word' id='word_1_1059' title='bbox 1917 2305 2063 2336; x_wconf 87' lang='lat' dir='ltr'>naturae;</span> <span class='ocrx_word' id='word_1_1060' title='bbox 2085 2301 2118 2330; x_wconf 92' lang='lat' dir='ltr'>in</span> <span class='ocrx_word' id='word_1_1061' title='bbox 2134 2301 2197 2330; x_wconf 95' lang='lat' dir='ltr'>hoc</span> <span class='ocrx_word' id='word_1_1062' title='bbox 2214 2300 2303 2340; x_wconf 93' lang='lat' dir='ltr'>quod</span> <span class='ocrx_word' id='word_1_1063' title='bbox 2320 2305 2366 2330; x_wconf 90' lang='lat' dir='ltr'>est</span> <span class='ocrx_word' id='word_1_1064' title='bbox 2382 2310 2449 2331; x_wconf 91' lang='lat' dir='ltr'>esse</span> 
     </span>
     <span class='ocr_line' id='line_1_127' title="bbox 1382 2344 2448 2383; baseline 0 -9"><span class='ocrx_word' id='word_1_1065' title='bbox 1382 2345 1470 2374; x_wconf 93' lang='lat' dir='ltr'>hunc</span> <span class='ocrx_word' id='word_1_1066' title='bbox 1493 2345 1676 2381; x_wconf 78' lang='lat' dir='ltr'>hominem3</span> <span class='ocrx_word' id='word_1_1067' title='bbox 1702 2350 1732 2374; x_wconf 93' lang='lat' dir='ltr'>et</span> <span class='ocrx_word' id='word_1_1068' title='bbox 1752 2345 1797 2374; x_wconf 92' lang='lat' dir='ltr'>sic</span> <span class='ocrx_word' id='word_1_1069' title='bbox 1812 2349 1923 2374; x_wconf 90' lang='lat' dir='ltr'>natura</span> <span class='ocrx_word' id='word_1_1070' title='bbox 1946 2345 2095 2379; x_wconf 93' lang='lat' dir='ltr'>humana,</span> <span class='ocrx_word' id='word_1_1071' title='bbox 2112 2344 2187 2374; x_wconf 91' lang='lat' dir='ltr'>loco</span> <span class='ocrx_word' id='word_1_1072' title='bbox 2211 2344 2357 2383; x_wconf 91' lang='lat' dir='ltr'>propriae</span> <span class='ocrx_word' id='word_1_1073' title='bbox 2374 2345 2448 2374; x_wconf 89' lang='lat' dir='ltr'>sub-</span> 
     </span>
     <span class='ocr_line' id='line_1_128' title="bbox 1382 2388 2449 2428; baseline -0.001 -10"><span class='ocrx_word' id='word_1_1074' title='bbox 1382 2389 1552 2424; x_wconf 89' lang='lat' dir='ltr'>sistentiae,</span> <span class='ocrx_word' id='word_1_1075' title='bbox 1569 2389 1698 2419; x_wconf 91' lang='lat' dir='ltr'>sortitur</span> <span class='ocrx_word' id='word_1_1076' title='bbox 1721 2389 1955 2418; x_wconf 88' lang='lat' dir='ltr'>subsistentiam</span> <span class='ocrx_word' id='word_1_1077' title='bbox 1977 2389 2139 2428; x_wconf 89' lang='lat' dir='ltr'>propriam</span> <span class='ocrx_word' id='word_1_1078' title='bbox 2163 2388 2235 2417; x_wconf 92' lang='lat' dir='ltr'>Filii</span> <span class='ocrx_word' id='word_1_1079' title='bbox 2258 2388 2328 2423; x_wconf 91' lang='lat' dir='ltr'>Dei,</span> <span class='ocrx_word' id='word_1_1080' title='bbox 2346 2393 2376 2418; x_wconf 92' lang='lat' dir='ltr'>et</span> <span class='ocrx_word' id='word_1_1081' title='bbox 2391 2398 2449 2428; x_wconf 90' lang='lat' dir='ltr'>per</span> 
     </span>
     <span class='ocr_line' id='line_1_129' title="bbox 1381 2432 2448 2472; baseline -0.002 -9"><span class='ocrx_word' id='word_1_1082' title='bbox 1381 2433 1469 2463; x_wconf 89' lang='lat' dir='ltr'>illam</span> <span class='ocrx_word' id='word_1_1083' title='bbox 1492 2433 1642 2469; x_wconf 89' lang='lat' dir='ltr'>subsistit,</span> <span class='ocrx_word' id='word_1_1084' title='bbox 1659 2442 1727 2463; x_wconf 93' lang='lat' dir='ltr'>non</span> <span class='ocrx_word' id='word_1_1085' title='bbox 1749 2442 1807 2472; x_wconf 90' lang='lat' dir='ltr'>per</span> <span class='ocrx_word' id='word_1_1086' title='bbox 1830 2433 1982 2472; x_wconf 90' lang='lat' dir='ltr'>seipsam:</span> <span class='ocrx_word' id='word_1_1087' title='bbox 1999 2449 2020 2454; x_wconf 93' lang='lat'>-</span> <span class='ocrx_word' id='word_1_1088' title='bbox 2045 2433 2128 2471; x_wconf 90' lang='lat' dir='ltr'>quia,</span> <span class='ocrx_word' id='word_1_1089' title='bbox 2145 2432 2287 2471; x_wconf 91' lang='lat' dir='ltr'>inquam,</span> <span class='ocrx_word' id='word_1_1090' title='bbox 2305 2441 2361 2471; x_wconf 92' lang='lat' dir='ltr'>per</span> <span class='ocrx_word' id='word_1_1091' title='bbox 2375 2441 2448 2462; x_wconf 89' lang='lat' dir='ltr'>mo·-</span> 
     </span>
     <span class='ocr_line' id='line_1_130' title="bbox 1382 2475 2447 2516; baseline -0.002 -9"><span class='ocrx_word' id='word_1_1092' title='bbox 1382 2477 1460 2507; x_wconf 90' lang='lat' dir='ltr'>dum</span> <span class='ocrx_word' id='word_1_1093' title='bbox 1483 2477 1704 2507; x_wconf 88' lang='lat' dir='ltr'>subsistentiae</span> <span class='ocrx_word' id='word_1_1094' title='bbox 1728 2477 1806 2507; x_wconf 92' lang='lat' dir='ltr'>unio</span> <span class='ocrx_word' id='word_1_1095' title='bbox 1824 2482 1870 2506; x_wconf 91' lang='lat' dir='ltr'>est</span> <span class='ocrx_word' id='word_1_1096' title='bbox 1885 2477 1967 2506; x_wconf 91' lang='lat' dir='ltr'>inter</span> <span class='ocrx_word' id='word_1_1097' title='bbox 1981 2485 2151 2516; x_wconf 85' lang='lat' dir='ltr'>personam</span> <span class='ocrx_word' id='word_1_1098' title='bbox 2175 2476 2244 2506; x_wconf 91' lang='lat' dir='ltr'>Filii</span> <span class='ocrx_word' id='word_1_1099' title='bbox 2270 2475 2329 2505; x_wconf 88' lang='lat' dir='ltr'>Dei</span> <span class='ocrx_word' id='word_1_1100' title='bbox 2346 2481 2377 2505; x_wconf 94' lang='lat' dir='ltr'>et</span> <span class='ocrx_word' id='word_1_1101' title='bbox 2391 2486 2447 2506; x_wconf 90' lang='lat' dir='ltr'>na-</span> 
     </span>
     <span class='ocr_line' id='line_1_131' title="bbox 1381 2519 2446 2560; baseline -0.002 -9"><span class='ocrx_word' id='word_1_1102' title='bbox 1381 2526 1485 2551; x_wconf 90' lang='lat' dir='ltr'>turam</span> <span class='ocrx_word' id='word_1_1103' title='bbox 1517 2522 1707 2556; x_wconf 90' lang='lat' dir='ltr'>humanam,</span> <span class='ocrx_word' id='word_1_1104' title='bbox 1732 2520 1806 2550; x_wconf 89' lang='lat' dir='ltr'>ideo</span> <span class='ocrx_word' id='word_1_1105' title='bbox 1831 2520 1944 2550; x_wconf 90' lang='lat' dir='ltr'>dicitur</span> <span class='ocrx_word' id='word_1_1106' title='bbox 1967 2519 2056 2560; x_wconf 89' lang='lat' dir='ltr'>quod</span> <span class='ocrx_word' id='word_1_1107' title='bbox 2086 2525 2132 2550; x_wconf 89' lang='lat' dir='ltr'>est</span> <span class='ocrx_word' id='word_1_1108' title='bbox 2158 2520 2237 2549; x_wconf 92' lang='lat' dir='ltr'>unio</span> <span class='ocrx_word' id='word_1_1109' title='bbox 2269 2519 2446 2550; x_wconf 90' lang='lat' dir='ltr'>secundum</span> 
     </span>
     <span class='ocr_line' id='line_1_132' title="bbox 1381 2563 2446 2606; baseline -0.002 -11"><span class='ocrx_word' id='word_1_1110' title='bbox 1381 2566 1595 2606; x_wconf 88' lang='lat' dir='ltr'>hypostasim;</span> <span class='ocrx_word' id='word_1_1111' title='bbox 1621 2570 1652 2595; x_wconf 90' lang='lat' dir='ltr'>et</span> <span class='ocrx_word' id='word_1_1112' title='bbox 1675 2564 1790 2595; x_wconf 89' lang='lat' dir='ltr'>dicitur</span> <span class='ocrx_word' id='word_1_1113' title='bbox 1812 2565 1846 2594; x_wconf 95' lang='lat' dir='ltr'>in</span> <span class='ocrx_word' id='word_1_1114' title='bbox 1861 2565 1963 2594; x_wconf 91' lang='lat' dir='ltr'>littera</span> <span class='ocrx_word' id='word_1_1115' title='bbox 1985 2564 2044 2594; x_wconf 94' lang='lat' dir='ltr'>hac</span> <span class='ocrx_word' id='word_1_1116' title='bbox 2061 2563 2150 2604; x_wconf 90' lang='lat' dir='ltr'>quod</span> <span class='ocrx_word' id='word_1_1117' title='bbox 2174 2564 2250 2593; x_wconf 85' lang='lat' dir='ltr'>unio</span> <span class='ocrx_word' id='word_1_1118' title='bbox 2274 2563 2446 2594; x_wconf 85' lang='lat' dir='ltr'>secundum</span> 
     </span>
     <span class='ocr_line' id='line_1_133' title="bbox 1381 2607 2446 2650; baseline -0.002 -11"><span class='ocrx_word' id='word_1_1119' title='bbox 1381 2609 1580 2650; x_wconf 83' lang='lat' dir='ltr'>hypostasim</span> <span class='ocrx_word' id='word_1_1120' title='bbox 1602 2609 1724 2650; x_wconf 89' lang='lat' dir='ltr'>sufficit</span> <span class='ocrx_word' id='word_1_1121' title='bbox 1745 2609 1788 2639; x_wconf 82' lang='lat' dir='ltr'>ad</span> <span class='ocrx_word' id='word_1_1122' title='bbox 1809 2609 1870 2639; x_wconf 88' lang='lat' dir='ltr'>hoc</span> <span class='ocrx_word' id='word_1_1123' title='bbox 1885 2608 1971 2648; x_wconf 84' lang='lat' dir='ltr'>quod</span> <span class='ocrx_word' id='word_1_1124' title='bbox 1987 2618 2050 2638; x_wconf 89' lang='lat' dir='ltr'>non</span> <span class='ocrx_word' id='word_1_1125' title='bbox 2073 2608 2116 2638; x_wconf 86' lang='lat' dir='ltr'>sit</span> <span class='ocrx_word' id='word_1_1126' title='bbox 2138 2608 2214 2638; x_wconf 85' lang='lat' dir='ltr'>unio</span> <span class='ocrx_word' id='word_1_1127' title='bbox 2230 2607 2446 2638; x_wconf 85' lang='lat' dir='ltr'>accidentalis.</span> 
     </span>
     <span class='ocr_line' id='line_1_134' title="bbox 1382 2650 2447 2692; baseline -0.002 -9"><span class='ocrx_word' id='word_1_1128' title='bbox 1382 2654 1445 2684; x_wconf 93' lang='lat' dir='ltr'>Ubi</span> <span class='ocrx_word' id='word_1_1129' title='bbox 1469 2653 1550 2683; x_wconf 90' lang='lat' dir='ltr'>clare</span> <span class='ocrx_word' id='word_1_1130' title='bbox 1573 2652 1681 2683; x_wconf 91' lang='lat' dir='ltr'>videre</span> <span class='ocrx_word' id='word_1_1131' title='bbox 1703 2658 1796 2692; x_wconf 91' lang='lat' dir='ltr'>potes</span> <span class='ocrx_word' id='word_1_1132' title='bbox 1817 2652 1907 2692; x_wconf 92' lang='lat' dir='ltr'>quod</span> <span class='ocrx_word' id='word_1_1133' title='bbox 1930 2652 2075 2682; x_wconf 90' lang='lat' dir='ltr'>diximus.</span> <span class='ocrx_word' id='word_1_1134' title='bbox 2099 2650 2182 2682; x_wconf 75' lang='lat' dir='ltr'>Na&#39;m</span> <span class='ocrx_word' id='word_1_1135' title='bbox 2198 2652 2223 2681; x_wconf 93' lang='lat' dir='ltr'>si</span> <span class='ocrx_word' id='word_1_1136' title='bbox 2238 2652 2316 2681; x_wconf 93' lang='lat' dir='ltr'>unio</span> <span class='ocrx_word' id='word_1_1137' title='bbox 2333 2661 2447 2681; x_wconf 90' lang='lat' dir='ltr'>secun-</span> 
     </span>
     <span class='ocr_line' id='line_1_135' title="bbox 1382 2695 2446 2738; baseline -0.003 -11"><span class='ocrx_word' id='word_1_1138' title='bbox 1382 2697 1460 2727; x_wconf 91' lang='lat' dir='ltr'>dum</span> <span class='ocrx_word' id='word_1_1139' title='bbox 1483 2698 1681 2738; x_wconf 88' lang='lat' dir='ltr'>hypostasim</span> <span class='ocrx_word' id='word_1_1140' title='bbox 1705 2696 1843 2727; x_wconf 88' lang='lat' dir='ltr'>excludit</span> <span class='ocrx_word' id='word_1_1141' title='bbox 1858 2697 2014 2727; x_wconf 88' lang='lat' dir='ltr'>unionem</span> <span class='ocrx_word' id='word_1_1142' title='bbox 2031 2705 2098 2726; x_wconf 90' lang='lat' dir='ltr'>esse</span> <span class='ocrx_word' id='word_1_1143' title='bbox 2114 2695 2350 2731; x_wconf 90' lang='lat' dir='ltr'>accidentalem,</span> <span class='ocrx_word' id='word_1_1144' title='bbox 2368 2705 2446 2725; x_wconf 91' lang='lat' dir='ltr'>con-</span> 
     </span>
     <span class='ocr_line' id='line_1_136' title="bbox 1382 2739 2445 2781; baseline -0.001 -10"><span class='ocrx_word' id='word_1_1145' title='bbox 1382 2751 1519 2781; x_wconf 88' lang='lat' dir='ltr'>sequens</span> <span class='ocrx_word' id='word_1_1146' title='bbox 1547 2741 1629 2771; x_wconf 92' lang='lat' dir='ltr'>clare</span> <span class='ocrx_word' id='word_1_1147' title='bbox 1657 2746 1703 2771; x_wconf 89' lang='lat' dir='ltr'>est</span> <span class='ocrx_word' id='word_1_1148' title='bbox 1729 2740 1818 2780; x_wconf 94' lang='lat' dir='ltr'>quod</span> <span class='ocrx_word' id='word_1_1149' title='bbox 1844 2741 1928 2770; x_wconf 90' lang='lat' dir='ltr'>uniri</span> <span class='ocrx_word' id='word_1_1150' title='bbox 1951 2739 2129 2770; x_wconf 87' lang='lat' dir='ltr'>secundum</span> <span class='ocrx_word' id='word_1_1151' title='bbox 2156 2739 2351 2779; x_wconf 87' lang='lat' dir='ltr'>hypostasim</span> <span class='ocrx_word' id='word_1_1152' title='bbox 2378 2749 2445 2770; x_wconf 92' lang='lat' dir='ltr'>non</span> 
     </span>
     <span class='ocr_line' id='line_1_137' title="bbox 1382 2783 2445 2825; baseline -0.003 -10"><span class='ocrx_word' id='word_1_1153' title='bbox 1382 2791 1429 2815; x_wconf 90' lang='lat' dir='ltr'>est</span> <span class='ocrx_word' id='word_1_1154' title='bbox 1451 2791 1576 2815; x_wconf 88' lang='lat' dir='ltr'>tantum</span> <span class='ocrx_word' id='word_1_1155' title='bbox 1600 2785 1754 2825; x_wconf 86' lang='lat' dir='ltr'>coniungi</span> <span class='ocrx_word' id='word_1_1156' title='bbox 1778 2784 1940 2824; x_wconf 88' lang='lat' dir='ltr'>hypostasi</span> <span class='ocrx_word' id='word_1_1157' title='bbox 1962 2793 2019 2823; x_wconf 91' lang='lat' dir='ltr'>per</span> <span class='ocrx_word' id='word_1_1158' title='bbox 2034 2784 2137 2813; x_wconf 88' lang='lat' dir='ltr'>inesse</span> <span class='ocrx_word' id='word_1_1159' title='bbox 2159 2783 2337 2823; x_wconf 90' lang='lat' dir='ltr'>hypostasi:</span> <span class='ocrx_word' id='word_1_1160' title='bbox 2363 2792 2445 2822; x_wconf 91' lang='lat' dir='ltr'>quo-</span> 
     </span>
     <span class='ocr_line' id='line_1_138' title="bbox 1381 2826 2446 2869; baseline -0.003 -10"><span class='ocrx_word' id='word_1_1161' title='bbox 1381 2830 1468 2859; x_wconf 91' lang='lat' dir='ltr'>niam</span> <span class='ocrx_word' id='word_1_1162' title='bbox 1493 2829 1646 2869; x_wconf 86' lang='lat' dir='ltr'>coniungi</span> <span class='ocrx_word' id='word_1_1163' title='bbox 1668 2829 1831 2869; x_wconf 89' lang='lat' dir='ltr'>hypostasi</span> <span class='ocrx_word' id='word_1_1164' title='bbox 1854 2837 1911 2868; x_wconf 89' lang='lat' dir='ltr'>per</span> <span class='ocrx_word' id='word_1_1165' title='bbox 1933 2828 2035 2857; x_wconf 90' lang='lat' dir='ltr'>inesse</span> <span class='ocrx_word' id='word_1_1166' title='bbox 2066 2832 2190 2856; x_wconf 87' lang='lat' dir='ltr'>tantum</span> <span class='ocrx_word' id='word_1_1167' title='bbox 2212 2836 2279 2856; x_wconf 92' lang='lat' dir='ltr'>non</span> <span class='ocrx_word' id='word_1_1168' title='bbox 2308 2826 2446 2857; x_wconf 88' lang='lat' dir='ltr'>excludit</span> 
     </span>
     <span class='ocr_line' id='line_1_139' title="bbox 1382 2870 2445 2910; baseline -0.003 -7"><span class='ocrx_word' id='word_1_1169' title='bbox 1382 2874 1538 2903; x_wconf 90' lang='lat' dir='ltr'>unionem</span> <span class='ocrx_word' id='word_1_1170' title='bbox 1554 2882 1622 2903; x_wconf 91' lang='lat' dir='ltr'>esse</span> <span class='ocrx_word' id='word_1_1171' title='bbox 1638 2872 1875 2907; x_wconf 89' lang='lat' dir='ltr'>accidentalem,</span> <span class='ocrx_word' id='word_1_1172' title='bbox 1899 2876 1935 2901; x_wconf 92' lang='lat' dir='ltr'>ut</span> <span class='ocrx_word' id='word_1_1173' title='bbox 1950 2876 2037 2910; x_wconf 91' lang='lat' dir='ltr'>patet</span> <span class='ocrx_word' id='word_1_1174' title='bbox 2057 2870 2095 2900; x_wconf 95' lang='lat' dir='ltr'>de</span> <span class='ocrx_word' id='word_1_1175' title='bbox 2112 2870 2257 2900; x_wconf 91' lang='lat' dir='ltr'>albedine</span> <span class='ocrx_word' id='word_1_1176' title='bbox 2274 2871 2445 2900; x_wconf 90' lang='lat' dir='ltr'>coniuncta</span> 
     </span>
     <span class='ocr_line' id='line_1_140' title="bbox 1382 2914 2444 2957; baseline -0.002 -10"><span class='ocrx_word' id='word_1_1177' title='bbox 1382 2918 1545 2957; x_wconf 89' lang='lat' dir='ltr'>hypostasi</span> <span class='ocrx_word' id='word_1_1178' title='bbox 1561 2917 1698 2947; x_wconf 91' lang='lat' dir='ltr'>Socratis</span> <span class='ocrx_word' id='word_1_1179' title='bbox 1713 2925 1770 2955; x_wconf 91' lang='lat' dir='ltr'>per</span> <span class='ocrx_word' id='word_1_1180' title='bbox 1785 2916 1887 2945; x_wconf 90' lang='lat' dir='ltr'>inesse</span> <span class='ocrx_word' id='word_1_1181' title='bbox 1910 2920 2043 2944; x_wconf 91' lang='lat' dir='ltr'>tantum.</span> <span class='ocrx_word' id='word_1_1182' title='bbox 2068 2914 2142 2944; x_wconf 93' lang='lat' dir='ltr'>Plus</span> <span class='ocrx_word' id='word_1_1183' title='bbox 2163 2924 2238 2954; x_wconf 87' lang='lat' dir='ltr'>ergo</span> <span class='ocrx_word' id='word_1_1184' title='bbox 2256 2915 2351 2954; x_wconf 88' lang='lat' dir='ltr'>exigit</span> <span class='ocrx_word' id='word_1_1185' title='bbox 2365 2915 2444 2945; x_wconf 91' lang='lat' dir='ltr'>unio</span> 
     </span>
     <span class='ocr_line' id='line_1_141' title="bbox 1382 2959 2446 3000; baseline -0.003 -9"><span class='ocrx_word' id='word_1_1186' title='bbox 1382 2960 1560 2991; x_wconf 89' lang='lat' dir='ltr'>secundum</span> <span class='ocrx_word' id='word_1_1187' title='bbox 1590 2960 1797 3000; x_wconf 88' lang='lat' dir='ltr'>hypostasim.</span> <span class='ocrx_word' id='word_1_1188' title='bbox 1832 2959 1873 2988; x_wconf 90' lang='lat' dir='ltr'>Et</span> <span class='ocrx_word' id='word_1_1189' title='bbox 1903 2968 1977 2988; x_wconf 89' lang='lat' dir='ltr'>cum</span> <span class='ocrx_word' id='word_1_1190' title='bbox 2006 2959 2174 2998; x_wconf 90' lang='lat' dir='ltr'>proprium</span> <span class='ocrx_word' id='word_1_1191' title='bbox 2200 2959 2378 2998; x_wconf 87' lang='lat' dir='ltr'>hypostasis</span> <span class='ocrx_word' id='word_1_1192' title='bbox 2406 2959 2446 2989; x_wconf 89' lang='lat' dir='ltr'>sit</span> 
     </span>
     <span class='ocr_line' id='line_1_142' title="bbox 1382 3001 2444 3042; baseline -0.003 -7"><span class='ocrx_word' id='word_1_1193' title='bbox 1382 3005 1550 3035; x_wconf 88' lang='lat' dir='ltr'>subsistere</span> <span class='ocrx_word' id='word_1_1194' title='bbox 1573 3005 1607 3034; x_wconf 93' lang='lat' dir='ltr'>in</span> <span class='ocrx_word' id='word_1_1195' title='bbox 1630 3009 1750 3039; x_wconf 86' lang='lat' dir='ltr'>natura,</span> <span class='ocrx_word' id='word_1_1196' title='bbox 1768 3011 1968 3042; x_wconf 90' lang='lat' dir='ltr'>consequens</span> <span class='ocrx_word' id='word_1_1197' title='bbox 1992 3007 2038 3032; x_wconf 88' lang='lat' dir='ltr'>est</span> <span class='ocrx_word' id='word_1_1198' title='bbox 2054 3001 2143 3042; x_wconf 91' lang='lat' dir='ltr'>quod</span> <span class='ocrx_word' id='word_1_1199' title='bbox 2165 3002 2243 3032; x_wconf 91' lang='lat' dir='ltr'>unio</span> <span class='ocrx_word' id='word_1_1200' title='bbox 2266 3001 2444 3032; x_wconf 91' lang='lat' dir='ltr'>secundum</span> 
     </span>
     <span class='ocr_line' id='line_1_143' title="bbox 1382 3045 2442 3089; baseline -0.004 -10"><span class='ocrx_word' id='word_1_1201' title='bbox 1382 3049 1579 3089; x_wconf 87' lang='lat' dir='ltr'>hypostasim</span> <span class='ocrx_word' id='word_1_1202' title='bbox 1614 3048 1715 3086; x_wconf 85' lang='lat' dir='ltr'>exigat</span> <span class='ocrx_word' id='word_1_1203' title='bbox 1749 3047 2014 3076; x_wconf 90' lang='lat' dir='ltr'>communionem</span> <span class='ocrx_word' id='word_1_1204' title='bbox 2049 3045 2226 3076; x_wconf 92' lang='lat' dir='ltr'>secundum</span> <span class='ocrx_word' id='word_1_1205' title='bbox 2264 3046 2442 3076; x_wconf 89' lang='lat' dir='ltr'>subsistere.</span> 
     </span>
     <span class='ocr_line' id='line_1_144' title="bbox 1382 3090 2188 3131; baseline -0.004 -9"><span class='ocrx_word' id='word_1_1206' title='bbox 1382 3093 1489 3130; x_wconf 91' lang='lat' dir='ltr'>Quam</span> <span class='ocrx_word' id='word_1_1207' title='bbox 1512 3093 1545 3121; x_wconf 92' lang='lat' dir='ltr'>in</span> <span class='ocrx_word' id='word_1_1208' title='bbox 1568 3091 1735 3131; x_wconf 89' lang='lat' dir='ltr'>proposito</span> <span class='ocrx_word' id='word_1_1209' title='bbox 1758 3090 1893 3120; x_wconf 90' lang='lat' dir='ltr'>inveniri</span> <span class='ocrx_word' id='word_1_1210' title='bbox 1917 3090 2109 3120; x_wconf 89' lang='lat' dir='ltr'>declaratum</span> <span class='ocrx_word' id='word_1_1211' title='bbox 2133 3095 2188 3119; x_wconf 90' lang='lat' dir='ltr'>est.</span> 
     </span>
    </p>

    <p class='ocr_par' dir='ltr' id='par_1_15' title="bbox 1381 3133 2443 3393">
     <span class='ocr_line' id='line_1_145' title="bbox 1436 3133 2443 3174; baseline -0.003 -8"><span class='ocrx_word' id='word_1_1212' title='bbox 1436 3137 1475 3166; x_wconf 93' lang='lat' dir='ltr'>X.</span> <span class='ocrx_word' id='word_1_1213' title='bbox 1493 3136 1527 3165; x_wconf 94' lang='lat' dir='ltr'>In</span> <span class='ocrx_word' id='word_1_1214' title='bbox 1544 3135 1752 3174; x_wconf 91' lang='lat' dir='ltr'>responsione</span> <span class='ocrx_word' id='word_1_1215' title='bbox 1769 3133 1807 3164; x_wconf 91' lang='lat' dir='ltr'>ad</span> <span class='ocrx_word' id='word_1_1216' title='bbox 1824 3138 1973 3174; x_wconf 85' lang='lat' dir='ltr'>quartum</span> <span class='ocrx_word' id='word_1_1217' title='bbox 1989 3133 2131 3164; x_wconf 90' lang='lat' dir='ltr'>eiusdem</span> <span class='ocrx_word' id='word_1_1218' title='bbox 2147 3134 2225 3164; x_wconf 90' lang='lat' dir='ltr'>sexti</span> <span class='ocrx_word' id='word_1_1219' title='bbox 2242 3133 2372 3169; x_wconf 87' lang='lat' dir='ltr'>articuli,</span> <span class='ocrx_word' id='word_1_1220' title='bbox 2389 3133 2443 3164; x_wconf 92' lang='lat' dir='ltr'>ad-</span> 
     </span>
     <span class='ocr_line' id='line_1_146' title="bbox 1381 3177 2443 3218; baseline -0.003 -8"><span class='ocrx_word' id='word_1_1221' title='bbox 1381 3186 1467 3210; x_wconf 91' lang='lat' dir='ltr'>verte</span> <span class='ocrx_word' id='word_1_1222' title='bbox 1491 3179 1572 3209; x_wconf 92' lang='lat' dir='ltr'>duo:</span> <span class='ocrx_word' id='word_1_1223' title='bbox 1605 3179 1724 3218; x_wconf 91' lang='lat' dir='ltr'>primo,</span> <span class='ocrx_word' id='word_1_1224' title='bbox 1748 3179 1913 3208; x_wconf 86' lang='lat' dir='ltr'>veritatem</span> <span class='ocrx_word' id='word_1_1225' title='bbox 1936 3178 1997 3214; x_wconf 90' lang='lat' dir='ltr'>rei;</span> <span class='ocrx_word' id='word_1_1226' title='bbox 2029 3177 2144 3208; x_wconf 87' lang='lat' dir='ltr'>deinde</span> <span class='ocrx_word' id='word_1_1227' title='bbox 2167 3187 2353 3217; x_wconf 90' lang='lat' dir='ltr'>processum</span> <span class='ocrx_word' id='word_1_1228' title='bbox 2376 3178 2443 3207; x_wconf 83' lang='lat' dir='ltr'>Au-</span> 
     </span>
     <span class='ocr_line' id='line_1_147' title="bbox 1382 3222 2443 3262; baseline -0.003 -8"><span class='ocrx_word' id='word_1_1229' title='bbox 1382 3225 1476 3254; x_wconf 90' lang='lat' dir='ltr'>ctoris</span> <span class='ocrx_word' id='word_1_1230' title='bbox 1492 3224 1518 3253; x_wconf 62' lang='lat'>⁴⁹.</span> <span class='ocrx_word' id='word_1_1231' title='bbox 1558 3222 1675 3260; x_wconf 88' lang='lat' dir='ltr'>Quoad</span> <span class='ocrx_word' id='word_1_1232' title='bbox 1697 3223 1854 3262; x_wconf 89' lang='lat' dir='ltr'>primum,</span> <span class='ocrx_word' id='word_1_1233' title='bbox 1879 3222 1955 3262; x_wconf 87' lang='lat' dir='ltr'>quia</span> <span class='ocrx_word' id='word_1_1234' title='bbox 1976 3222 2224 3252; x_wconf 88' lang='lat' dir='ltr'>instrumentum</span> <span class='ocrx_word' id='word_1_1235' title='bbox 2255 3227 2301 3251; x_wconf 90' lang='lat' dir='ltr'>est</span> <span class='ocrx_word' id='word_1_1236' title='bbox 2322 3231 2443 3251; x_wconf 90' lang='lat' dir='ltr'>nomen</span> 
     </span>
     <span class='ocr_line' id='line_1_148' title="bbox 1382 3264 2443 3302; baseline -0.003 -5"><span class='ocrx_word' id='word_1_1237' title='bbox 1382 3277 1505 3302; x_wconf 88' lang='lat' dir='ltr'>causae,</span> <span class='ocrx_word' id='word_1_1238' title='bbox 1521 3267 1605 3296; x_wconf 91' lang='lat' dir='ltr'>uniri</span> <span class='ocrx_word' id='word_1_1239' title='bbox 1621 3266 1715 3296; x_wconf 91' lang='lat' dir='ltr'>alicui</span> <span class='ocrx_word' id='word_1_1240' title='bbox 1731 3271 1767 3296; x_wconf 92' lang='lat' dir='ltr'>ut</span> <span class='ocrx_word' id='word_1_1241' title='bbox 1781 3266 2028 3296; x_wconf 90' lang='lat' dir='ltr'>instrumentum</span> <span class='ocrx_word' id='word_1_1242' title='bbox 2050 3275 2118 3295; x_wconf 93' lang='lat' dir='ltr'>non</span> <span class='ocrx_word' id='word_1_1243' title='bbox 2141 3264 2332 3295; x_wconf 91' lang='lat' dir='ltr'>transcendit</span> <span class='ocrx_word' id='word_1_1244' title='bbox 2349 3265 2443 3295; x_wconf 93' lang='lat' dir='ltr'>unio-</span> 
     </span>
     <span class='ocr_line' id='line_1_149' title="bbox 1381 3309 2441 3350; baseline -0.003 -9"><span class='ocrx_word' id='word_1_1245' title='bbox 1381 3321 1457 3341; x_wconf 94' lang='lat' dir='ltr'>nem</span> <span class='ocrx_word' id='word_1_1246' title='bbox 1480 3311 1744 3350; x_wconf 89' lang='lat' dir='ltr'>comprehensam</span> <span class='ocrx_word' id='word_1_1247' title='bbox 1759 3309 1840 3340; x_wconf 84' lang='lat' dir='ltr'>infra</span> <span class='ocrx_word' id='word_1_1248' title='bbox 1855 3319 1956 3349; x_wconf 86' lang='lat' dir='ltr'>genus</span> <span class='ocrx_word' id='word_1_1249' title='bbox 1976 3319 2032 3340; x_wconf 90' lang='lat' dir='ltr'>seu</span> <span class='ocrx_word' id='word_1_1250' title='bbox 2048 3309 2245 3340; x_wconf 90' lang='lat' dir='ltr'>latitudinem</span> <span class='ocrx_word' id='word_1_1251' title='bbox 2262 3318 2441 3339; x_wconf 88' lang='lat' dir='ltr'>causarum:</span> 
     </span>
     <span class='ocr_line' id='line_1_150' title="bbox 1382 3353 2443 3393; baseline -0.002 -9"><span class='ocrx_word' id='word_1_1252' title='bbox 1382 3360 1413 3385; x_wconf 89' lang='lat' dir='ltr'>et</span> <span class='ocrx_word' id='word_1_1253' title='bbox 1435 3354 1508 3384; x_wconf 93' lang='lat' dir='ltr'>ideo</span> <span class='ocrx_word' id='word_1_1254' title='bbox 1533 3360 1580 3384; x_wconf 92' lang='lat' dir='ltr'>est</span> <span class='ocrx_word' id='word_1_1255' title='bbox 1601 3354 1670 3384; x_wconf 90' lang='lat' dir='ltr'>talis</span> <span class='ocrx_word' id='word_1_1256' title='bbox 1693 3355 1772 3384; x_wconf 89' lang='lat' dir='ltr'>um&#39;o</span> <span class='ocrx_word' id='word_1_1257' title='bbox 1788 3355 1822 3384; x_wconf 89' lang='lat' dir='ltr'>in</span> <span class='ocrx_word' id='word_1_1258' title='bbox 1838 3353 2008 3384; x_wconf 90' lang='lat' dir='ltr'>causando.</span> <span class='ocrx_word' id='word_1_1259' title='bbox 2033 3354 2074 3383; x_wconf 90' lang='lat' dir='ltr'>Et</span> <span class='ocrx_word' id='word_1_1260' title='bbox 2089 3354 2164 3393; x_wconf 94' lang='lat' dir='ltr'>quia</span> <span class='ocrx_word' id='word_1_1261' title='bbox 2181 3353 2260 3383; x_wconf 89' lang='lat' dir='ltr'>unio</span> <span class='ocrx_word' id='word_1_1262' title='bbox 2284 3353 2443 3383; x_wconf 88' lang='lat' dir='ltr'>humanae</span> 
     </span>
    </p>
   </div>
   <div class='ocr_carea' id='block_1_8' title="bbox 1381 3397 2447 3438">
    <p class='ocr_par' dir='ltr' id='par_1_16' title="bbox 1381 3397 2447 3438">
     <span class='ocr_line' id='line_1_151' title="bbox 1381 3397 2447 3438; baseline -0.002 -10"><span class='ocrx_word' id='word_1_1263' title='bbox 1381 3404 1512 3429; x_wconf 90' lang='lat' dir='ltr'>naturae</span> <span class='ocrx_word' id='word_1_1264' title='bbox 1534 3398 1574 3428; x_wconf 91' lang='lat' dir='ltr'>ad</span> <span class='ocrx_word' id='word_1_1265' title='bbox 1595 3398 1754 3434; x_wconf 89' lang='lat' dir='ltr'>Verbum,</span> <span class='ocrx_word' id='word_1_1266' title='bbox 1780 3398 1819 3428; x_wconf 93' lang='lat' dir='ltr'>de</span> <span class='ocrx_word' id='word_1_1267' title='bbox 1842 3407 1906 3438; x_wconf 92' lang='lat' dir='ltr'>qua</span> <span class='ocrx_word' id='word_1_1268' title='bbox 1930 3403 1976 3428; x_wconf 89' lang='lat' dir='ltr'>est</span> <span class='ocrx_word' id='word_1_1269' title='bbox 1998 3407 2120 3433; x_wconf 87' lang='lat' dir='ltr'>sermo,</span> <span class='ocrx_word' id='word_1_1270' title='bbox 2144 3406 2212 3427; x_wconf 89' lang='lat' dir='ltr'>non</span> <span class='ocrx_word' id='word_1_1271' title='bbox 2235 3402 2281 3426; x_wconf 86' lang='lat' dir='ltr'>est</span> <span class='ocrx_word' id='word_1_1272' title='bbox 2311 3397 2345 3426; x_wconf 92' lang='lat' dir='ltr'>in</span> <span class='ocrx_word' id='word_1_1273' title='bbox 2369 3406 2447 3427; x_wconf 64' lang='lat' dir='ltr'>cau-&gt;</span> 
     </span>
    </p>
   </div>
   <div class='ocr_carea' id='block_1_9' title="bbox 1380 3441 2442 3605">
    <p class='ocr_par' dir='ltr' id='par_1_17' title="bbox 1380 3441 2442 3605">
     <span class='ocr_line' id='line_1_152' title="bbox 1381 3441 2442 3478; baseline -0.003 -6"><span class='ocrx_word' id='word_1_1274' title='bbox 1381 3442 1498 3478; x_wconf 93' lang='lat' dir='ltr'>sando,</span> <span class='ocrx_word' id='word_1_1275' title='bbox 1523 3442 1578 3473; x_wconf 93' lang='lat' dir='ltr'>sed</span> <span class='ocrx_word' id='word_1_1276' title='bbox 1600 3443 1633 3472; x_wconf 92' lang='lat' dir='ltr'>in</span> <span class='ocrx_word' id='word_1_1277' title='bbox 1658 3441 1791 3472; x_wconf 90' lang='lat' dir='ltr'>essendo</span> <span class='ocrx_word' id='word_1_1278' title='bbox 1821 3441 1998 3472; x_wconf 89' lang='lat' dir='ltr'>secundum</span> <span class='ocrx_word' id='word_1_1279' title='bbox 2021 3450 2088 3471; x_wconf 88' lang='lat' dir='ltr'>esse</span> <span class='ocrx_word' id='word_1_1280' title='bbox 2117 3441 2318 3470; x_wconf 89' lang='lat' dir='ltr'>substantiale</span> <span class='ocrx_word' id='word_1_1281' title='bbox 2342 3441 2442 3470; x_wconf 91' lang='lat' dir='ltr'>subsi-</span> 
     </span>
     <span class='ocr_line' id='line_1_153' title="bbox 1381 3484 2442 3527; baseline -0.003 -10"><span class='ocrx_word' id='word_1_1282' title='bbox 1381 3487 1529 3523; x_wconf 88' lang='lat' dir='ltr'>stentiae;</span> <span class='ocrx_word' id='word_1_1283' title='bbox 1553 3485 1627 3516; x_wconf 91' lang='lat' dir='ltr'>ideo</span> <span class='ocrx_word' id='word_1_1284' title='bbox 1644 3486 1792 3527; x_wconf 89' lang='lat' dir='ltr'>Cyrillus,</span> <span class='ocrx_word' id='word_1_1285' title='bbox 1809 3487 1842 3516; x_wconf 91' lang='lat' dir='ltr'>in</span> <span class='ocrx_word' id='word_1_1286' title='bbox 1858 3486 1959 3515; x_wconf 91' lang='lat' dir='ltr'>littera</span> <span class='ocrx_word' id='word_1_1287' title='bbox 1978 3485 2098 3520; x_wconf 86' lang='lat' dir='ltr'>allatus,</span> <span class='ocrx_word' id='word_1_1288' title='bbox 2115 3485 2264 3525; x_wconf 89' lang='lat' dir='ltr'>reprobat</span> <span class='ocrx_word' id='word_1_1289' title='bbox 2280 3484 2442 3514; x_wconf 89' lang='lat' dir='ltr'>Christum</span> 
     </span>
     <span class='ocr_line' id='line_1_154' title="bbox 1381 3529 2440 3571; baseline -0.003 -10"><span class='ocrx_word' id='word_1_1290' title='bbox 1381 3536 1533 3571; x_wconf 85' lang='lat' dir='ltr'>tanquam</span> <span class='ocrx_word' id='word_1_1291' title='bbox 1557 3530 1759 3561; x_wconf 85' lang='lat' dir='ltr'>instrumenti</span> <span class='ocrx_word' id='word_1_1292' title='bbox 1789 3530 1897 3570; x_wconf 88' lang='lat' dir='ltr'>officio</span> <span class='ocrx_word' id='word_1_1293' title='bbox 1928 3534 2132 3569; x_wconf 84' lang='lat' dir='ltr'>assumptum.</span> <span class='ocrx_word' id='word_1_1294' title='bbox 2165 3529 2199 3559; x_wconf 91' lang='lat' dir='ltr'>Si</span> <span class='ocrx_word' id='word_1_1295' title='bbox 2222 3529 2308 3558; x_wconf 92' lang='lat' dir='ltr'>enim</span> <span class='ocrx_word' id='word_1_1296' title='bbox 2330 3529 2440 3568; x_wconf 90' lang='lat' dir='ltr'>prima,</span> 
     </span>
     <span class='ocr_line' id='line_1_155' title="bbox 1380 3572 2441 3605; baseline -0.004 0"><span class='ocrx_word' id='word_1_1297' title='bbox 1380 3585 1437 3605; x_wconf 89' lang='lat' dir='ltr'>seu</span> <span class='ocrx_word' id='word_1_1298' title='bbox 1460 3583 1585 3605; x_wconf 89' lang='lat' dir='ltr'>summa</span> <span class='ocrx_word' id='word_1_1299' title='bbox 1607 3575 1685 3604; x_wconf 93' lang='lat' dir='ltr'>unio</span> <span class='ocrx_word' id='word_1_1300' title='bbox 1710 3575 1866 3604; x_wconf 86' lang='lat' dir='ltr'>humanae</span> <span class='ocrx_word' id='word_1_1301' title='bbox 1891 3579 2020 3603; x_wconf 90' lang='lat' dir='ltr'>naturae</span> <span class='ocrx_word' id='word_1_1302' title='bbox 2044 3572 2083 3603; x_wconf 92' lang='lat' dir='ltr'>ad</span> <span class='ocrx_word' id='word_1_1303' title='bbox 2098 3573 2240 3603; x_wconf 91' lang='lat' dir='ltr'>Verbum</span> <span class='ocrx_word' id='word_1_1304' title='bbox 2264 3577 2345 3602; x_wconf 90' lang='lat' dir='ltr'>esset</span> <span class='ocrx_word' id='word_1_1305' title='bbox 2362 3572 2441 3601; x_wconf 93' lang='lat' dir='ltr'>unio</span> 
     </span>
    </p>
   </div>
   <div class='ocr_carea' id='block_1_10' title="bbox 2479 1208 2693 1289">
    <p class='ocr_par' dir='ltr' id='par_1_18' title="bbox 2479 1208 2693 1289">
     <span class='ocr_line' id='line_1_156' title="bbox 2479 1208 2693 1230; baseline 0 0"><span class='ocrx_word' id='word_1_1306' title='bbox 2479 1208 2693 1230; x_wconf 80' lang='lat' dir='ltr'>·S.‘rh.1ect.vm.-</span> 
     </span>
     <span class='ocr_line' id='line_1_157' title="bbox 2479 1235 2688 1263; baseline 0.01 -8"><span class='ocrx_word' id='word_1_1307' title='bbox 2479 1235 2530 1256; x_wconf 75' lang='lat' dir='ltr'>Dia.</span> <span class='ocrx_word' id='word_1_1308' title='bbox 2541 1235 2688 1263; x_wconf 77' lang='lat' dir='ltr'>lib.1V,cap.</span> 
     </span>
     <span class='ocr_line' id='line_1_158' title="bbox 2479 1267 2584 1289; baseline 0 -7"><span class='ocrx_word' id='word_1_1309' title='bbox 2479 1267 2509 1287; x_wconf 75' lang='lat' dir='ltr'>vr,</span> <span class='ocrx_word' id='word_1_1310' title='bbox 2526 1267 2547 1282; x_wconf 92' lang='lat' dir='ltr'>n.</span> <span class='ocrx_word' id='word_1_1311' title='bbox 2563 1268 2584 1289; x_wconf 88' lang='lat'>9.</span> 
     </span>
    </p>
   </div>
   <div class='ocr_carea' id='block_1_11' title="bbox 2479 2085 2688 2138">
    <p class='ocr_par' dir='ltr' id='par_1_19' title="bbox 2479 2085 2688 2138">
     <span class='ocr_line' id='line_1_159' title="bbox 2479 2085 2688 2112; baseline 0.005 -6"><span class='ocrx_word' id='word_1_1312' title='bbox 2479 2085 2489 2094; x_wconf 77' lang='lat'>⁴</span> <span class='ocrx_word' id='word_1_1313' title='bbox 2504 2085 2554 2106; x_wconf 86' lang='lat' dir='ltr'>Art.</span> <span class='ocrx_word' id='word_1_1314' title='bbox 2573 2092 2595 2112; x_wconf 79' lang='lat'>4,</span> <span class='ocrx_word' id='word_1_1315' title='bbox 2617 2085 2688 2107; x_wconf 90' lang='lat' dir='ltr'>Com-</span> 
     </span>
     <span class='ocr_line' id='line_1_160' title="bbox 2479 2115 2687 2138; baseline 0.005 -6"><span class='ocrx_word' id='word_1_1316' title='bbox 2479 2115 2687 2138; x_wconf 78' lang='lat' dir='ltr'>ment.num.v¹,vn.</span> 
     </span>
    </p>
   </div>
   <div class='ocr_carea' id='block_1_12' title="bbox 2471 3226 2673 3254">
    <p class='ocr_par' dir='ltr' id='par_1_20' title="bbox 2471 3226 2673 3254">
     <span class='ocr_line' id='line_1_161' title="bbox 2471 3226 2673 3254; baseline 0.005 -7"><span class='ocrx_word' id='word_1_1317' title='bbox 2471 3227 2480 3236; x_wconf 83' lang='grc'><strong>”</strong></span> <span class='ocrx_word' id='word_1_1318' title='bbox 2495 3226 2530 3247; x_wconf 82' lang='lat' dir='ltr'>Cf.</span> <span class='ocrx_word' id='word_1_1319' title='bbox 2547 3233 2608 3248; x_wconf 90' lang='lat' dir='ltr'>num.</span> <span class='ocrx_word' id='word_1_1320' title='bbox 2625 3233 2673 3254; x_wconf 83' lang='lat' dir='ltr'>seq.</span> 
     </span>
    </p>
   </div>
  </div>
 </body>
</html>
