2872 3970
929 290 1190 337 QUAESTIO
1219 291 1304 338 LV,
1334 291 1624 329 ARTICULUS
1653 293 1698 330 111

273 370 330 406 An
358 380 547 406 SECUNDUM
574 380 754 406 DICENDUM
782 368 890 417 quod
922 368 1093 405 ascensio
1130 368 1278 415 Christi,

219 429 410 471 quantum
438 421 487 458 ad
515 421 723 458 terminum
751 433 774 457 a
800 433 900 470 quo,
930 433 1010 458 non
1037 421 1279 459 transcende-

219 474 284 511 bat
311 473 518 511 hominum
553 485 802 511 communem
832 473 1021 519 notitiam,
1051 474 1119 510 sed
1153 475 1279 510 solum

216 534 410 576 quantum
438 527 487 563 ad
513 525 723 564 terminum
750 526 799 563 ad
828 538 957 575 quern.
987 527 1036 563 Et
1054 525 1141 562 ideo
1170 526 1290 563 disci-v

218 579 300 628 puli
327 586 535 628 potuerunt
553 579 684 616 videre
702 579 968 616 ascensionem
997 578 1136 615 Christi
1158 591 1280 628 quan-

218 639 303 669 tum
330 632 380 668 ad
405 631 615 669 terminum
642 644 665 668 a
692 643 785 680 quo,
806 631 903 668 idest
929 631 1145 668 secundum
1172 632 1280 680 quod

214 684 440 722 elevabatur
466 696 489 721 a
515 692 625 721 terra.
665 685 758 721 Non
785 691 916 721 autem
943 684 1122 721 viderunt
1156 683 1279 733 ipsam

218 744 408 786 quantum
435 736 485 774 ad
512 736 722 774 terminum
750 736 799 774 ad
827 749 966 786 quem:
997 736 1088 786 quia
1116 748 1196 773 non
1223 736 1279 773 vi-

217 790 356 826 derunt
382 790 586 838 quomodo
614 789 845 839 reciperetur
863 789 902 826 in
921 790 1038 826 caelo.
1059 789 1136 827 Sed
1156 801 1278 826 resur-

211 841 333 878 -rectio
354 841 494 878 Christi
517 841 809 879 transcendebat
827 853 1079 879 communem
1107 841 1280 878 notitiam

269 954 295 989 ζ)
313 955 427 987 qualem.
445 968 464 974 -
482 962 561 987 quam
581 955 656 980 tertia
674 961 777 988 praeter
794 955 812 981 1.

2320 295 2394 341 517

1335 377 1370 405 et
1389 377 1578 418 quantum
1597 370 1646 406 ad
1664 369 1874 407 terminum
1893 382 1915 406 a
1934 382 2025 418 quo,
2046 370 2261 409 secundum
2287 371 2394 419 quod

1334 421 1462 458 anima
1499 422 1607 458 rediit
1643 422 1691 458 ab
1727 421 1852 459 inferis
1887 430 1923 459 et
1956 434 2096 471 corpus
2133 423 2180 460 de
2218 425 2394 472 sepulcro

1335 476 1464 511 clauso
1483 474 1616 520 exivit;
1638 482 1674 511 et
1693 482 1883 523 quantum
1902 475 1950 512 ad
1970 475 2177 512 terminum
2197 476 2244 513 ad
2263 488 2392 524 quem,

1335 527 1550 564 secundum
1570 527 1676 575 quod
1701 535 1756 564 est
1775 527 1935 575 adeptus
1954 527 2073 564 vitam
2100 528 2315 575 gloriosam.
2347 529 2394 567 Et

1334 579 1421 616 ideo
1451 591 1531 616 non
1549 579 1681 616 debuit
1699 579 1924 617 resurrectio
1943 579 2027 618 fieri
2045 580 2098 616 sic
2118 581 2224 629 quod
2252 581 2300 617 ab
2324 582 2392 619 ho-

1334 632 1437 668 mine
1466 632 1670 669 videretur.

1386 685 1443 721 AD
1462 695 1619 722 TERTIUM
1638 697 1819 722 DICENDUM
1838 685 1946 734 quod
1963 686 2132 723 Lazarus
2150 685 2392 725 resuscitatus

1335 744 1389 773 est
1416 744 1458 774 ut
1485 737 1622 774 rediret
1640 738 1688 774 ad
1708 737 1827 774 vitam
1854 739 2009 786 qualem
2029 737 2040 763 t
2067 737 2173 786 prius
2195 738 2390 785 habuerat,

1334 802 1433 838 quae
1462 801 1714 826 communem
1742 789 1914 827 notitiam
1943 790 2150 828 hominum
2184 803 2264 827 non
2292 798 2391 829 tran-

1335 841 1491 878 scendit.
1522 843 1570 879 Et
1597 842 1684 879 ideo
1713 854 1793 879 non
1822 850 1876 879 est
1903 842 2034 880 similis
2063 843 2169 880 ratio.

888 1042 1222 1076 Commentario
1242 1042 1493 1076 cardinalis
1513 1044 1715 1078 Caietani

275 1131 382 1152 rrums
406 1121 507 1152 clarus
536 1127 592 1152 est.
616 1139 639 1143 —
669 1121 704 1151 In
728 1130 862 1161 corpore
891 1122 987 1152 unica
1018 1126 1065 1151 est
1090 1121 1273 1151 conclusio:

232 1185 234 1187 >
274 1165 480 1196 Resurrectio
507 1165 627 1196 Christi
655 1174 720 1195 non
751 1165 859 1195 debuit
887 1165 926 1195 ab
956 1164 1137 1195 hominibus
1167 1165 1276 1195 imme-

213 1209 301 1240 diate
323 1209 434 1245 videri,
458 1209 515 1240 sed
537 1209 582 1240 eis
605 1209 644 1240 ab
667 1209 794 1250 angelis
816 1209 972 1240 nuntiari.
995 1209 1160 1240 Probatur.
1184 1208 1274 1240 Ordo

210 1252 365 1284 *divinitus
387 1254 549 1284 institutus
572 1254 667 1293 exigit
689 1258 725 1283 ut
747 1262 785 1284 ea
808 1262 890 1293 quae
913 1258 987 1284 sunt
1010 1262 1105 1293 supra
1127 1253 1275 1285 homines

215 1297 452 1336 cognoscibilia,
475 1297 659 1328 hominibus
681 1306 738 1337 per
761 1297 890 1337 angelos
913 1296 1106 1328 revelentur:
1131 1302 1166 1327 ut
1188 1301 1275 1336 patet

214 1350 253 1371 ex
265 1340 432 1382 Dionysio.
449 1338 512 1372 Sed
526 1341 713 1371 resurrectio
727 1340 842 1371 Christi
861 1345 907 1370 est
921 1339 1116 1371 huiusmodi.
1140 1340 1236 1380 Ergo.
1252 1358 1272 1361 —

204 1383 256 1415 ‘Et
278 1383 485 1415 confirmatur
507 1385 693 1415 auctoritate
716 1384 838 1414 Hilarii.

1383 1121 1420 1152 11.
1445 1121 1481 1151 In
1503 1123 1713 1163 responsione
1737 1122 1776 1153 ad
1798 1122 1996 1158 secundum,
2021 1123 2100 1154 adde
2130 1124 2220 1163 quod
2247 1125 2389 1155 ascensio

1330 1165 1456 1201 Christi,
1481 1171 1637 1205 quantum
1661 1166 1700 1196 ad
1723 1167 1895 1197 terminum
1919 1166 1957 1197 ad
1981 1176 2088 1207 quem,
2109 1168 2315 1199 excedentem
2335 1178 2390 1199 co-

1328 1209 1506 1249 gnitionem
1529 1210 1712 1246 humanam,
1733 1210 1932 1244 manifestata
1956 1217 2001 1242 est
2024 1211 2186 1251 discipulis
2209 1213 2248 1242 ab
2272 1213 2389 1252 angelis

1330 1252 1522 1283 dicentibus:
1551 1253 1618 1284 Hic
1649 1253 1794 1284 Christus
1823 1255 1878 1294 qui
1907 1260 2086 1296 assumptus
2116 1261 2163 1286 est
2188 1265 2209 1286 α
2241 1257 2329 1287 vobis
2357 1257 2389 1287 in

1331 1297 1455 1328 caelum
1470 1298 1496 1327 ’ἢ

1164 1468 1426 1478 mmm

1010 1535 1327 1579 ARTICULUS
1356 1535 1586 1578 TERTIUS

241 1629 399 1662 UTRUM
420 1628 636 1661 CHRISTUS
658 1628 768 1660 POST
789 1628 1192 1661 RESURRECTIONEM
1216 1629 1434 1661 DEBUERrr
1459 1629 1685 1662 CONTINUE
1708 1630 1804 1662 CUM
1827 1631 2061 1664 olschLrs
2084 1633 2359 1670 CONVERsAm

639 1710 671 1737 111
690 1710 774 1740 Sem„
793 1710 851 1735 dist.
870 1717 931 1741 xxn,
950 1718 995 1743 qu.
1015 1717 1052 1740 ιιι,
1071 1715 1117 1735 art.
1138 1717 1161 1742 2,
1181 1710 1230 1743 qu²
1250 1709 1280 1742 3;
1301 1711 1330 1735 In
1350 1711 1433 1741 Ioum,
1453 1719 1509 1744 cap.
1527 1719 1567 1742 xx,
1586 1712 1644 1736 lect.
1663 1719 1702 1742 V1;
1723 1720 1778 1745 cap.
1797 1721 1846 1742 xxi,
1865 1713 1923 1738 lect.
1942 1721 1959 1739 1.

240 1823 270 1845 's'
321 1807 398 1851 μς(
421 1800 444 1825 n
462 1800 622 1825 TERTmM
641 1799 692 1825 Sic
712 1800 946 1826 PaocEnrrUR.
976 1788 1137 1826 Videtur
1164 1789 1271 1837 quod

252 1841 326 1890 ἐς,
343 1842 392 1888 §sil
423 1841 596 1878 Christus
628 1849 716 1890 post
747 1841 1065 1878 resurrectionem
1098 1841 1272 1878 debuerit

228 1884 347 1944 fij&
359 1880 602 1935 'r'continue
626 1905 717 1930 cum
737 1893 930 1942 discipulis
950 1894 1179 1931 conversari.
1209 1895 1270 1931 Ad

266 1940 362 1982 Ψῖϊῗ
378 1940 496 1983 hoc
524 1945 628 1982 enim
666 1945 841 1983 Christus
873 1946 1068 1995 discipulis
1095 1954 1182 1995 post
1214 1959 1270 1983 re-

210 1998 486 2036 mrrectionem
511 1998 697 2048 apparuit,
719 2005 762 2035 ut
780 2011 846 2035 eos
866 1999 914 2036 de
932 1998 1010 2036 fide
1029 1999 1270 2036 resurrectio-

209 2050 269 2088 nis
284 2051 521 2098 certificaret,
542 2058 579 2087 et
595 2051 900 2088 consolationem
915 2051 1142 2100 perturbatis
1161 2053 1270 2089 affer-

198 2111 276 2151 -ret,
301 2104 518 2141 secundum
536 2103 629 2140 illud
648 2105 750 2140 Ioan.
771 2115 819 2140 xx
837 2103 874 2140 *ε
909 2105 1036 2142 Gavisi
1058 2110 1142 2141 sunt
1166 2105 1270 2141 disci-

203 2157 298 2208 puli,
326 2157 404 2194 viso
431 2157 608 2194 Domino.
638 2156 719 2194 Sed
746 2155 867 2204 magis
894 2156 1051 2193 fuissent
1078 2156 1271 2194 certificati

210 2217 248 2247 et
273 2209 459 2246 consolati
486 2209 518 2246 si
545 2209 598 2246 eis
626 2208 806 2246 continue
826 2214 843 2231 α
871 2221 982 2246 suam
1016 2209 1270 2258 praesentiam

198 2262 453 2299 exhibuisset.
483 2262 584 2310 Ergo
603 2261 756 2299 videtur
773 2262 879 2311 quod
899 2261 1079 2298 continue
1108 2274 1198 2300 curn
1218 2262 1270 2299 eis

210 2314 384 2352 debuerit
411 2314 640 2352 conversari.

231 2386 235 2390 ¹
265 2379 299 2404 2.
330 2368 570 2415 PRAETEREA,
601 2367 774 2404 Christus
812 2379 1012 2415 resurgens
1050 2380 1072 2405 a
1108 2368 1271 2405 mortuis

199 2432 291 2458 ‘non
318 2420 444 2458 statim
462 2420 631 2458 ascendit
648 2420 689 2457 in
709 2421 870 2465 caelum,
892 2420 956 2457 sed
977 2428 1064 2469 post
1081 2421 1157 2458 dies
1181 2434 1270 2470 qua-

209 2470 398 2524 draginta,
417 2481 460 2510 ut
478 2473 641 2511 habetur
666 2474 747 2510 Act.
768 2485 778 2509 1
796 2473 827 2509 ²¹⁸.
857 2474 922 2510 Illo
941 2481 1072 2510 autem
1095 2481 1270 2523 tempore

196 2525 436 2563 intermedio
464 2526 504 2563 in
531 2527 638 2563 nullo
665 2526 740 2563 alio
770 2527 855 2562 loco
883 2526 1007 2575 potuit
1038 2526 1270 2563 convenien-

206 2579 284 2616 tius
311 2591 393 2616 esse
421 2590 540 2628 quam
575 2579 644 2616 ubi
676 2578 851 2628 discipuli
879 2579 961 2616 eius
989 2587 1095 2616 erant
1131 2580 1271 2628 pariter

209 2631 434 2679 congregati.
464 2633 565 2679 Ergo
585 2631 738 2668 videtur
762 2631 872 2680 quod
891 2631 1072 2668 continue
1100 2644 1191 2669 cum
1217 2632 1270 2669 eis

209 2684 427 2722 conversari
456 2684 639 2723 debuerit.

196 2776 198 2778 ,
265 2737 299 2774 3.
328 2738 571 2784 ΡκΑΕτΕκΕΑ,
598 2737 683 2786 ipso
715 2736 777 2774 die
812 2737 1097 2775 resurrectionis
1136 2738 1270 2775 Domi-

210 2790 317 2827 nicae
345 2790 551 2839 quinquies
589 2790 762 2837 Christus
797 2790 1018 2840 apparuisse
1046 2790 1199 2839 legitur,
1229 2799 1271 2827 ut

180 2856 185 2862 ·
209 2842 444 2891 Augustinus
473 2842 571 2890 dicit,
592 2843 631 2880 in
658 2842 755 2881 libro
782 2843 828 2880 de
857 2844 1044 2880 Consensu
1070 2844 1268 2894 Evarzg.*:

121 2907 130 2942 ς
155 2895 336 2945 'g-primo
361 2895 530 2945 quidem,
551 2896 766 2933 mulieribus
790 2895 1190 2947 adlmonumemumffi
1215 2909 1270 2933 se-

177 2961 183 2968 ·
210 2948 352 2994 cundo,
381 2949 516 2985 eisdem
552 2949 843 2998 regredientibus
862 2947 877 2977 β
904 2962 927 2986 α
955 2955 1194 2986 monumento
1232 2951 1268 2986 in
1296 2946 1298 2959 ³

117 3047 123 3055 '
147 3049 154 3060 ³
177 3024 184 3055 '.
210 3002 340 3038 itinere
356 3000 394 3046 *3
423 3002 539 3047 tertio,
559 3003 669 3038 Petro
687 3000 745 3046 *⁸⁸3
776 3007 918 3050 quarto,
939 3002 1079 3039 duobus
1105 3004 1270 3039 euntibus

163 3067 185 3087 v,
211 3055 248 3090 in
268 3053 455 3090 castellum
474 3053 512 3099 *3
542 3056 677 3103 quinto,
701 3054 871 3103 pluribus
897 3055 934 3091 in
963 3055 1179 3101 Ierusalem,
1209 3055 1273 3091 ubi

178 3128 184 3160 3
209 3118 286 3143 non
314 3112 394 3143 erm
425 3107 587 3143 Thomas
611 3106 642 3143 *.
678 3107 779 3154 Ergo
808 3106 924 3143 etiam
941 3112 956 3135 Υ
983 3107 1136 3144 videtur
1163 3107 1269 3156 quod

177 3180 184 3186 ·
210 3166 247 3195 et
274 3158 355 3195 aliis
380 3157 516 3195 diebus
531 3166 622 3195 ⁴ante
648 3170 761 3196 suam
780 3159 1045 3197 ascensionem
1073 3160 1122 3197 acl
1141 3159 1269 3196 minus

90 3258 97 3265 =
124 3228 143 3239 ·
177 3206 184 3218 ’
203 3209 352 3262 piuries
380 3210 512 3248 debuit
539 3223 733 3262 apparere.

263 3276 300 3311 4.
329 3264 570 3311 PRAETEREA‚
604 3263 800 3303 Dominus
836 3271 922 3302 ante
957 3264 1179 3314 passionem
1216 3264 1269 3301 eis

210 3315 366 3363 dixerat,
381 3317 515 3353 Matth.
526 3315 656 3354 xxvffl‘:
676 3318 875 3366 Postquam
893 3329 1149 3362 resurrexem,
1159 3329 1269 3366 prae-

210 3369 339 3406 cedam
365 3381 431 3406 νος
459 3370 495 3406 in
521 3369 738 3406 Galilaeam.
769 3370 888 3416 Quod
907 3369 1021 3406 etiarn
1046 3370 1212 3416 angelus,
1234 3376 1270 3405 et

264 3489 280 3506 α
309 3482 441 3508 continue.
458 3496 478 3501 —
495 3482 628 3507 Editiones
646 3487 671 3508 et
688 3490 721 3513 a,·
738 3483 933 3508 convenienter.

243 3551 249 3557 -
265 3480 556 3558 [ii-regredientibus-
573 3518 770 3551 egredientibus
789 3519 816 3543 P.
829 3532 847 3537 -
861 3518 923 3543 Post
941 3517 1042 3542 duobus
1062 3518 1095 3542 Pe
1114 3517 1211 3541 addunt
1229 3516 1268 3540 di-

210 3551 398 3620 πῳζίιῗίίαιη.
415 3601 435 3606 -
452 3587 472 3611 F
491 3592 517 3612 et
533 3587 621 3619 tertia;
641 3595 692 3613 non
712 3588 825 3616 ABDsC,
844 3595 897 3613 om.
916 3586 981 3619 Epc
1003 3592 1027 3612 et
1045 3593 1070 3612 a.

1325 1790 1488 1839 ipsemet
1514 1790 1725 1837 Dominus,
1754 1799 1841 1840 post
1869 1793 2188 1830 resurrectionem
2221 1795 2388 1833 mulieri—

1325 1842 1398 1878 bus
1426 1842 1520 1879 dixit
1537 1842 1567 1879 *.
1598 1844 1646 1879 Et
1673 1851 1802 1880 tamen
1831 1851 1941 1880 antea
1969 1845 2008 1881 in
2036 1847 2243 1884 Ierusalem
2266 1848 2314 1884 ab
2334 1849 2387 1886 eis

1325 1894 1431 1931 visus
1459 1903 1529 1931 est:
1564 1902 1603 1931 et
1630 1895 1712 1944 ipsa
1749 1895 1810 1932 die
1839 1897 2142 1946 resurrectionis,
2173 1907 2215 1936 ut
2242 1900 2388 1938 dictum
2417 1917 2424 1931 ι

1326 1955 1380 1984 est
1398 1947 1433 1993 *;
1464 1955 1500 1984 et
1526 1947 1642 1984 etiam
1669 1948 1730 1985 die
1759 1957 1907 1996 octava,
1928 1958 1971 1986 ut
1998 1950 2132 1998 legitur
2150 1952 2253 1989 Ioan.
2269 1965 2317 1990 xx
2335 1953 2386 1990 *ἒὶ

1325 2001 1417 2036 Non
1445 2012 1536 2048 ergo
1563 2000 1716 2037 videtur
1742 2002 1850 2051 quod
1877 2003 2121 2040 convenienti
2153 2005 2273 2042 modo
2301 2014 2388 2055 post

1325 2053 1644 2090 resurrectionem
1667 2066 1758 2090 curn
1778 2054 1971 2104 discipulis
1996 2056 2107 2092 fuerit
2126 2067 2385 2096 conversatus.

1379 2105 1452 2142 San
1479 2117 1623 2142 CONTRA
1648 2118 1713 2143 Esr
1739 2107 1846 2155 quod
1874 2108 1977 2144 Ioan.
1997 2120 2045 2145 xx
2062 2109 2083 2130 ’¹‘
2112 2109 2259 2156 dicitur,
2280 2113 2388 2159 quod

1310 2170 1312 2172 ¹
1319 2164 1404 2207 post
1424 2158 1506 2195 dies
1533 2164 1613 2195 octo
1643 2158 1816 2196 Christus
1850 2159 2044 2210 discipulis
2071 2163 2257 2211 apparuit.
2294 2165 2387 2201 Non

1325 2222 1415 2259 ergo
1444 2210 1625 2247 continue
1653 2211 1953 2249 conversabatur
1980 2225 2071 2250 cum
2100 2214 2163 2251 eis.

1378 2264 1601 2300 RESPONDEO
1621 2276 1801 2302 DICENDUM
1821 2266 1927 2313 quod
1947 2266 2046 2302 circa
2069 2267 2387 2306 resurrectionem

1326 2316 1465 2353 Christi
1493 2316 1573 2353 duo
1602 2324 1708 2353 erant
1735 2316 1928 2366 discipulis
1963 2319 2210 2356 declaranda:
2248 2321 2387 2359 scilicet

1323 2368 1406 2417 ipsa
1432 2369 1570 2406 veritas
1598 2370 1903 2417 resurrectionis;
1937 2378 1973 2407 et
1997 2371 2118 2419 gloria
2145 2374 2384 2420 resurgentis.

1324 2422 1385 2458 Ad
1420 2421 1620 2459 veritatem
1657 2430 1786 2459 autem
1823 2423 2107 2461 resurrectionis
2147 2425 2386 2464 manifestan-

1325 2474 1427 2520 dam,
1447 2474 1587 2511 sufficit
1613 2475 1720 2524 quod
1742 2475 1884 2524 pluries
1907 2477 2088 2525 apparuit
2105 2476 2129 2524 ὅ,
2151 2485 2186 2514 et
2213 2489 2304 2515 cum
2328 2478 2386 2516 eis

1323 2527 1553 2564 familiariter
1581 2535 1635 2564 est
1664 2529 1823 2574 locutus,
1845 2536 1880 2565 et
1908 2529 2075 2566 comedit
2103 2537 2138 2566 et
2165 2530 2269 2576 bibit,
2291 2539 2327 2568 et
2345 2544 2385 2570 se

1324 2580 1377 2617 eis
1395 2581 1633 2629 palpandum
1654 2581 1829 2630 praebuit
1847 2581 1877 2618 ²¹².
1914 2582 1975 2618 Ad
2002 2582 2162 2629 gloriam
2181 2591 2311 2620 autem
2331 2596 2384 2621 re-

1324 2633 1568 2670 surrectionis
1582 2638 1594 2655 ⁵
1614 2633 1943 2680 manifestandam,
1959 2634 2081 2671 noluit
2101 2635 2279 2672 continue
2293 2648 2384 2674 con-

1323 2686 1467 2723 versari
1494 2699 1585 2723 cum
1613 2685 1678 2731 eis,
1699 2686 1794 2723 sicut
1821 2687 1926 2736 prius
1955 2687 2100 2734 fecerat,
2122 2700 2170 2724 ne
2194 2688 2385 2726 videretur

1324 2739 1372 2776 ad
1391 2740 1506 2775 talem
1526 2739 1645 2775 vitam
1673 2739 1921 2776 resurrexisse
1942 2742 2096 2789 qualem
2115 2740 2220 2789 prius
2240 2742 2384 2779 habue-

1324 2800 1394 2828 rat..
1421 2791 1533 2829 Unde
1560 2792 1655 2828 Luc.
1677 2793 1741 2828 ult.
1762 2792 1782 2813 '¹⁴
1809 2792 1899 2829 dicit
1927 2792 1999 2829 eis:
2029 2795 2139 2830 Haec
2165 2799 2248 2830 sunt
2270 2797 2384 2832 verba

1325 2857 1419 2894 quae
1450 2845 1590 2882 Iocutus
1616 2857 1697 2880 sum
1726 2845 1776 2881 ad
1801 2857 1866 2882 vos
1900 2857 1985 2881 cum
2022 2845 2142 2882 adhuc
2177 2858 2290 2883 essem
2322 2860 2383 2885 vo-

1296 2895 1474 2934 ¹biscum.
1512 2898 1626 2933 Tunc
1653 2896 1812 2946 quidem
1848 2905 1926 2933 erat
1961 2909 2052 2934 cum
2087 2897 2139 2934 eis
2171 2900 2384 2947 praesentia

1324 2949 1530 2998 corporali:
1571 2949 1637 2985 sed
1665 2957 1750 2985 ante
1779 2961 1870 2986 cum
1899 2949 1951 2986 eis
1979 2950 2118 2996 fuerat,
2147 2963 2227 2988 non
2256 2953 2383 2990 solum

1323 3001 1512 3052 corporali
1531 3001 1754 3051 praesentia,
1776 3002 1843 3038 sed
1871 3002 1984 3038 etiam
2003 3015 2072 3051 per
2095 3003 2382 3042 similitudinem

1323 3054 1569 3092 mortalitatis.
1599 3053 1710 3091 Unde
1739 3054 1855 3099 Beda,
1881 3054 2095 3103 supradicta
2122 3056 2240 3093 verba
2269 3069 2381 3106 expo-

1323 3119 1439 3153 nens,
1469 3106 1558 3143 dicit
1575 3106 1612 3143 ³¹⁸:
1652 3121 1670 3140 2(
1696 3108 1791 3143 Cum
1825 3108 1947 3143 adhuc
1982 3120 2096 3144 essem
2129 3110 2317 3146 vohi-scum
2339 3125 2382 3147 »s

1323 3161 1422 3205 idest,
1446 3174 1464 3192 «
1487 3160 1581 3196 Cum
1600 3159 1721 3195 adhuc
1739 3171 1853 3196 essem
1872 3161 1909 3196 in
1929 3171 2044 3196 carne
2066 3161 2229 3207 mortali,
2250 3163 2286 3199 in
2308 3175 2381 3211 qua

1295 3248 1297 3258 ,
1323 3214 1404 3249 estis
1423 3217 1456 3247 et
1473 3223 1538 3249 vos
1555 3226 1588 3247 ».
1629 3213 1734 3248 Tunc
1762 3213 1906 3261 quidem
1926 3213 1962 3248 in
1983 3213 2112 3250 eadem
2138 3226 2253 3251 carne
2281 3227 2380 3252 resu-

1295 3282 1297 3290 .
1321 3265 1467 3303 scitatus
1495 3269 1593 3301 erat:
1625 3264 1690 3301 sed
1712 3276 1799 3301 cum
1826 3265 1897 3302 illis
1929 3267 1969 3302 in
1999 3266 2126 3305 eadem
2158 3267 2381 3307 mortalitate

1323 3329 1398 3354 non
1426 3322 1516 3353 erat.

1375 3370 1431 3405 Ao
1461 3380 1594 3405 PRIMUM
1619 3380 1716 3405 ERGO
1736 3381 1915 3406 DICENDUM
1935 3371 2041 3418 quod
2069 3371 2246 3420 frequens
2273 3373 2378 3410 Chri-

1374 3480 1399 3514 δ)
1418 3481 1553 3512 apparuit.
1567 3495 1586 3500 —·
1598 3481 1684 3506 Tertia
1698 3487 1723 3506 et
1736 3490 1752 3506 a
1760 3489 1768 3511 ;
1786 3484 1951 3514 apparuerit.
1965 3497 1983 3502 -
1995 3487 2035 3509 est
2048 3484 2150 3510 locutus
2164 3485 2188 3509 H
2202 3492 2227 3511 et
2239 3486 2377 3517 editiones;

1322 3516 1424 3541 locutus
1443 3516 1553 3548 ACDpG
1572 3522 1597 3541 et
1609 3524 1634 3546 a,
1649 3517 1750 3542 locutus
1768 3521 1808 3542 est
1826 3518 2002 3549 BF1,Iocutus
2013 3521 2052 3552 jn?
2066 3520 2096 3550 E,
2110 3521 2214 3546 locutus
2225 3521 2315 3554 suerit
2331 3521 2378 3547 sG.

1374 3554 1396 3579 ε)
1415 3551 1624 3576 resurrectionis.
1642 3566 1662 3570 —
1679 3553 1844 3585 resurgentis
1863 3554 1906 3579 Pc.

2419 1277 2426 1285 ’
2451 1276 2499 1297 Act.
2527 1282 2578 1304 cap.
2607 1283 2628 1303 ι,

2417 1309 2476 1323 Vel‘S.
2492 1310 2523 1324 Η-

2416 1858 2426 1866 ’“
2446 1857 2524 1879 Matth.
2550 1864 2575 1879 ca

2415 1889 2497 1910 xxvnx,
2507 1890 2565 1906 vers.
2578 1890 2598 1911 7,

2415 1958 2612 2006 :everam-

2416 2113 2424 2122 '
2439 2112 2497 2134 Ibid.

2413 2592 2422 2601 '⁴
2436 2590 2473 2612 Cf.
2487 2594 2530 2612 art.
2546 2590 2568 2612 6.

2411 2799 2421 2809 ”
2437 2798 2502 2820 Vers.
2517 2805 2555 2825 44.

2409 3114 2619 3141 ·Exposit.1ib.x'1.
