2872 3970
100 887 108 897 ⁴
120 886 174 913 Cap.
185 892 199 912 ι,
210 892 267 908 vers.
280 893 313 912 14·

102 1833 111 1842 ⁸
125 1832 160 1853 De
173 1832 231 1853 Fide
242 1832 311 1853 Orth.

102 1859 140 1879 lib.
156 1858 195 1884 111,
213 1864 263 1885 cap.
279 1865 311 1880 ιιι.

102 1935 111 1945 “
127 1935 182 1962 Cap.
199 1941 245 1956 xxi.

101 2310 110 2319 ⁸
132 2309 224 2330 Haeres.
248 2316 310 2333 xux.

106 2841 115 2850 ⁸
131 2839 197 2861 Vers.
212 2840 245 2868 38.

107 2893 116 2901 ⁸
131 2891 196 2913 Vers.
214 2893 245 2913 18.

110 3263 119 3272 ³
136 3263 182 3289 Qu.
198 3268 266 3283 cxxx.

344 296 394 332 90

1063 283 1326 330 QUAEsrlo
1355 284 1407 331 v,
1437 284 1729 322 ARTICULUS
1757 285 1803 323 111

715 432 718 449 ·
1143 418 1460 461 ARTICULUS
1489 418 1719 461 TERTIUS

969 512 1125 543 UTRUM
1148 510 1285 542 F1L1us
1308 511 1381 541 DEI
1403 511 1580 542 ANIMAM
1603 512 1896 546 AssUMPSEmT

482 591 514 617 111
534 592 616 622 Sent„
637 592 694 617 dist.
713 599 740 622 11,
760 599 804 624 qu.
822 599 840 621 1,
860 595 906 616 art.
927 589 950 619 3.
969 589 1019 622 qu⁸
1041 597 1069 620 2;
1089 589 1123 614 1v
1145 590 1221 614 Cont.
1243 590 1334 618 Geni,
1354 596 1409 622 cap.
1427 596 1508 620 xxx115
1530 589 1572 614 De
1596 590 1684 620 Ver-it„
1703 599 1747 624 qu.
1765 599 1804 623 xx,
1823 598 1870 618 art.
1891 599 1920 624 13
1941 593 2084 625 compend.
2108 593 2210 624 Ttxeol„
2230 602 2286 627 cap.
2305 601 2378 625 (ποίη

1032 634 1062 657 In
1085 633 1168 662 Ioan„
1188 640 1243 665 cap.
1262 640 1280 663 ι,
1299 633 1358 658 lect.
1375 639 1426 662 v11;
1445 633 1489 657 Ad
1506 633 1593 663 Rom„
1613 641 1668 667 cap.
1687 642 1705 665 1,
1724 636 1782 661 lect.
1801 643 1828 662 ιι.

487 745 502 758 -,--
550 737 572 761 D
591 735 750 760 TERTlUM
779 735 830 759 S1c
850 733 1085 759 PROCEDITUR.
1116 720 1277 758 Videtur
1296 719 1404 769 quod

454 740 490 764 ‘a

459 746 531 817 ἢῆ
551 776 670 813 Filius
708 775 780 812 Dei
817 774 988 812 animam
1026 785 1106 810 non
1141 771 1402 822 assumpserit.

519 811 524 826 (

356 805 712 886 fflvwn'mnroes
741 827 856 874 enim,
886 826 1157 864 incarnationis
1176 825 1403 875 mysterium

395 854 493 915 &³519
506 872 722 926 tradens,
754 879 844 916 dixit
863 879 900 916 *ε
939 881 1099 917 Verbum
1136 891 1227 916 caro
1252 879 1403 926 factum

340 939 400 978 est,
430 934 533 969 nulla
561 935 656 971 facta
685 934 732 970 de
762 932 891 970 anima
919 932 1127 969 mentione.
1156 932 1249 969 Non
1273 938 1404 968 autem

340 986 476 1023 dicitur
504 998 592 1023 caro
620 987 763 1023 factum
783 998 830 1022 eo
851 985 957 1034 quod
986 984 1031 1021 sit
1060 985 1098 1021 in
1127 996 1284 1021 carnem
1312 995 1404 1020 con-

339 1051 516 1075 versum:
547 1039 614 1075 sed
643 1038 733 1087 quia
761 1050 918 1075 carnem
946 1037 1162 1087 assumpsit.
1192 1038 1285 1074 Non
1314 1047 1403 1084 ergo

338 1092 491 1128 videtur
519 1090 771 1140 assumpsisse
800 1091 983 1127 animam.

394 1155 428 1180 2.
458 1144 689 1191 PRAETEREA,
720 1143 849 1180 anima
868 1143 1081 1180 necessaria
1100 1150 1156 1180 est
1182 1141 1336 1192 corpori
1355 1142 1403 1179 ad

339 1198 414 1233 hoc
443 1198 551 1245 quod
578 1210 647 1247 per
674 1209 759 1234 eam
789 1196 1016 1234 vivificetur.
1048 1196 1124 1234 Sed
1152 1196 1202 1233 ad
1220 1196 1296 1232 hoc
1323 1207 1404 1232 non

338 1249 407 1287 fuit
434 1250 648 1288 necessaria
676 1249 829 1299 corpori
859 1249 1013 1297 Christi,
1043 1257 1085 1286 ut
1111 1248 1280 1286 videtur:
1311 1247 1403 1298 quia

252 1314 310 1328 vst-
339 1302 469 1352 ipsum
501 1303 574 1340 Dei
601 1303 777 1340 Verbum
813 1310 889 1349 est,
919 1303 967 1340 de
996 1315 1075 1352 quo
1113 1301 1153 1338 in
1190 1302 1345 1339 Psalmo
1364 1300 1402 1337 *ε

339 1357 513 1403 Domine,
538 1357 640 1406 apud
656 1362 690 1393 te
708 1362 759 1392 est
768 1357 862 1404 fons
880 1357 987 1393 vitae.
1018 1354 1270 1404 Superfluum
1293 1353 1405 1402 igitur

338 1408 469 1446 fuisset
506 1409 677 1446 animam
713 1409 866 1454 adesse,
895 1408 1025 1446 Verbo
1053 1415 1264 1456 praesente.
1302 1408 1404 1444 Deus

339 1470 469 1499 autem
498 1468 530 1498 et
558 1470 692 1499 natura
730 1462 821 1498 nihil
836 1462 987 1509 frustra
1005 1462 1178 1508 faciunt:
1211 1467 1254 1496 ut
1289 1459 1404 1496 etiarn

247 1553 259 1567 n
287 1547 309 1558 ,,
339 1514 600 1564 Philosophus
630 1513 728 1560 dicit,
750 1513 789 1550 in
808 1515 822 1550 I
842 1514 887 1550 de
910 1514 1022 1550 Caelo
1039 1518 1055 1534 α
1069 1512 1100 1548 *.
1131 1514 1232 1559 Ergo
1251 1512 1406 1548 videtur

275 1563 311 1624 m}
339 1568 447 1617 quod
474 1567 593 1605 Filius
621 1566 693 1604 Dei
721 1567 893 1603 animam
921 1578 1001 1603 non
1030 1564 1246 1614 assumpsit.

394 1621 428 1657 3.
458 1622 696 1666 PRAETEREA,
727 1632 773 1656 ex
806 1619 951 1656 unione
987 1619 1138 1656 animae
1177 1619 1226 1655 ad
1263 1629 1405 1667 corpus

339 1673 580 1711 constituitur
607 1681 742 1710 natura
770 1671 1010 1719 communis,
1039 1683 1140 1720 quae
1176 1678 1231 1707 est
1259 1670 1405 1720 species

339 1727 522 1763 humana.
554 1730 599 1763 In
627 1728 792 1763 Domino
812 1731 935 1762 autem
962 1727 1047 1761 Iesu
1080 1725 1223 1762 Christo
1251 1736 1325 1761 non
1355 1731 1406 1760 est

339 1791 575 1816 communem
602 1781 760 1829 speciem
789 1780 977 1828 accipere:
1003 1785 1047 1814 ut
1065 1778 1331 1814 Damascenus
1350 1775 1405 1813 di·

340 1831 399 1878 cit,
429 1832 468 1868 in
493 1833 538 1868 III
558 1831 654 1868 libro
674 1832 704 1868 ²¹⁶.
734 1832 828 1868 Non
855 1830 968 1878 igitur
995 1829 1201 1878 assumpsit
1220 1828 1403 1866 animam.

395 1885 468 1922 SED
497 1897 642 1922 CONTRA
661 1896 726 1921 EST
746 1884 854 1932 quod
872 1882 1109 1930 Augustinus
1129 1882 1228 1928 dicit,
1249 1881 1288 1918 in
1306 1881 1404 1919 libro

340 1938 386 1974 de
420 1939 558 1987 Agone
589 1939 797 1974 Christiano
817 1937 853 1973 *t
893 1937 984 1973 Non
1022 1948 1084 1972 eos
1121 1935 1316 1972 audiamus
1344 1937 1408 1984 qui

339 1991 459 2027 solum
488 2002 622 2040 corpus
649 1992 856 2027 humanum
884 1990 1009 2026 dicunt
1035 2001 1111 2025 esse
1146 1993 1353 2037 susceptum
1381 2000 1405 2025 a

348 2045 467 2081 Verbo
488 2045 560 2080 Dei
564 2057 576 2088 ;
596 2049 628 2080 et
646 2045 698 2080 sic
717 2043 870 2079 audiunt
892 2042 991 2092 quod
1007 2042 1143 2078 dictum
1163 2046 1225 2087 est,
1244 2042 1404 2078 Verbum

339 2109 430 2134 caro
440 2097 589 2144 factum
610 2103 671 2142 est,
692 2102 730 2132 ut
749 2101 884 2145 negent
912 2095 1015 2132 illum
1044 2096 1231 2131 hominem
1251 2093 1310 2131 vel
1327 2095 1404 2130 ani-

339 2162 463 2196 mam,
490 2151 549 2187 vel
580 2150 720 2199 aliquid
752 2150 911 2186 hominis
945 2149 1113 2184 habuisse
1148 2148 1219 2183 nisi
1251 2159 1404 2183 carnem

338 2203 468 2239 solam.

392 2256 617 2292 RESPONDEO
654 2267 837 2292 mcENDUM
873 2254 1001 2302 quod,
1036 2253 1131 2290 sicut
1167 2252 1405 2300 Augustinus

340 2307 439 2355 dicit,
461 2308 500 2344 in
519 2308 615 2345 libro
644 2309 689 2344 de
711 2309 942 2345 Haeresibu's
960 2306 990 2353 ⁵¹³,
1021 2305 1152 2355 opinio
1181 2305 1308 2354 primo
1336 2305 1406 2342 fuit

339 2360 430 2408 Arii,
460 2369 496 2397 et
523 2369 657 2410 postea
684 2360 932 2410 ApollinariS,
962 2359 1070 2408 quod
1097 2358 1216 2396 Filius
1243 2358 1317 2396 Dei
1345 2371 1405 2395 so-

339 2416 417 2451 lam
446 2426 603 2451 carnem
631 2413 890 2462 assumpserit,
921 2412 1067 2461 absque
1095 2411 1236 2459 anima,
1256 2423 1405 2461 ponen-

339 2475 395 2504 tes
423 2467 530 2516 quod
557 2467 732 2504 Verbum
760 2466 872 2503 fuerit
899 2465 1004 2503 carni
1031 2466 1118 2502 loco
1147 2464 1310 2501 animae.
1347 2466 1406 2502 Ex

340 2532 419 2570 quo
458 2520 691 2569 sequebatur
727 2520 835 2568 quod
872 2518 912 2555 in
950 2517 1102 2555 Christo
1139 2529 1220 2554 non
1252 2518 1406 2554 fuerunt

340 2574 440 2610 duae
468 2581 638 2620 naturae,
668 2573 735 2609 sed
763 2585 843 2609 una
869 2579 1039 2608 tantum:
1070 2583 1116 2607 ex
1144 2569 1273 2607 anima
1301 2570 1405 2607 enim

341 2634 376 2663 et
404 2638 518 2663 carne
546 2638 625 2663 una
653 2633 789 2662 natura
816 2626 990 2661 humana
1018 2622 1269 2660 constituitur.

395 2680 471 2716 Sed
496 2680 592 2715 haec
610 2678 749 2727 positio
770 2686 867 2714 stare
888 2689 968 2714 non
987 2684 1122 2726 potest,
1142 2683 1300 2725 propter
1321 2676 1403 2714 tria.

342 2732 472 2769 Primo
501 2731 680 2780 quidem,
711 2731 800 2780 quia
834 2737 1020 2778 repugnat
1057 2729 1270 2766 auctoritati
1308 2729 1405 2766 Scri-

341 2793 487 2833 pturae,
509 2785 547 2821 in
567 2797 645 2834 qua
666 2783 860 2821 Dominus
879 2784 927 2820 de
947 2795 1017 2820 sua
1036 2782 1165 2819 anima
1193 2782 1279 2819 facit
1298 2794 1405 2820 men-

342 2836 505 2874 tionem:
526 2838 662 2874 Matth.
679 2849 761 2874 XXVI
776 2837 814 2885 ²⁵⁸,
827 2838 954 2874 Tristis
974 2842 1024 2872 est
1042 2837 1170 2872 anima
1189 2848 1274 2872 mea
1294 2848 1407 2885 usque

343 2891 393 2927 ad
410 2897 585 2935 mortem;
604 2898 640 2927 et
659 2891 763 2927 Ioan.
779 2889 842 2937 Χ*,
871 2891 1089 2926 Potestatem
1108 2890 1226 2926 habeo
1240 2889 1410 2938 ponendi

344 2946 510 2980 animam
538 2956 672 2980 meam.

398 2997 474 3033 Sed
503 2997 551 3033 ad
579 2997 654 3033 hoc
682 2996 939 3046 respondebat
967 2994 1198 3044 Apollinaris
1226 2995 1333 3044 quod
1368 2995 1407 3032 in

346 3048 403 3085 his
422 3049 548 3086 verbis
568 3049 697 3086 anima
715 3049 976 3098 metaphorice
997 3047 1180 3085 sumitur:
1201 3060 1270 3097 per
1289 3060 1407 3097 quem

346 3102 507 3138 modum
542 3102 580 3138 in
608 3101 726 3138 veteri
754 3103 1002 3139 Testamento
1036 3101 1108 3138 Dei
1137 3100 1266 3138 anima
1302 3113 1407 3139 com-

346 3162 598 3201 memoratur,
632 3154 748 3191 Isaiae
769 3155 834 3191 1²⁸:
869 3155 1051 3191 Calendas
1083 3160 1223 3192 vestras
1255 3160 1288 3191 et
1318 3155 1407 3192 sole-

346 3209 513 3244 mnitates
532 3206 546 3235 β
579 3207 689 3244 odivit
721 3209 848 3243 anima
880 3220 974 3244 mea.
1005 3230 1029 3233 —
1060 3207 1151 3253 Sed,
1187 3206 1282 3244 sicut
1320 3207 1408 3244 dicit

348 3259 602 3306 Augustinus,
633 3258 671 3295 in
713 3258 808 3295 libro
851 3260 1159 3308 Octogintatrium
1194 3261 1340 3302 Quaest.
1369 3260 1405 3308 ³¹⁸,

348 3311 611 3359 Evangelistae
654 3311 691 3348 in
722 3311 951 3358 Evangelica
992 3312 1207 3348 narratione
1254 3321 1408 3350 narrant

350 3365 456 3411 quod
475 3363 634 3401 miratus
662 3371 716 3400 est
744 3366 858 3410 Iesus,
880 3371 916 3400 et
934 3363 1061 3410 iratus,
1092 3372 1127 3400 et
1155 3365 1406 3414 contristatus,

404 3475 430 3506 α)
451 3477 482 3500 dc
504 3477 588 3501 Coelo.
600 3491 619 3494 —
638 3477 670 3501 de
692 3477 769 3501 Coelo
787 3480 813 3501 et
832 3476 935 3500 Mundo
954 3476 1027 3501 ACF.

405 3510 430 3541 β’)
449 3514 474 3535 et
492 3513 678 3536 solemnitates.
692 3526 710 3530 —
730 3515 831 3536 uestras
851 3512 919 3536 addit
939 3511 965 3540 P.
985 3519 1038 3536 om.
1058 3517 1141 3536 cetera
1160 3513 1241 3538 tertia.

404 3547 431 3578 γ)
451 3546 539 3571 haec...
559 3548 718 3579 referantur.
733 3561 752 3565 -
770 3547 869 3576 Tertin5
889 3546 962 3571 hoc...
983 3547 1125 3579 referatur.

405 3580 429 3614 δ)
449 3581 545 3606 omisit.
558 3596 575 3599 —
596 3582 613 3606 F
634 3587 657 3606 ct
677 3582 748 3606 tertia
768 3586 868 3614 praeter
888 3582 942 3614 pG;
962 3581 1061 3607 amisit.

1458 727 1494 757 et
1521 722 1629 770 quod
1666 722 1806 760 esuriit.
1846 724 1957 771 Quae
1985 725 2145 774 quidem
2173 725 2223 764 ita
2257 727 2522 765 demonstrant

1458 786 1550 811 eum
1569 786 1702 812 veram
1722 775 1894 814 animam
1922 778 2113 825 habuisse,
2134 778 2231 816 sicut
2253 791 2300 816 ex
2319 781 2395 817 hoc
2413 779 2522 829 quod

1458 826 1626 864 comedit
1653 835 1689 864 et
1717 827 1898 866 dormivit
1926 837 1962 867 et
1988 830 2160 879 fatigatus
2189 839 2254 879 est,
2284 832 2520 872 demonstra-

1456 887 1519 916 tur
1545 879 1726 917 habuisse
1745 893 1884 918 verum
1903 893 2045 932 corpus
2063 885 2294 922 humanum.
2324 885 2519 935 Alioquin,

1458 931 1489 968 si
1517 940 1553 969 et
1581 933 1677 970 haec
1704 933 1754 970 ad
1772 935 2040 983 metaphoram
2070 937 2281 974 referantur
2298 942 2325 984 Υ,
2354 950 2446 975 cum
2474 937 2521 975 si-

1457 984 1562 1022 milia
1588 986 1762 1033 legantur
1780 986 1820 1023 in
1837 987 1957 1024 veteri
1975 989 2224 1026 Testamento
2253 990 2300 1026 de
2320 990 2416 1037 Deo,
2437 1002 2520 1040 per-

1458 1037 1525 1074 ibit
1551 1037 1649 1075 fides
1668 1039 1921 1087 Evangelicae
1941 1041 2178 1078 narrationis.
2208 1041 2324 1079 Aliud
2343 1050 2398 1079 est
2417 1042 2522 1080 enim

1457 1091 1566 1139 quod
1585 1091 1809 1140 prophetice
1830 1091 2028 1130 nuntiatur
2055 1093 2093 1131 in
2112 1093 2261 1143 figuris:
2292 1094 2395 1132 aliud
2414 1095 2523 1144 quod

1458 1144 1675 1181 secundum
1711 1156 1842 1182 rerum
1878 1146 2152 1195 proprietatem
2187 1147 2236 1184 ab
2273 1147 2522 1195 Evangelistis

1457 1195 1635 1234 historice
1664 1197 1850 1234 scribitur.

1512 1249 1705 1296 Secundo,
1735 1250 1891 1299 derogat
1917 1251 2135 1301 praedictus
2163 1265 2270 1290 error
2292 1252 2440 1291 utilitati
2466 1252 2523 1291 in-

1457 1302 1699 1350 carnationiS,
1728 1315 1829 1352 quae
1857 1311 1912 1340 est
1939 1303 2111 1342 liberatio
2139 1304 2320 1343 hominis.
2349 1306 2400 1343 Ut
2417 1305 2522 1343 enim

1457 1363 1746 1402 argumentatur
1773 1356 2010 1404 Augustinus
2028 1357 2062 1405 ²¹⁸,
2092 1357 2132 1394 in
2163 1357 2260 1395 libro
2293 1364 2424 1396 contra
2455 1361 2522 1396 Fe-

1456 1408 1634 1445 ticianum
1653 1408 1682 1455 ²¹²,
1711 1410 1752 1455 si,
1781 1415 1932 1459 accepta
1959 1422 2086 1456 carne,
2115 1411 2231 1448 Filius
2260 1412 2330 1448 Dei
2355 1413 2523 1449 animam

1457 1462 1578 1498 omisit
1596 1459 1621 1508 ὃ,
1651 1467 1724 1507 aut,
1751 1463 1947 1499 innoxiam
1974 1465 2103 1509 sciens,
2123 1464 2330 1501 medicinae
2356 1465 2523 1514 indigen-

1457 1519 1529 1550 tem
1558 1526 1633 1551 non
1661 1514 1835 1558 credidit;
1861 1521 1935 1561 aut,
1964 1527 1989 1552 a
2015 1527 2055 1552 se
2081 1515 2244 1554 alienam
2270 1523 2416 1566 putam,
2444 1517 2524 1554 red-

1458 1568 1651 1615 emptionis
1687 1568 1864 1614 beneficio
1894 1580 1968 1604 non
1997 1568 2165 1613 donavit‚·
2200 1575 2284 1615 aut,
2304 1581 2353 1606 ex
2370 1574 2444 1606 toto
2471 1571 2524 1607 in-

1457 1619 1663 1656 sanabilem
1691 1619 1869 1665 iudicans,
1889 1632 2026 1657 curare
2049 1622 2228 1670 nequivit;
2255 1627 2319 1658 aut
2346 1627 2384 1658 ut
2401 1622 2525 1668 vilem,

1458 1677 1492 1708 et
1519 1684 1614 1721 quae
1642 1672 1751 1708 nullis
1778 1674 1902 1709 usibus
1929 1678 2016 1722 apta
2042 1674 2240 1720 videretur,
2269 1675 2410 1711 abiecit.
2443 1676 2527 1713 Ho·

1459 1737 1543 1761 rum
1572 1725 1644 1762 duo
1673 1725 1940 1774 blasphemiam
1968 1727 2170 1775 important
2197 1728 2234 1763 in
2261 1727 2396 1764 Deum.
2428 1728 2525 1770 Quo·

1459 1777 1570 1814 modo
1599 1779 1698 1814 enim
1725 1778 1865 1815 dicetur
1890 1780 2131 1828 omnipotens,
2151 1780 2184 1816 si
2204 1791 2341 1816 curare
2362 1792 2436 1817 non
2457 1793 2526 1830 po-

1458 1831 1523 1866 tuit
1550 1829 1811 1879 desperatam?
1837 1831 1912 1867 Aut
1939 1832 2124 1880 quomodo
2159 1834 2326 1869 omnium
2347 1833 2467 1880 Deus,
2494 1835 2529 1871 si

1460 1895 1534 1920 non
1555 1883 1734 1932 ipsesecz't
1752 1885 1920 1920 animam
1940 1885 2134 1921 nostram?
2150 1886 2306 1922 Duobus
2321 1897 2410 1923 vero
2430 1885 2524 1932 aliis,

1459 1937 1497 1972 in
1526 1948 1600 1972 uno
1622 1937 1772 1972 animae
1794 1948 1907 1973 causa
1936 1938 2114 1974 nescitur:
2140 1939 2178 1974 in
2206 1937 2325 1975 altero
2351 1940 2534 1976 meritum*

1460 2001 1534 2025 non
1563 1994 1716 2025 tenetur.
1747 1989 1823 2025 Aut
1850 1989 2056 2039 intelligere
2082 2002 2235 2034 causam
2257 1991 2448 2040 putandus
2475 1997 2527 2028 est

1460 2042 1610 2078 animae
1638 2042 1702 2090 qui
1718 2053 1814 2088 eam,
1834 2042 1885 2078 ad
1902 2043 2157 2092 accipiendum
2177 2043 2299 2093 legem
2316 2044 2443 2081 habitu
2471 2046 2526 2085 in-

1458 2095 1549 2131 sitae
1567 2099 1579 2114 ⁵
1607 2095 1763 2131 rationis
1794 2095 2022 2142 instructam,
2055 2108 2079 2132 a
2105 2101 2260 2145 peccato
2293 2097 2528 2135 voluntariae

1459 2148 1765 2196 transgressionis
1784 2149 1910 2184 nititur
1926 2148 2131 2198 separare?
2152 2150 2228 2185 Aut
2247 2150 2431 2198 quomodo
2450 2151 2528 2189 eius

1458 2201 1743 2250 generositatem
1772 2202 1872 2238 novit
1895 2203 1959 2250 qui
1983 2201 2220 2251 ignobilitatis
2245 2203 2332 2239 vitio
2357 2203 2443 2239 dicit
2469 2202 2527 2240 dea

1458 2253 1652 2302 spectam?
1679 2255 1720 2290 Si
1745 2255 1931 2302 originem
1958 2254 2134 2299 attendaS,
2145 2255 2346 2304 pretiosior
2372 2261 2423 2302 est
2447 2257 2528 2293 ani-⁶

1459 2318 1544 2342 mae
1561 2307 1780 2343 substantia:
1804 2307 1838 2343 si
1862 2308 2168 2357 transgressionis
2194 2307 2356 2357 culpam,
2368 2309 2528 2358 propter

1459 2359 1738 2409 intelligentiam
1763 2361 1873 2408 peior
1900 2366 1951 2397 est
1977 2372 2091 2398 causa
2110 2359 2133 2396 ζ.
2165 2361 2252 2410 Ego
2277 2365 2400 2397 autem
2423 2359 2529 2407 Chri?

1458 2418 1553 2449 stum
1568 2418 1602 2448 et
1614 2413 1818 2461 perfectam
1836 2414 2056 2462 sapientiam
2073 2414 2161 2458 scio,
2176 2418 2211 2449 et
2221 2414 2431 2462 piissimam
2450 2425 2528 2452 esse

2549 1363 2677 1412 :eal‘i'gsilluu
2695 1363 2763 1392 Τιρ-

2550 1419 2559 1427 ·
2565 1416 2622 1444 Cap.
2628 1422 2675 1439 xm.
2682 1428 2693 1433 -
2698 1416 2763 1440 Inter

2550 1444 2614 1471 Opp.
2627 1443 2689 1500 Agg.

1460 2478 1535 2502 non
1556 2465 1697 2502 dubito.-
1716 2478 1874 2514 quorum
1888 2467 2028 2514 primo,
2047 2465 2239 2502 meliorem
2259 2471 2292 2502 et
2303 2465 2528 2515 prudentiae
2558 2483 2561 2485 ·

1460 2530 1637 2567 capacem
1667 2530 1741 2555 non
1770 2518 1952 2568 despexit‚·
1978 2518 2152 2564 secundo,
2171 2530 2255 2555 eam
2282 2531 2377 2568 quae
2403 2521 2528 2570 magis

1450 2572 1583 2619 fuerat
1609 2571 1816 2617 vulnerata,
1844 2572 2009 2621 suscepit.
2138 2615 2142 2619 ῃ

1514 2623 1646 2661 Tertio
1660 2635 1766 2670 vero,
1782 2625 1879 2660 haec
1891 2623 2031 2673 positio
2052 2631 2108 2660 est
2121 2631 2253 2661 contra
2267 2623 2389 2673 ipsam
2406 2623 2527 2662 incar*-

1461 2676 1626 2714 nationis
1654 2676 1864 2713 veritatem.
1900 2677 2000 2713 Caro
2029 2676 2134 2714 enim
2162 2685 2198 2713 et
2225 2685 2372 2714 ceterae
2401 2685 2528 2727 partes

1462 2729 1631 2766 hominis
1658 2741 1728 2778 per
1755 2729 1927 2766 animam
1955 2729 2123 2778 speciem
2151 2729 2372 2767 sortiuntur.
2402 2730 2527 2779 Unde,

1462 2783 1662 2820 recedente
1686 2781 1827 2828 anima,
1848 2794 1929 2818 non
1957 2790 2012 2818 est
2032 2794 2075 2819 os
2103 2790 2169 2819 aut
2187 2795 2277 2820 caro
2305 2782 2378 2820 nisi
2397 2781 2527 2833 aequis

1461 2847 1576 2873 voce:
1607 2843 1649 2872 ut
1675 2842 1778 2884 patet
1805 2846 1875 2884 per
1902 2834 2198 2884 Philosophum,
2218 2836 2249 2873 II
2273 2836 2318 2873 de
2334 2836 2476 2874 Anima
2492 2833 2525 2886 *,

1462 2897 1498 2926 et
1524 2889 1591 2925 VII
1618 2889 1832 2938 Metaphys.
1862 2888 1881 2909 ²¹⁴
2524 2919 2525 2922 ,
2552 2891 2563 2901 ·

1515 2942 1573 2978 An
1602 2953 1737 2979 PmMUM
1765 2953 1863 2978 ERGO
1892 2953 2074 2979 mcssNDUM
2102 2942 2229 2990 quod,
2257 2953 2350 2979 cum
2377 2940 2524 2989 dicitur,

1470 2996 1630 3031 Verbum
1667 3006 1758 3031 caro
1783 2995 1933 3042 sactum
1961 3000 2030 3041 est,
2062 3010 2081 3028 «
2103 3006 2192 3032 caro
2215 3009 2234 3029 »
2264 2993 2422 3045 ponitur
2452 3004 2525 3043 pro

1462 3055 1542 3084 toto
1571 3046 1742 3093 homine,
1763 3059 1808 3084 ac
1827 3046 1857 3083 si
1877 3046 2036 3094 diceret,
2074 3049 2235 3085 Verbum
2254 3048 2365 3085 homo
2374 3047 2525 3096 factum

1463 3107 1533 3137 est:
1567 3100 1663 3138 sicut
1690 3099 1806 3137 Isaiae
1826 3112 1872 3137 xL
1887 3100 1907 3122 '¹‘
1934 3099 2087 3138 dicitur:
2123 3100 2261 3139 Videbit
2287 3100 2408 3139 omnis
2433 3110 2525 3136 caro

1461 3154 1624 3191 salutare
1641 3154 1714 3190 Dei
1732 3154 1849 3190 nostri
1866 3158 1896 3189 η.
1926 3153 2016 3190 Ideo
2036 3161 2166 3191 autem
2188 3160 2290 3190 totus
2315 3151 2436 3189 homo
2455 3163 2526 3201 per

1462 3219 1618 3244 carnem
1647 3205 1895 3254 significatur,
1925 3205 2033 3255 quia,
2063 3214 2105 3243 ut
2132 3204 2268 3243 dicitur
2294 3203 2334 3242 in
2362 3204 2524 3242 auctori-

1461 3267 1534 3297 tate
1555 3259 1710 3297 inducta
1719 3258 1749 3306 ’ἢ
1767 3258 1857 3308 quia
1871 3256 1883 3280 ‘³
1904 3271 1973 3308 per
1991 3270 2147 3296 carnem
2166 3257 2284 3295 Filius
2303 3256 2375 3294 Dei
2395 3255 2523 3294 visibi-

1464 3313 1507 3350 lis
1531 3312 1725 3362 apparuit:
1755 3312 1859 3349 unde
1888 3311 2080 3348 subditur:
2105 3312 2153 3348 Et
2178 3310 2335 3348 vidimus
2360 3310 2524 3360 gloriam

1462 3369 1548 3404 eius.
1579 3389 1603 3393 —
1631 3366 1702 3403 Vel
1729 3364 1817 3402 ideo
1846 3363 1947 3414 quia,
1972 3371 2015 3400 ut
2041 3362 2277 3411 Augustinus
2305 3361 2403 3410 dicit,
2424 3362 2463 3399 in
2482 3362 2523 3400 li-

1519 3479 1541 3512 ε)
1562 3479 1665 3504 insitae.
1678 3493 1696 3497 —
1714 3478 1816 3507 Tei-tin
1836 3478 1952 3503 incertae
1970 3476 2052 3509 prima
2071 3481 2097 3500 et
2114 3476 2143 3505 Ε,
2164 3476 2280 3500 insertae
2298 3475 2326 3501 F.

1518 3514 1544 3547 ζ)
1563 3521 1683 3539 causa.-
1700 3521 1782 3539 carne
1801 3513 1829 3538 P.
1841 3526 1860 3531 —
1879 3512 1929 3537 Pro
1942 3511 2102 3544 piissimam,
2117 3511 2268 3543 piissimum
2288 3509 2406 3536 PBDEF'.

1518 3549 1545 3581 η)
1565 3549 1684 3574 salutare
1707 3549 1758 3573 Dei
1776 3547 1869 3573 nostri.
1882 3561 1901 3566 -
1915 3547 2023 3579 pariter
2044 3546 2116 3579 quod
2133 3553 2163 3572 os
2182 3545 2293 3571 Domini
2317 3546 2419 3571 Iocutus
2438 3549 2477 3570 est
2495 3545 2523 3571 P.

1519 3581 1543 3617 θ)
1563 3584 1632 3615 quia.
1646 3598 1665 3603 —
1683 3584 1744 3610 Om.
1764 3584 1783 3608 F
1803 3588 1828 3608 et
1846 3583 1927 3608 tertia.

2552 3102 2561 3112 ·
2567 3101 2634 3124 ven.
2635 3107 2647 3131 5
2650 3101 2764 3125 achtine.

2552 3133 2603 3156 cap.
2617 3133 2650 3154 m,
2665 3134 2725 3151 ven.
2739 3127 2764 3164 θ.Ι

2647 3169 2662 3193 η

2551 3260 2561 3270 ”
2575 3259 2600 3281 In
2616 3265 2664 3311 tr}-
