2872 3970
210 920 221 929 '
273 934 277 939 .
322 924 343 939 u.
367 922 398 938 ιιι

209 944 297 966 Introd-

271 3125 288 3139 s.
298 3124 400 3143 xv,vers.
410 3125 429 3139 ιι

443 289 516 327 536

806 531 1220 611 QUAESTIO
1259 528 1454 607 QUIN
1458 526 2275 609 QUAGESIMAOCTAVA
2311 591 2313 593 ,
2395 591 2398 592 ⁷

709 654 799 695 DE
833 651 1172 695 SEssmNE
1222 649 1502 692 CHRISTI
1547 651 1638 691 AD
1687 650 2075 692 DEXTERAM
2124 647 2385 712 PATRIS

1239 766 1273 792 IN
1303 764 1474 797 QUATUOR
1500 762 1702 791 ARTICULOS
1728 765 1840 791 DIVISA
1896 763 1898 766 ’

536 876 639 902 EINDE
667 861 991 900 considerandum
1021 868 1076 898 est
1104 861 1152 898 de
1177 858 1345 898 sessione
1374 858 1511 897 Christi

453 875 582 959 Dad
611 917 806 953 dexteram
835 914 955 952 Patris
971 914 1003 951 ²¹².

452 970 500 1008 Et
527 969 627 1006 circa
654 970 730 1005 hoc
757 974 996 1018 quaeruntur
1023 974 1200 1017 quatuor.

504 1022 655 1059 Primo:
694 1028 826 1058 utrum
865 1020 1038 1058 Christus
1076 1019 1205 1057 sedeat
1241 1019 1289 1056 ad
1319 1018 1514 1063 dexteram

558 1074 689 1142 Patris.

1264 1178 1582 1223 Amemus
1613 1178 1820 1222 Panms
1888 1234 1892 1238 ,
2429 1222 2458 1231 ,,

814 1274 972 1321 UJI’RUM
996 1273 1185 1306 CHRISTO
1210 1272 1467 1305 CONVENIAT
1491 1270 1660 1304 SEDERE
1681 1272 1741 1303 AD
1764 1270 2008 1304 DEXTERAM
2031 1272 2105 1303 DEI
2127 1272 2282 1304 PATRIS
2524 1277 2526 1281 '
2550 1271 2634 1306 ³³}

781 1355 812 1379 111
833 1355 915 1384 Sent„
936 1354 994 1379 dist.
1012 1360 1072 1384 κιαι,
1091 1360 1135 1385 qu.
1154 1359 1191 1382 111,
1211 1356 1257 1377 art.
1277 1351 1301 1383 3,
1321 1351 1371 1384 qu*
1390 1358 1421 1382 23
1444 1350 1587 1383 compend.
1610 1350 1707 1380 Theol„
1727 1358 1783 1383 cap.
1803 1357 1909 1382 ccxzvu
1930 1350 1959 1375 In
1980 1351 2073 1384 Symb.
2091 1351 2193 1383 Apost„
2213 1356 2260 1377 art.
2279 1349 2311 1382 ὃς

1120 1388 1164 1413 Ad
1184 1387 1289 1419 Ephes„
1309 1395 1364 1419 cap.
1383 1394 1402 1418 1,
1421 1387 1478 1412 lect.
1497 1393 1547 1417 v115
1564 1386 1609 1411 Ad
1627 1387 1703 1415 Heb„
1723 1394 1778 1418 cap.
1797 1393 1852 1417 vm,
1871 1387 1929 1411 lect.
1949 1393 1966 1412 1.

508 1502 532 1514 *t
572 1501 619 1531 ,ὡς
648 1491 687 1515 D
717 1489 851 1515 PRIMUM
880 1489 931 1514 sic
960 1486 1196 1513 PROCEDITUR.
1226 1475 1388 1513 Videtur
1409 1475 1517 1524 quod

580 1530 646 1584 ''⁴³*51
668 1530 819 1568 Christo
840 1542 920 1567 non
940 1529 1144 1566 conveniat
1163 1527 1177 1559 β
1206 1529 1338 1566 sedere
1359 1529 1407 1566 ad
1427 1529 1517 1565 dex-

634 1592 788 1621 teram
816 1583 887 1620 Dei
916 1582 1048 1620 Patris.
1079 1581 1244 1619 Dextera
1271 1581 1374 1618 enim
1405 1589 1442 1618 et
1469 1580 1516 1618 si-

455 1654 659 1740 porahum.
682 1690 759 1727 Sed
778 1689 872 1726 nihil
891 1689 1089 1738 corporale
1109 1681 1289 1726 convenit
1307 1689 1408 1726 Deo:
1429 1687 1521 1737 quia

455 1744 557 1780 Deus
581 1745 727 1793 spiritus
755 1749 816 1789 est,
846 1750 888 1779 ut
915 1741 1079 1779 habetur
1106 1743 1208 1779 Ioan
1230 1753 1263 1778 tv
1281 1741 1312 1778 ⁹³².
1342 1740 1444 1790 Ergo
1465 1740 1520 1778 vi-

457 1797 569 1834 detur
605 1796 713 1845 quod
749 1772 922 1833 Ch’ristus
959 1807 1040 1832 non
1075 1795 1204 1832 sedeat
1241 1794 1290 1832 ad
1326 1795 1522 1832 dexteram

458 1848 589 1887 Patris.

515 1913 549 1938 2.
580 1903 819 1948 PRAETEREA,
856 1901 887 1937 si
924 1900 1060 1949 aliquis
1097 1900 1203 1937 sedet
1240 1900 1288 1937 ad
1326 1900 1522 1937 dexteram

460 1954 640 2002 alicuius,
669 1954 729 1991 ille
768 1954 873 1991 sedet
909 1953 958 1990 ad
996 1952 1186 1990 sinistram
1223 1951 1317 1989 eius.
1357 1951 1398 1990 Si
1431 1964 1522 2001 ergo

462 2006 635 2045 Christus
655 2007 760 2045 sedet
780 2007 828 2043 ad
848 2006 1044 2043 dexteram
1073 2004 1204 2051 Patris,
1226 2004 1398 2055 sequitur
1416 2005 1523 2054 quod

461 2061 572 2098 Pater
600 2059 728 2097 sedeat
748 2059 796 2096 ad
817 2059 1007 2096 sinistram
1035 2058 1131 2096 Filii.
1162 2058 1281 2106 Quod
1308 2056 1363 2095 est
1391 2057 1524 2095 incon-

461 2113 631 2150 veniens.

518 2166 551 2202 3.
587 2167 818 2211 PRAETEREA,
849 2164 980 2201 sedere
1010 2172 1046 2201 et
1073 2172 1170 2201 stare
1199 2164 1380 2201 videntur
1402 2176 1524 2213 oppo-

462 2218 639 2256 sitionem
668 2218 821 2255 habere.
853 2217 930 2255 Sed
960 2218 1179 2267 Stephanus
1203 2217 1304 2264 dicit,
1324 2218 1405 2254 Act.
1426 2216 1523 2254 V11*:

461 2274 571 2318 Ecce,
587 2271 692 2310 video
716 2271 838 2308 caelos
857 2277 1014 2320 apertos,
1030 2277 1063 2307 et
1076 2271 1214 2307 Filium
1233 2271 1412 2307 Hominis
1429 2276 1524 2307 stan-

462 2331 534 2362 tem
567 2338 590 2361 a
622 2325 763 2361 dextris
794 2326 935 2362 virtutis
966 2325 1047 2360 Dei.
1091 2324 1192 2371 Ergo
1230 2323 1382 2360 videtur
1418 2323 1525 2372 quod

465 2377 638 2415 Christus
665 2389 745 2414 non
775 2377 903 2413 sedeat
930 2377 979 2413 ad
1008 2377 1204 2413 dexteram
1233 2376 1364 2413 Patris.

517 2431 591 2468 SED
620 2442 764 2467 CONTRA
782 2442 847 2467 Esr
867 2430 974 2479 quod
1002 2429 1139 2467 dicitur
1157 2429 1279 2466 Marci
1298 2430 1364 2466 ult.
1380 2428 1419 2465 *ε
1449 2429 1526 2466 Do-

463 2485 586 2521 minus
623 2483 768 2533 quidem
805 2485 929 2528 Iesus,
961 2489 1159 2532 postquam
1197 2482 1336 2519 locutus
1374 2487 1424 2519 est
1459 2483 1525 2527 eis,

464 2536 625 2574 ascendit
653 2538 689 2572 in
719 2536 875 2582 caelum,
905 2542 938 2572 et
964 2535 1062 2572 sedet
1089 2549 1112 2572 a
1140 2536 1279 2572 dextris
1305 2536 1388 2572 Dei.

518 2590 742 2626 Rssspoxm-:o
766 2601 948 2626 D1CENDUM
972 2589 1079 2638 quod
1107 2588 1146 2625 in
1174 2587 1332 2625 nomine
1359 2589 1528 2625 sessionis

466 2642 545 2679 duo
574 2654 782 2692 possumus
811 2641 1033 2689 intelligere:
1063 2641 1240 2678 videlicet
1267 2640 1449 2690 quietem,
1470 2653 1526 2677 se-

466 2695 640 2732 cundum
668 2694 760 2731 illud
788 2695 882 2731 Luc.
908 2695 973 2731 ult.
994 2694 1032 2741 ²⁸,
1062 2694 1188 2731 Sedete
1215 2694 1274 2731 hic
1301 2695 1339 2731 in
1367 2695 1529 2738 civitate,-

467 2756 503 2784 et
531 2748 645 2785 etiam
673 2747 817 2795 regiam
844 2748 907 2784 vel
934 2746 1442 2796 iudiciariampotestatem,
1471 2758 1528 2783 se-

467 2801 639 2838 cundum
660 2800 753 2837 illud
771 2802 949 2838 Proverh.
966 2813 1014 2837 xx
1030 2800 1061 2845 ²³⁸,
1081 2802 1168 2837 Rex
1187 2797 1251 2849 qui
1265 2797 1528 2837 sede‘tftnsolio

467 2854 601 2900 iudicii,
622 2854 769 2903 dissipat
788 2866 899 2890 omne
925 2854 1067 2890 malum
1091 2854 1219 2890 intuitu
1247 2865 1325 2890 suo.
1355 2853 1527 2902 Utroque

467 2906 578 2954 igitur
605 2907 724 2943 modo
755 2906 906 2943 Christo
942 2905 1122 2943 convenit
1159 2905 1290 2942 sedere
1324 2906 1372 2942 ad
1404 2905 1528 2942 dexte-

467 2971 550 2996 ram
579 2959 710 2996 Patris.
744 2959 831 2996 Uno
860 2959 1019 3009 quidem
1048 2959 1179 3005 modo,
1209 2958 1440 3008 inquantum
1468 2970 1529 2995 ae-

467 3011 658 3049 ternaliter
676 3020 806 3049 manet
830 3011 1124 3061 incorruptibilis
1146 3012 1185 3049 in
1206 3010 1439 3048 beatitudine
1459 3011 1528 3048 Pa-

468 3064 549 3111 tris,
580 3077 679 3114 quae
708 3065 790 3102 eius
818 3065 972 3102 dextera
1004 3064 1155 3112 dicitur,
1185 3065 1402 3101 secundum
1437 3063 1529 3101 illud

436 3133 440 3138 -
469 3117 611 3154 Psalmi
629 3117 666 3154 ³¹²:
695 3118 962 3155 Delectationes
994 3119 1031 3154 in
1061 3118 1214 3155 dextera
1248 3123 1310 3155 tua
1345 3129 1458 3167 usque
1492 3119 1528 3154 in

282 3157 408 3235 ὲγῗὲὴιῗῗ
410 3163 444 3203 ’Σὲ
459 3172 593 3218 finem.
623 3170 734 3208 Unde
763 3170 998 3219 Augustinus
1027 3170 1126 3217 dicit,
1156 3170 1195 3207 in
1224 3170 1320 3208 libro
1349 3170 1394 3208 de
1421 3172 1530 3220 Sym-

613 3237 620 3259 :
668 3238 686 3256 «
709 3223 813 3260 Sedet
853 3224 904 3260 ad
942 3224 1133 3261 dexteram
1170 3225 1291 3261 Patris
1313 3237 1353 3260 »t
1397 3223 1532 3261 Sedere

391 3215 442 3236 ’Ψ
471 3222 601 3259 bolo*

1139 288 1404 337 QUAEsr1o
1432 289 1566 336 Lvm,
1595 286 1888 326 AercuLus
1904 288 1930 330 ,ι

1516 1871 1517 1874 =
1576 1845 1816 1884 iudiciariam
1834 1853 2078 1906 potestatem:
2100 1846 2196 1884 sicut
2215 1845 2275 1884 ille
2290 1845 2358 1896 qui
2376 1832 2640 1897 conmdetmgi
2696 1884 2697 1888 ,

1572 2798 1780 2836 sinistram.
1792 2800 1870 2836 Ibi
1894 2805 2028 2845 autem,
2049 2798 2172 2836 idest
2163 2811 2203 2837 ιιι
2222 2807 2376 2837 aeterna
2397 2792 2644 2863 beatitudine,

2551 795 2629 820 11:531

1623 858 1825 896 Secundo:
1864 865 1996 896 utrum
2033 858 2110 895 hoc
2146 856 2352 896 conveniat
2386 852 2461 897 s1bi
2487 861 2634 899 secundb

1678 911 1775 948 dum
1802 910 1975 948 divinam
2002 918 2193 949 naturam.

1622 963 1775 1002 Tertio:
1811 971 1944 1001 utrum
1979 963 2183 1002 conveniat
2218 962 2289 1002 sibi
2317 964 2534 1004 secundum
2561 964 2632 1030 iiu-

1677 1027 1836 1055 manem
1856 1022 1884 1053 ².

1625 1070 1794 1118 Quarto.
1824 1077 1956 1107 utrum
1983 1070 2060 1107 hoc
2087 1069 2134 1107 sit
2159 1068 2365 1120 proprium
2391 1057 2542 1121 Christi.
2575 1061 2631 1135 ³:2³1}
2661 1065 2665 1069 “

1574 1490 1593 1509 «
1602 1476 1769 1512 habitare
1781 1490 1800 1509 »
1819 1474 2026 1525 intelligite.-
2041 1475 2224 1524 quomodo
2238 1475 2392 1512 dicimus
2406 1475 2452 1512 de
2465 1486 2638 1525 quocum-²

1573 1540 1643 1577 que
1659 1529 1820 1574 homine,
1849 1542 1868 1561 «
1889 1528 1936 1564 In
1956 1528 2020 1565 illa
2033 1530 2160 1578 patria
2177 1527 2267 1565 sedit
2280 1540 2353 1578 per
2370 1534 2443 1565 tres
2460 1541 2580 1567 annos
2600 1543 2635 1567 a».

1574 1581 1634 1618 Sic
1653 1593 1746 1631 ergo
1772 1580 1907 1618 credite
1929 1581 2114 1618 Christum
2142 1582 2310 1618 habitare
2333 1583 2370 1618 in
2390 1581 2543 1619 dextera
2568 1582 2643 1620 Dei

1573 1634 1714 1671 Patris.-
1732 1635 1858 1671 beatus
1876 1635 1976 1670 enim
1994 1639 2056 1680 est,
2073 1639 2106 1671 et
2125 1635 2236 1683 ipsius
2254 1634 2484 1672 beatitudinis
2488 1646 2638 1710 nom?

1575 1692 1626 1724 est
1656 1701 1676 1720 «
1698 1687 1851 1724 dextera
1878 1688 2040 1724 Patris»

1629 1739 1715 1777 Alio
1743 1739 1864 1777 modo
1892 1738 2029 1777 dicitur
2057 1738 2231 1778 Christus
2258 1739 2391 1777 sedere
2418 1739 2458 1778 in
2485 1734 2641 1800 dextera

1576 1792 1707 1840 Patris,
1728 1792 1959 1842 inquantum
1977 1793 2079 1831 Patri
2097 1800 2316 1853 conregnat,
2336 1800 2374 1841 et
2391 1793 2440 1832 ab
2459 1805 2507 1831 eo

1577 1899 1626 1936 ad
1651 1898 1856 1945 dexteram,
1877 1899 2017 1936 assidet
2035 1899 2070 1936 ei
2088 1899 2128 1936 in
2146 1899 2343 1948 regnando
2364 1906 2403 1936 et
2419 1898 2639 1950 iudmfflm

1578 1950 1689 1989 Unde
1709 1951 1945 2000 Augustinus
1972 1951 2072 1999 dicit,
2093 1951 2133 1989 in
2152 1951 2226 1989 alio
2254 1951 2444 1990 Sermone
2468 1952 2534 1990 de
2539 1999 2540 2002 Ἴ

1578 2004 1662 2041 holo
1676 2004 1711 2026 '¹‘-
1704 2006 1860 2054 Ipsam
1880 2005 2071 2042 dexteram
2091 2003 2280 2055 intelligite
2292 2005 2528 2055 potestatem
2592 2047 2595 2048 ⁷
2667 2011 2689 2050 ¹,
2723 2043 2725 2049 s
2751 2034 2754 2038 .

1578 2059 1718 2106 accepit
1745 2057 1805 2094 ille
1832 2058 1943 2095 homo
1962 2063 2146 2107 susceptus
2174 2071 2197 2095 a
2224 2058 2319 2104 Deo,
2340 2063 2378 2095 ut
2403 2057 2527 2106 veniat
2542 2045 2641 2108 ῃιᾷιν
2675 2071 2681 2080 “
2701 2074 2742 2112 .'··‹

1579 2116 1728 2147 caturus
1756 2111 1821 2159 qui
1840 2111 1948 2160 prius
1974 2116 2126 2148 venerat
2154 2110 2381 2148 iudicandus

1632 2163 1689 2200 Αι)
1719 2175 1853 2200 PRIMUM
1882 2175 1980 2201 ERGO
2008 2175 2190 2201 mcENnuM
2218 2163 2347 2213 quod,
2377 2162 2474 2201 sicut
2499 2162 2643 2205 Dama-

1580 2228 1718 2253 scenus
1737 2215 1837 2263 dicit,
1859 2215 1899 2253 in
1917 2217 1968 2254 IV
1986 2217 2083 2254 libro
2101 2216 2133 2262 ²¹⁹,
2163 2229 2238 2254 non
2266 2217 2423 2256 localem
2450 2217 2643 2265 deoderam
2692 2259 2702 2266 ,-

1579 2270 1701 2306 Patris
1729 2269 1894 2306 dicimus.
1948 2270 2115 2312 Qualiter
2141 2271 2239 2307 enim
2278 2271 2341 2320 qui
2370 2269 2643 2314 incircumscri-

1574 2322 1713 2372 ptibilis
1732 2328 1794 2369 est,
1814 2322 1970 2360 lacalem
1989 2323 2211 2372 adipiscetur
2228 2322 2451 2360 dexteram?
2475 2323 2657 2365 Dextera
2694 2326 2703 2365 ζ

1581 2377 1679 2412 enim
1699 2381 1732 2412 et
1749 2376 1897 2412 sinistra
1916 2388 2046 2413 eorum
2065 2388 2160 2425 quae
2178 2377 2531 2414 circumscribuntur
2547 2379 2643 2420 sinat.

1581 2429 1787 2465 Dexteram
1815 2434 1937 2466 autem
1964 2430 2087 2466 Patris
2114 2429 2268 2466 dicimus
2293 2429 2459 2479 gloriam
2478 2434 2512 2467 et
2528 2428 2644 2474 hono-

1583 2494 1662 2518 rem
1691 2481 1897 2519 di'vznitatis.
2684 2480 2702 2520 J

1635 2535 1692 2570 AD
1721 2546 1910 2572 SECUNDUM
1938 2546 2119 2572 mcENDUM
2143 2534 2250 2584 quod
2269 2533 2364 2572 ratio
2393 2534 2455 2572 ina
2471 2534 2646 2586 procedit

1583 2570 1799 2624 secundum
1828 2587 1934 2637 quod
1962 2587 2094 2624 sedere
2123 2587 2173 2624 ad
2200 2587 2396 2625 dexteram
2430 2587 2646 2640 intelligitur

1582 2639 1839 2689 corporaliter.
1869 2640 1981 2678 Unde
2009 2639 2246 2688 Augustinus
2274 2640 2374 2687 dicit,
2404 2639 2444 2679 in
2471 2640 2646 2691 quodam

1583 2705 1761 2737 sermone
1781 2693 1827 2730 de
1836 2693 2079 2742 Symbolo.
2041 2693 2079 2715 *·
2110 2695 2151 2730 Si
2167 2694 2368 2732 carnaliter
2392 2695 2645 2744 acceperim

1582 2745 1683 2802 quod
1695 2738 1878 2784 Christus
1883 2746 1981 2783 sedet
1999 2746 2050 2783 ad
2066 2723 2259 2784 dexteram
2277 2747 2410 2794 Patris,
2431 2747 2492 2785 ille
2509 2747 2578 2786 erit
2594 2747 2647 2796 ad

1583 2852 1703 2889 omnis
1731 2852 1883 2889 dextera
1911 2858 1977 2889 est:
2009 2854 2094 2902 quia
2123 2853 2224 2890 nulla
2252 2854 2304 2890 ibi
2330 2858 2381 2890 est
2406 2854 2582 2901 miseria,

1637 2906 1693 2941 Αι)
1717 2916 1875 2942 TERTIUM
1896 2917 2077 2943 DlCENDUM
2097 2906 2216 2955 quod,
2237 2905 2333 2944 sicut
2360 2904 2567 2955 Gregorius
2589 2898 2645 2945 'di-

1583 2957 1643 3003 cit‚
1663 2957 1703 2994 in
1722 2957 1892 2995 Homilia
1909 2959 2144 2996 Ascensionis
2161 2957 2194 3006 ²¹²,
2217 2958 2345 2996 sedere
2362 2958 2556 2997 iudicantis
2573 2962 2642 2998 est.

1582 3016 1680 3048 stare
1693 3023 1782 3049 vero
1791 3013 1997 3061 pugnantis
2010 3012 2068 3049 vel
2081 3011 2298 3050 adiuvantis.
2319 3013 2524 3062 Stephanus
2537 3022 2643 3064 ergo,
2707 3016 2712 3020 ’

1583 3065 1620 3101 in
1649 3064 1778 3102 labore
1811 3066 2022 3102 certaminis
2042 3067 2199 3114 positus,
2226 3070 2382 3102 stantem
2415 3065 2504 3102 vidit
2536 3076 2644 3116 quem

1584 3117 1788 3154 adiutorem
1807 3118 1943 3155 habuit.
1964 3117 2038 3155 Sed
2053 3118 2152 3155 hunc
2163 3124 2249 3168 post
2267 3118 2519 3156 ascensionem
2536 3118 2644 3161 Mar·-

1584 3182 1648 3207 cus
1674 3170 1801 3207 sedere
1819 3170 2008 3208 describit:
2035 3172 2123 3221 quia
2136 3176 2221 3221 post
2238 3172 2496 3221 assumptionis
2513 3174 2529 3200 's
2554 3182 2646 3209 suae

1583 3223 1759 3274 gloriam,
1789 3223 1902 3261 iudex
1928 3225 1965 3261 in
1983 3225 2070 3272 fine
2095 3224 2285 3262 videbitur.

527 3353 554 3386 α)
573 3354 725 3380 humanam.
739 3368 757 3372 —
776 3357 900 3379 naturam
920 3354 1063 3379 humanam
1083 3356 1123 3381 ed.
1141 3362 1166 3385 a,
1187 3355 1329 3381 humanam
1349 3359 1475 3381 naturam
1489 3355 1530 3380 EF

1639 3354 1664 3388 β)
1683 3355 1831 3381 conveniat.
1848 3369 1868 3374 -
1885 3355 1986 3387 Tertia;
2007 3356 2186 3382 conveniebat.

473 3393 498 3412 et
516 3389 588 3413 tertia
607 3395 708 3421 praeter
726 3389 744 3415 1.
1555 3359 1560 3425 i

1637 3390 1665 3425 γ)
1683 3391 1880 3424 assumptionis.
1897 3405 1917 3410 -
1934 3391 2095 3417 ascensionis
2112 3391 2184 3417 tertia
2203 3396 2304 3424 praeter
2323 3391 2341 3417 1.
