2872 3970
69 2209 71 2211 ’
98 2206 234 2255 .Ριη.ῐ,ἳιι
248 2213 264 2234 1,

71 2262 73 2265 .
109 2240 134 2264 ὃς
150 2234 195 2256 pm
222 2234 263 2261 lae,

59 2266 160 2310 .¹.uv,
174 2262 224 2288 [art.
242 2267 263 2288 a,

1006 285 1269 332 QUAESTIO
1298 286 1366 333 xi,
1396 286 1687 324 ARTICULUS
1715 287 1765 324 v1

300 364 464 401 modum
493 363 653 412 pertinet
689 363 797 412 quod
825 363 979 400 scientia
1015 363 1078 400 illa
1113 376 1182 413 per
1218 366 1360 401 multos

299 416 451 454 habitus
471 416 732 464 distinguatur,
753 416 862 465 quasi
881 428 950 465 per
969 416 1114 465 species
1137 417 1255 465 magis
1275 429 1359 466 par-

298 468 476 506 ticulares
504 469 678 505 existens.
1022 511 1023 514 Ἴ

351 522 409 558 AD
438 534 626 559 SECUNDUM
653 533 835 559 mOENDUM
871 522 978 570 quod
1005 514 1104 558 fides
1131 528 1269 559 *nostra
1304 521 1360 559 in·

298 573 428 613 nititur
455 574 601 624 primae
630 573 787 611 veritati.
817 574 870 610 Et
893 573 980 610 ideo
1010 574 1182 612 Christus
1210 582 1265 612 est
1292 588 1358 612 au-

299 634 381 664 ctor
407 626 499 663 fidei
526 633 677 664 nostrae
705 626 921 663 secundum
950 626 1121 664 divinam
1150 627 1356 674 scientiam,

298 691 398 728 quae
428 686 483 715 est
510 678 728 728 simpliciter
755 691 844 715 una.

351 732 408 768 AD
436 743 595 769 TERTmM
622 743 804 769 DICENDUM
824 732 932 781 quod
951 734 1083 769 lumen
1103 732 1284 769 divinitus
1304 732 1358 769 in-

349 854 376 897 β)
396 861 550 889 intellectus.
566 878 586 882 -
602 864 708 896 agentis
727 865 823 889 addunt
841 865 861 889 F
882 870 907 889 et
925 865 1005 890 tertia.

2399 288 2468 325 165

1413 365 1542 402 fusum
1572 374 1626 402 est
1654 366 1748 402 ratio
1787 366 2015 414 intelligendi
2051 367 2268 403 communis
2297 380 2342 404 ea
2369 380 2469 416 quae

1414 417 1593 454 divinitus
1622 420 1858 455 revelantur:
1889 419 1985 455 sicut
2013 421 2199 455 etlumen
2228 419 2470 457 intellectus¹³

1414 482 1552 508 eorum
1579 483 1678 520 quae
1711 471 1929 508 naturaliter
1965 480 2257 519 cognoscuntur.
2298 474 2344 509 Et
2382 473 2469 510 ideo

1414 523 1582 572 oportuit
1609 522 1647 560 in
1675 524 1805 561 anima
1830 523 1969 560 Christi
1989 524 2132 573 species
2152 524 2386 572 singularum
2414 538 2470 562 re-

1413 588 1501 612 rum
1528 587 1674 625 ponere
1693 582 1708 604 Υ
1736 577 1785 614 ad
1806 577 2120 625 cognoscendum
2141 577 2354 625 cognitione
2382 590 2471 627 pro-

1413 628 1494 676 pria
1522 630 1846 678 unumquodque.
1877 630 1924 666 Et
1952 630 2167 666 secundum
2196 631 2282 675 hoc,
2303 631 2471 678 oportuit

1413 693 1494 717 esse
1524 681 1695 718 diversos
1721 682 1872 719 habitus
1901 682 2077 719 scientiae
2106 682 2144 718 in
2172 682 2300 719 anima
2321 683 2469 730 Christi,

1413 741 1454 769 ut
1482 733 1626 770 dictum
1656 742 1710 770 est
1729 734 1758 771 *.

1465 865 1492 899 γ)
1511 866 1655 898 oportuit...
1675 874 1785 898 ponere.
1803 882 1822 886 —
1840 869 1959 900 oportuit
1981 876 2036 893 esse
2060 869 2086 894 in
2109 869 2201 893 anima
2226 869 2326 894 Christi
2343 869 2472 902 proprias

1413 903 1512 935 species
1529 902 1698 935 singularum
1718 909 1807 927 rerum
1826 904 1899 928 tertia
1906 910 1913 933 ;
1927 905 2057 936 proprias
2076 904 2152 929 etiam
2171 905 2199 930 F.

970 980 1302 1013 Commentaria
1324 982 1576 1014 Car-dinatus
1599 981 1799 1014 Caietani

297 1070 462 1132 TiTULus
493 1060 594 1090 clarus
618 1065 674 1090 est.
710 1061 758 1091 De
788 1061 919 1091 scientia
946 1060 1105 1100 siquidem
1129 1060 1234 1092 infusa
1260 1071 1358 1101 quae—

354 1104 432 1134 ritur
459 1114 500 1134 an
523 1104 562 1134 sit
583 1103 688 1135 infusa
712 1104 840 1135 Christo
863 1105 897 1134 in
914 1105 1010 1134 unica
1031 1105 1137 1144 specie
1156 1115 1213 1135 seu
1235 1106 1356 1141 habitu,

293 1157 335 1178 an
357 1148 392 1178 in
414 1147 553 1178 diversis.
588 1149 629 1178 Et
652 1154 698 1178 est
721 1149 800 1178 ratio
824 1148 913 1178 dubii
937 1148 1123 1179 excellentia
1144 1158 1260 1189 magna
1288 1149 1357 1180 talis

293 1192 444 1222 scientiae
466 1191 589 1222 infusae
612 1193 736 1222 animae
761 1192 888 1223 Christi.

349 1236 386 1266 ln
415 1245 550 1276 corpore
580 1237 676 1266 unica
705 1242 752 1266 est
781 1237 948 1267 conclusio
978 1237 1163 1277 responsiva
1193 1238 1356 1277 quaesito:

292 1280 435 1311 scientia
457 1277 560 1310 indita
583 1280 712 1310 animae
734 1280 854 1311 Christi
867 1281 941 1322 fuit
955 1280 1104 1311 distincta
1119 1282 1294 1312 secundum
1309 1281 1358 1312 di-

293 1333 403 1355 versos
424 1324 559 1354 habitus.
589 1324 753 1359 Probatur.
789 1325 924 1355 Habitus
951 1326 1099 1355 scientiae
1131 1325 1358 1356 diversificatur

292 1369 327 1399 in
337 1368 431 1399 nobis
447 1378 484 1399 ex
500 1368 677 1399 diversitate
692 1369 816 1408 generis
832 1369 958 1399 scibilis.
975 1369 1038 1400 Sed
1049 1375 1196 1409 respectu
1208 1370 1356 1400 scientiae

292 1411 411 1443 inditae
433 1411 557 1443 animae
582 1411 699 1443 Christi
720 1412 880 1443 invenitur
903 1412 1063 1443 diversitas
1086 1414 1210 1453 generis
1229 1413 1355 1444 scibilis.

293 1457 380 1497 Ergo
402 1456 533 1487 scientia
554 1455 655 1487 indita
677 1457 801 1487 animae
817 1455 934 1487 Christi
950 1456 1153 1497 distinguitur
1167 1458 1201 1488 in
1217 1457 1357 1488 diversos

293 1501 430 1532 habitus.

348 1545 451 1576 Maior
465 1546 619 1586 probatur
634 1555 673 1576 ex
685 1545 697 1575 1
708 1546 940 1576 Posteriorum.
951 1564 976 1568 —
990 1547 1107 1583 Minor,
1120 1556 1202 1586 quae
1214 1557 1281 1577 non
1297 1547 1357 1577 nisi

292 1589 447 1630 implicite
478 1599 516 1620 ex
545 1590 648 1620 littera
677 1590 821 1626 habetur,
844 1590 908 1620 hoc
937 1595 983 1620 est
1009 1591 1043 1620 in
1070 1601 1127 1621 sua
1155 1592 1356 1631 probatione,

292 1634 446 1674 probatur
468 1633 502 1664 in
525 1632 628 1664 littera
646 1634 701 1664 sic.
734 1633 952 1664 Connaturale
976 1640 1022 1664 est
1045 1635 1169 1665 animae
1198 1636 1358 1666 humanae

292 1683 330 1708 ut
351 1678 484 1718 recipiat
510 1677 633 1718 species
655 1678 690 1707 in
710 1678 831 1716 ,minori
858 1678 1091 1709 universalitate
1122 1688 1219 1719 quam
1243 1679 1356 1719 angeli,

291 1722 336 1752 ita
361 1722 482 1752 scilicet
508 1721 598 1761 quod
624 1721 760 1752 diversas
791 1727 917 1752 naturas
947 1721 1111 1762 specificas
1137 1732 1194 1763 per
1220 1722 1356 1753 diversas

292 1766 415 1806 species
437 1765 651 1806 intelligibiles
673 1771 858 1806 cognoscat.
883 1766 946 1797 Sed
961 1767 1092 1797 scientia
1115 1767 1215 1797 indita
1233 1768 1357 1797 animae

293 1810 411 1840 Christi
443 1810 555 1840 habuit
586 1809 723 1840 modum
754 1811 995 1841 connaturalem
1028 1812 1153 1841 animae
1186 1812 1356 1841 humanae.

292 1854 378 1894 Ergo
394 1855 526 1884 scientia
543 1853 643 1884 indita
665 1854 790 1884 animae
807 1854 924 1884 Christi
940 1860 987 1885 est
1002 1854 1148 1885 distincta
1163 1864 1220 1895 per
1235 1856 1357 1895 species

291 1896 520 1938 intelligibiles,
549 1897 727 1928 secundum
751 1896 963 1928 diversitatem
986 1904 1170 1929 naturarum
1194 1898 1357 1938 specifica-

291 1949 373 1973 rum.
404 1942 479 1973 Hoc
508 1947 617 1972 autem
646 1941 726 1972 nihil
756 1942 843 1972 aliud
870 1947 917 1972 est
940 1950 1038 1982 quam
1066 1942 1230 1973 scientiam
1259 1942 1356 1973 talem

267 2020 274 2030 ,
291 1987 449 2027 respicere
483 1985 605 2016 diversa
638 1994 755 2026 genera
788 1985 928 2016 scibilia:
964 1995 1056 2022 nam,
1081 1987 1107 2017 si
1130 1985 1357 2018 diversificatur

292 2030 472 2061 secundum
495 2030 632 2061 diversas
654 2035 782 2060 naturas
805 2029 979 2070 specificas,
1003 2031 1107 2061 multo
1131 2032 1231 2071 magis
1247 2030 1356 2062 distin—

291 2075 400 2115 guitur
428 2074 608 2105 secundum
638 2074 761 2105 diversa
788 2084 906 2115 genera
928 2075 1066 2111 scibilia;
1091 2084 1167 2106 cum
1189 2076 1296 2106 minor
1318 2076 1357 2106 sit

291 2118 453 2150 distinctio
477 2128 534 2159 per
555 2127 673 2158 genera
696 2118 817 2149 scibilia
839 2128 938 2158 quam
960 2128 1018 2159 per
1032 2118 1196 2159 specificas
1218 2125 1355 2156 naturas,

292 2163 448 2203 quoniam
471 2163 530 2193 sub
548 2172 616 2193 uno
632 2172 748 2203 genere
772 2162 873 2193 scibili
897 2163 1215 2203 comprehenduntur
1237 2164 1356 2194 multae

291 2211 423 2237 naturae
446 2205 625 2247 specificae,
649 2211 686 2237 ut
707 2211 795 2247 patet
818 2216 856 2237 ex
878 2214 975 2247 supra
989 2208 1006 2223 ⁴*
1029 2207 1130 2238 dictis.

347 2250 384 2281 ΙΙ.
408 2251 450 2281 Εῖ
472 2251 551 2282 scito
575 2250 675 2291 quod,
700 2258 775 2281 cum
797 2250 850 2281 hic
874 2251 988 2282 dicitur
1008 2251 1129 2291 species
1144 2252 1357 2292 intelligibiles

291 2300 441 2336 oportere
465 2294 666 2326 diversificari
689 2294 867 2326 secundum
887 2295 1024 2326 diversas
1038 2300 1166 2326 naturas
1181 2296 1356 2336 specificas,

290 2339 534 2380 intelligendum
558 2345 605 2370 est
627 2339 667 2369 de
689 2340 809 2370 naturis
831 2340 970 2380 proprie,
994 2341 1058 2370 hoc
1081 2346 1138 2376 est,
1158 2341 1355 2371 substantiis:

290 2393 367 2414 nam
399 2393 457 2424 per
491 2393 590 2414 unam
625 2389 657 2413 et
691 2382 827 2414 eandem
861 2384 1002 2424 speciem
1037 2383 1176 2414 infusam
1210 2385 1358 2425 intelligit

291 2428 397 2458 anima
419 2426 538 2458 Christi
568 2426 792 2464 substantiam,
823 2433 854 2458 et
876 2428 1085 2468 proprietates
1116 2428 1357 2470 accidentiaque

291 2480 370 2502 eius.

345 2516 484 2552 Rursus,
515 2525 583 2554 non
605 2516 648 2546 ita
670 2516 827 2556 intelligas
853 2517 975 2556 species
998 2516 1211 2557 intelligibiles
1237 2517 1357 2548 infusas

291 2558 490 2591 dearticulari
513 2559 552 2591 ad
573 2565 701 2590 naturas
724 2560 888 2600 specificas
911 2566 948 2591 ut
965 2561 1105 2600 praecise
1120 2568 1358 2601 repraesentent

293 2614 354 2640 eas,
379 2609 410 2635 et
432 2614 500 2634 non
523 2604 679 2644 principia
701 2604 947 2636 individuantia:
973 2611 1009 2635 ut
1032 2605 1153 2636 faciunt
1171 2607 1293 2646 species
1308 2607 1358 2637 in—

291 2648 469 2688 telligibiles
492 2648 663 2679 abstractae
687 2658 705 2678 a
727 2649 1015 2688 phantasmatibus;
1041 2655 1072 2679 et
1095 2650 1205 2689 quales
1228 2650 1358 2681 fuerunt

291 2693 413 2733 species
435 2691 559 2723 infusae
589 2692 693 2732 primo
717 2692 851 2723 homini.
887 2693 1051 2731 Quoniam
1082 2695 1204 2734 species
1233 2695 1357 2726 infusae

292 2737 417 2767 animae
441 2735 559 2767 Christi
580 2741 665 2772 sunt,
688 2744 756 2766 non
778 2745 836 2777 per
858 2737 1015 2774 accidens,
1040 2737 1095 2768 sed
1111 2748 1149 2768 ex
1165 2749 1225 2769 suo
1241 2749 1357 2779 genere

259 2797 264 2803 ·
291 2780 416 2812 infusae
434 2782 469 2817 *,
501 2785 532 2810 et
553 2780 597 2810 ita
626 2779 666 2810 ad
691 2786 819 2812 naturas
845 2781 1092 2812 substantiarum
1115 2781 1279 2823 specificas
1309 2793 1357 2814 ar-

235 2824 240 2829 '
259 2824 264 2829 '
292 2829 417 2857 ctantur
440 2831 477 2856 ut
490 2824 587 2855 simul
599 2823 764 2855 individua
779 2834 888 2856 earum
905 2826 1074 2857 ostendant
1089 2827 1245 2858 distincte.
1267 2828 1357 2858 Alio—

292 2863 388 2911 quin,
413 2874 467 2900 aut
489 2877 557 2899 non
578 2869 720 2899 novisset
749 2869 809 2900 hac
831 2870 963 2901 scientia
990 2870 1108 2907 omnia,
1133 2877 1188 2902 aut
1214 2871 1357 2903 infinitae

291 2913 414 2955 species
436 2918 647 2954 ponerentur:
673 2922 814 2953 quorum
836 2920 1010 2955 utrumque
1033 2925 1102 2946 esse
1125 2915 1240 2946 falsum
1262 2926 1357 2947 mon-

256 2967 267 2972 ·
291 2963 426 2990 stratum
450 2962 498 2988 est
512 2958 539 2988 θ.

345 3002 397 3033 111.
422 2999 515 3033 Circa
537 3002 620 3032 hanc
643 3000 832 3038 doctrinam,
855 3003 997 3034 iunctam
1013 3004 1215 3044 responsioni
1236 3003 1274 3035 ad
1293 3005 1357 3045 pri-

254 3057 265 3063 ·
290 3056 393 3083 mum,
419 3043 584 3089 [occurrit]
610 3044 745 3076 dubium
768 3047 915 3086 superius
930 3048 947 3064 ⁴*
969 3054 1164 3079 reservatum
1188 3057 1226 3079 ex
1245 3049 1355 3085 Scoto,

290 3091 325 3121 in
348 3091 388 3121 ΙΙΙ
404 3091 502 3126 Sent„
527 3090 597 3120 dist.
614 3099 676 3126 x1v,
700 3099 755 3130 qu.
771 3090 840 3127 ult„
864 3091 993 3122 volente
1017 3092 1107 3132 quod
1126 3094 1248 3132 species
1263 3094 1356 3124 intel-

291 3135 424 3174 ligibiles
439 3133 563 3165 infusae
578 3134 703 3164 animae
718 3133 836 3165 Christi
851 3134 980 3166 fuerunt
994 3136 1252 3176 perfectissimae,
1270 3138 1355 3177 quia,

292 3179 374 3209 sicut
395 3179 528 3219 ponitur
557 3178 680 3209 animae
704 3178 822 3209 Christi
851 3179 999 3210 collatam
1023 3190 1091 3211 esse
1113 3181 1245 3221 gratiam
1268 3191 1356 3211 sum-

291 3232 379 3254 mam
400 3223 586 3263 possibilem
609 3227 787 3259 creaturae,
817 3223 860 3253 ita
882 3223 1047 3263 probabile
1071 3230 1118 3255 est
1143 3224 1263 3255 infusas
1287 3234 1354 3255 esse

292 3266 352 3297 sibi
374 3267 496 3307 species
518 3266 761 3307 perfectissimas
785 3273 816 3297 et
838 3268 1060 3305 nobilissimas,
1084 3278 1142 3308 per
1157 3278 1236 3308 quas
1252 3268 1354 3307 perfe-

293 3311 430 3341 ctissime
453 3311 544 3341 novit
565 3311 766 3341 habitualiter
789 3321 837 3342 res
861 3313 1046 3352 cognitione
1069 3313 1264 3342 abstractiva.

1465 1062 1516 1092 Ad
1539 1063 1602 1092 hoc
1622 1062 1736 1093 dicitur
1752 1063 1841 1103 quod
1856 1063 2104 1103 proportionalis
2121 1065 2295 1095 similitudo
2312 1071 2474 1105 assumpta

1411 1111 1457 1135 est
1481 1106 1566 1136 falsa.
1591 1106 1642 1136 Ad
1666 1108 1756 1137 cuius
1780 1107 1987 1143 evidentiam,
2012 1108 2178 1138 sciendum
2202 1115 2248 1139 est
2272 1109 2361 1149 quod
2385 1109 2472 1140 dono

1410 1150 1527 1189 gratiae
1550 1150 1723 1190 respondet
1742 1150 1858 1181 directe
1874 1151 1998 1182 donum
2016 1152 2149 1191 gloriae:
2175 1158 2205 1182 et
2229 1159 2472 1193 consequenter,

1410 1194 1492 1224 sicut
1514 1195 1638 1224 animae
1663 1194 1781 1225 Christi
1804 1195 1919 1225 collata
1937 1196 2069 1234 ponitur
2084 1206 2208 1226 summa
2224 1198 2331 1236 gratia,
2347 1198 2391 1227 ita
2407 1198 2473 1228 col-

1410 1237 1472 1268 lata
1495 1243 1542 1268 est
1565 1247 1691 1268 summa
1713 1239 1828 1278 gloria;
1861 1238 1900 1269 ad
1924 1248 2022 1279 quam
2052 1245 2173 1279 spectat
2200 1242 2341 1280 cognitio
2365 1242 2472 1277 beata,

1411 1287 1442 1312 et
1463 1290 1532 1312 non
1556 1283 1697 1322 cognitio
1722 1282 1835 1318 infusa,
1861 1282 1899 1312 de
1923 1293 1987 1323 qua
2011 1288 2057 1313 est
2080 1285 2235 1323 quaestio.
2271 1284 2374 1321 Unde,
2399 1286 2474 1325 quia

1410 1327 1552 1365 cognitio
1576 1325 1681 1356 infusa
1703 1336 1770 1356 non
1794 1326 1966 1366 respondet
1988 1327 2119 1366 gratiae,
2145 1338 2346 1368 consequens
2371 1335 2417 1359 θεῖ
2438 1335 2475 1360 ut

1409 1370 1493 1400 male
1516 1376 1678 1410 assumpta
1700 1371 1739 1400 sit
1762 1370 1936 1401 similitudo
1959 1371 2218 1411 proportionalis,
2242 1378 2287 1408 ut,
2311 1373 2392 1403 sicut
2414 1383 2474 1414 po-

1409 1414 1496 1444 nitur
1518 1424 1678 1444 summam
1701 1415 1816 1445 habere
1839 1415 1987 1455 gratiam,
2011 1416 2054 1445 ita
2076 1416 2266 1456 ponendum
2288 1422 2336 1449 est
2358 1417 2474 1448 habere

1410 1467 1551 1488 summas
1575 1459 1697 1498 species
1721 1458 1851 1489 infusas.

1464 1503 1505 1533 Et
1528 1503 1553 1533 si
1577 1508 1747 1543 quaeratur
1776 1512 1833 1533 cur
1854 1503 1969 1543 gratia,
1993 1503 2095 1543 gloria
2125 1509 2156 1534 et
2177 1505 2257 1534 visio
2281 1505 2374 1536 beata
2404 1515 2474 1536 non

1407 1546 1635 1577 modificantur
1658 1552 1690 1577 et
1712 1547 1919 1577 articulantur
1941 1548 2029 1578 iuxta
2050 1548 2187 1578 modum
2210 1549 2388 1580 naturalem
2406 1550 2474 1580 ani-

1408 1600 1480 1621 mae
1503 1591 1672 1625 humanae,
1693 1591 1857 1621 seientiam
1873 1596 1980 1622 autem
1996 1591 2134 1622 infusam
2150 1592 2327 1623 modificari
2342 1595 2475 1633 ponitur

1408 1636 1442 1665 in
1464 1635 1567 1665 littera
1590 1634 1630 1665 ad
1652 1635 1830 1666 naturalem
1849 1635 1985 1665 modum
2009 1637 2132 1666 animae
2150 1637 2320 1672 humanae,
2345 1643 2376 1667 et
2399 1637 2472 1668 ideo

1408 1680 1530 1719 species
1554 1679 1622 1709 eius
1653 1678 1865 1719 intelligibiles
1896 1689 1963 1709 esse
1987 1679 2093 1710 minus
2117 1681 2326 1718 universales,
2358 1691 2394 1712 ac
2417 1692 2475 1722 per

1409 1724 1472 1753 hoc
1495 1723 1602 1753 minus
1624 1722 1780 1763 perfectas
1803 1732 1901 1762 quam
1924 1724 2046 1763 species
2069 1725 2273 1764 angelorum:
2297 1743 2320 1747 -
2342 1734 2475 1765 respon-

1410 1767 1552 1797 dendum
1576 1772 1632 1802 est,
1650 1776 1687 1797 ex
1711 1767 1921 1806 responsione
1945 1767 1984 1797 ad
2007 1768 2148 1807 primum
2170 1769 2203 1798 in
2227 1770 2360 1799 articulo
2385 1779 2475 1810 prae-

1409 1810 1545 1846 cedenti,
1563 1810 1653 1851 quod
1667 1810 1748 1840 visio
1765 1811 1856 1840 beata
1872 1816 1903 1840 et
1922 1811 2108 1841 huiusmodi
2124 1818 2198 1842 sunt
2214 1812 2253 1842 de
2270 1813 2381 1843 ordine
2398 1823 2475 1844 con-

1408 1855 1602 1885 naturalium
1626 1854 1686 1884 soli
1707 1854 1831 1884 divinae
1851 1860 1992 1890 naturae,
2009 1865 2045 1884 ac
2061 1865 2118 1895 per
2133 1856 2206 1892 hoc,
2224 1857 2476 1896 superexceden-

1408 1900 1490 1929 tium
1513 1898 1650 1929 modum
1674 1898 1907 1938 cuiuscumque
1929 1904 2061 1929 naturae
2085 1905 2223 1936 creatae;
2254 1906 2285 1930 et
2307 1908 2477 1941 propterea

1408 1953 1476 1973 non
1500 1943 1707 1973 articulantur
1733 1947 1787 1972 aut
1810 1941 2036 1973 modificantur
2067 1952 2104 1973 ex
2128 1943 2228 1974 modo
2252 1946 2386 1975 naturali
2410 1947 2476 1976 ani-

1408 1996 1480 2017 mae
1503 1987 1554 2017 vel
1578 1986 1691 2026 angeli.
1716 1986 1854 2016 Scientia
1878 1991 1985 2017 autern
2008 1986 2113 2017 infusa
2137 1994 2184 2018 est
2207 1987 2246 2018 de
2270 1989 2382 2020 ordine
2399 1999 2477 2020 con-

1408 2031 1602 2062 naturalium
1626 2031 1792 2066 creaturis,
1817 2031 1936 2060 scilicet
1966 2031 2086 2071 angelis
2115 2037 2146 2062 et
2169 2032 2334 2063 animabus
2362 2034 2477 2064 nostris

1408 2077 1443 2106 in
1465 2081 1548 2106 statu
1571 2075 1795 2115 separationis:
1828 2084 1864 2104 ac
1888 2084 1945 2114 per
1967 2076 2041 2111 hoc,
2067 2081 2114 2106 est
2136 2075 2176 2106 de
2199 2076 2312 2108 ordine
2341 2086 2477 2118 propor-

1407 2121 1606 2150 tionatorum
1628 2118 1729 2149 modo
1753 2119 1913 2149 humanae
1935 2125 2077 2150 naturae.
2105 2120 2146 2150 Et
2169 2126 2339 2160 propterea
2361 2123 2476 2153 merito

1408 2165 1540 2204 ponitur
1562 2164 1664 2203 ipsam
1688 2162 1866 2193 modificari
1890 2168 1921 2193 et
1944 2163 2143 2194 dearticulari
2172 2165 2259 2195 iuxta
2287 2172 2477 2197 connatura-

1409 2208 1474 2238 lem
1496 2207 1633 2238 modum
1655 2207 1815 2237 humanae
1839 2212 1987 2237 naturae:
2016 2217 2053 2238 ac
2076 2218 2134 2248 per
2157 2209 2236 2245 hoc,
2261 2215 2297 2239 ut
2319 2210 2352 2240 in
2374 2210 2477 2241 littera

1410 2252 1541 2288 dicitur,
1572 2251 1704 2291 ponitur
1727 2251 1849 2290 species
1872 2251 1971 2291 ipsius
2003 2261 2070 2282 esse
2093 2253 2200 2283 minus
2223 2254 2415 2285 universales
2446 2261 2478 2286 et

1407 2295 1662 2336 imperfectiores
1686 2304 1784 2335 quam
1804 2295 1870 2341 sint
1893 2296 2015 2335 species
2039 2296 2211 2336 angelicae.

1466 2340 1552 2371 Cum
1582 2349 1646 2380 qua
1676 2345 1784 2369 tamen
1814 2338 2058 2379 imperfectione
2089 2342 2267 2380 specierum
2298 2347 2358 2372 stat
2387 2342 2476 2383 quod

1408 2386 1541 2416 scientia
1563 2384 1668 2414 infusa
1690 2384 1816 2414 animae
1839 2383 1966 2420 Christi,
1991 2384 2100 2424 quoad
2123 2385 2323 2422 evidentiam,
2349 2387 2475 2417 certitu-

1408 2429 1526 2464 dinem,
1543 2427 1849 2468 multitudinemque
1866 2429 2081 2468 cognitorum,
2101 2429 2140 2459 sit
2158 2429 2329 2470 perfectior
2344 2431 2475 2461 scientia

1408 2472 1562 2514 angelica,
1587 2477 1718 2513 propter
1742 2472 1946 2502 excellentius
1970 2472 2090 2509 lumen,
2114 2478 2150 2503 ut
2173 2473 2369 2514 praedictum
2389 2480 2435 2504 est
2446 2475 2472 2505 ’ἢ

1464 2518 1516 2548 IV.
1542 2518 1577 2547 In
1601 2517 1812 2556 responsione
1843 2515 1883 2546 ad
1905 2515 2034 2546 tertium
2065 2517 2209 2548 eiusdem
2233 2518 2354 2548 articuli
2377 2519 2471 2555 sexti,

1408 2567 1487 2593 nota
1510 2560 1610 2602 quod,
1635 2561 1717 2590 sicut
1731 2560 1917 2590 Aristoteles
1932 2561 2041 2600 posuit
2055 2561 2072 2577 θ’
2096 2561 2135 2591 ad
2150 2561 2398 2592 intellectionem
2414 2572 2473 2592 no-

1409 2612 1506 2637 stram
1529 2614 1720 2636 concurrere
1745 2605 1812 2640 tria,
1836 2604 1957 2634 scilicet
1979 2605 2142 2635 obiectum
2166 2606 2199 2635 in
2222 2615 2278 2635 sua
2301 2606 2406 2646 specie
2425 2607 2472 2636 in-

1407 2650 1573 2690 telligibili,
1599 2654 1630 2679 et
1651 2648 1851 2679 intellectum
1873 2649 2060 2688 possibilem
2085 2650 2264 2680 elicientem
2284 2650 2472 2680 intellectio·

1408 2704 1495 2730 nem,
1520 2700 1551 2725 et
1573 2694 1685 2724 lumen
1707 2692 1886 2723 intellectus
1909 2694 2039 2732 agentis,
2065 2702 2130 2733 quo
2155 2694 2272 2724 clarent
2291 2693 2472 2724 immediate

1407 2739 1565 2780 principia
1588 2742 1619 2768 et
1641 2736 1702 2767 illis
1724 2736 1936 2766 mediantibus
1959 2737 2082 2777 reliqua
2105 2737 2306 2776 (concurrere
2323 2738 2472 2768 enimin-

1408 2783 1572 2814 tellectum
1596 2786 1743 2822 agentem
1766 2789 1833 2810 non
1856 2780 1963 2810 solum
1986 2780 2025 2811 ad
2040 2781 2276 2820 generationem
2292 2781 2471 2821 specierum

1407 2827 1666 2867 intelligibilium,
1690 2824 1746 2855 sed
1769 2825 1864 2854 etiam
1887 2824 1927 2854 ad
1950 2824 2127 2854 faciendam
2150 2821 2340 2854 evidentiam
2362 2826 2471 2865 cogni-

1407 2877 1527 2906 torum,
1540 2880 1578 2901 ex
1595 2879 1634 2900 eo
1650 2874 1737 2909 patet
1753 2868 1842 2908 quod
1857 2869 1935 2907 ipse,
1952 2873 1989 2898 ut
2003 2869 2108 2907 inquit
2122 2868 2289 2904 Averroes,
2306 2869 2339 2898 in
2354 2877 2471 2909 prooe-

1407 2917 1474 2946 mio
1491 2915 1530 2945 de
1545 2914 1663 2945 Anima
1678 2914 1704 2948 ἦ
1722 2918 1769 2942 θεῖ
1791 2921 1887 2941 causa
1909 2912 2083 2951 primarum
2106 2912 2376 2951 propositionum,
2396 2923 2471 2953 pro-

1409 2960 1461 2991 cul
1480 2959 1579 2989 dubio
1607 2956 1716 2998 quoad
1739 2955 1939 2990 evidentiam,
1964 2960 1995 2985 et
2018 2961 2251 2994 consequenter
2277 2956 2471 2997 reliquarum

1407 3003 1621 3034 mediantibus
1651 3001 1712 3030 illis
1741 2998 1881 3039 primis):
1913 2999 1955 3028 ita
1984 2998 2300 3038 proportionabiliter
2329 3001 2469 3038 Auctor,

1407 3056 1532 3088 ponens
1556 3045 1720 3075 scientiam
1744 3042 1862 3072 altioris
1885 3041 2003 3072 ordinis
2019 3042 2052 3072 in
2069 3043 2173 3073 anima
2188 3044 2337 3080 humana,
2362 3046 2471 3085 posuit

1407 3091 1529 3132 species
1553 3088 1670 3119 altioris
1693 3086 1822 3121 ordinis,
1847 3090 1878 3115 et
1900 3086 2009 3116 lumen
2033 3085 2151 3117 altioris
2171 3087 2299 3124 ordinis,
2323 3089 2382 3119 sub
2402 3099 2469 3129 quo

1408 3137 1489 3166 clare
1514 3136 1749 3172 cognoscantur
1772 3139 1808 3159 ea
1832 3139 1913 3169 quae
1937 3139 1994 3169 per
2009 3131 2130 3170 species
2146 3131 2265 3162 infusas
2288 3142 2470 3172 repraesen-

1407 3185 1521 3209 tantur.
1547 3177 1587 3206 Et
1610 3180 1788 3215 propterea,
1805 3179 1840 3203 ut
1855 3174 1888 3203 in
1904 3173 2006 3203 littera
2021 3174 2144 3211 dicitur,
2161 3175 2239 3206 illud
2255 3176 2364 3207 lumen
2380 3187 2470 3208 com-

1407 3231 1505 3253 mune
1529 3225 1575 3251 est
1598 3219 1749 3249 omnibus
1771 3217 1925 3253 revelatis,
1949 3218 2031 3248 sicut
2053 3219 2164 3250 lumen
2179 3220 2357 3251 intellectus
2374 3231 2469 3261 agen-

1406 3268 1455 3296 tis.
1480 3266 1520 3295 Et
1544 3269 1589 3294 est
1612 3262 1756 3293 medium
1767 3262 1824 3291 sub
1840 3268 1922 3302 quo‚'
1944 3263 2064 3301 species
2081 3269 2188 3294 autem
2204 3265 2406 3304 intelligibilis
2423 3271 2470 3296 est

1406 3309 1549 3340 medium
1573 3308 1605 3337 in
1629 3316 1692 3347 quo
1716 3315 1764 3336 res
1787 3311 2047 3345 repraesentatur.

2500 735 2508 743 '⁵
2524 733 2547 755 ln
2564 739 2670 761 corpore.

2501 2474 2576 2496 ⁸Art.
2589 2481 2612 2501 4.

2501 2568 2510 2577 ⁸
2524 2567 2560 2589 De
2572 2567 2656 2589 Anima
2669 2568 2710 2589 lib.

2499 2594 2538 2620 111,
2553 2599 2604 2621 cap.
2618 2600 2640 2622 v,
2655 2600 2678 2615 n.
2691 2602 2710 2620 ¹;

2499 2626 2549 2647 cap.
2573 2626 2614 2647 vn,
2639 2626 2661 2641 n.
2682 2627 2709 2649 3;

2499 2652 2710 2720 sssffthss÷1?;,in3

2499 2706 2512 2720 X
2545 2714 2550 2720 .

2498 2914 2509 2924 ·
2523 2913 2680 2935 Commenta.
