2872 3970
186 1082 196 1091 ⁸
210 1080 276 1102 Vera.
295 1088 300 1102 ι
306 1086 325 1107 5.

186 1455 197 1466 ⁴
210 1455 262 1477 Art.
280 1455 386 1482 praeced.

188 1991 198 2001 ⁴
213 1990 278 2011 Ver».
294 1990 316 2012 8.

188 2095 198 2104 ⁴
212 2094 294 2115 Lomb.

188 2250 198 2260 ⁸
214 2250 260 2276 Qu.
277 2255 307 2275 ιν,
322 2252 363 2270 art.
379 2254 399 2275 2,

187 2282 235 2303 arg.
246 2281 270 2302 2;
285 2281 324 2303 qu.
336 2281 349 2296 v
360 2281 400 2302 per

187 2307 230 2324 ῐοι.

190 2412 199 2421 ’
213 2410 248 2432 Cf.
263 2410 398 2432 Damnscen.

189 2437 219 2458 de
223 2436 352 2459 FideOrth.
359 2437 398 2458 lib.

188 2463 228 2490 111,
243 2469 292 2490 cap.
309 2469 338 2484 νι.

428 300 500 335 144

1132 288 1395 336 QUAESTIO
1424 288 1493 335 IX,
1527 289 1818 326 ARTICULUS
1846 289 1896 326 IV

1206 423 1524 467 ARTICULUS
1555 425 1826 477 QUARTUS

670 518 827 550 UTRUM
851 518 894 548 lN
919 517 1109 548 cnmsro
1134 517 1293 548 FUEmT
1316 516 1483 555 ALIQUA
1506 517 1707 548 selssNTiA
1730 517 2106 565 EXPEmMENTALls
2128 520 2364 559 ACQU1SITA

694 623 697 626 Α
738 595 812 627 Infra,
831 604 876 629 qu.
894 603 938 627 ιιι,
957 601 1004 621 art.
1025 601 1052 626 23
1072 602 1116 627 qu.
1135 603 1176 625 xv,
1195 600 1241 620 art.
1260 593 1290 624 8;
1309 594 1340 619 111
1361 595 1445 624 sent..
1466 594 1524 620 dist.
1542 601 1658 630 x1v‚¹art.
1679 593 1702 626 3,
1722 595 1771 628 qu·
1792 594 1815 627 5,
1834 595 1866 620 ad
1887 595 1916 626 3;
1940 597 1999 622 dist.
2017 604 2089 629 xvm,
2108 603 2155 624 nrt.
2175 597 2199 628 3.
2218 599 2249 623 ad
2270 597 2284 622 5
2291 606 2299 629 ;

1040 631 1082 655 De
1106 630 1193 660 Verit„
1213 637 1258 663 qu.
1277 638 1317 660 xx,
1335 635 1382 656 art.
1402 629 1425 661 3,
1445 631 1476 655 ad
1497 637 1526 661 1;
1548 630 1692 663 Compend.
1714 631 1814 661 steoL,
1834 638 1890 665 cap.
1909 639 1993 658 ccxvi.

451 726 521 786 Jffi-
546 735 616 780 ussai(
637 726 659 750 D
680 724 850 755 QUARTUM
870 724 922 748 stc
942 723 1176 749 paocsmrua.
1202 710 1363 748 Videtur
1381 710 1487 759 quod

457 754 677 826 vigit
698 765 850 802 Christo
870 777 950 801 non
977 764 1087 823 fuerit
1106 764 1233 823 aliqua
1253 763 1408 823 scientia
1426 775 1488 822 ex-

438 813 558 897 ig}
579 807 613 863 ἢ
638 817 894 868 perimentalis
923 825 1116 866 acquisita.
1155 817 1356 866 Quidqu1d
1385 828 1489 853 emm

482 883 495 898 Χ

559 878 579 905 )
594 862 626 906 K
639 870 791 908 Christo
820 870 1055 907 conveniens
1078 869 1157 917 fuit,
1178 868 1489 907 excellentissime

426 924 570 961 habuit.
601 924 677 961 Sed
707 923 880 960 Christus
908 935 988 960 non
1018 922 1150 960 habuit
1178 922 1489 959 excellentissime

426 976 622 1014 scientiam
659 976 904 1025 acquisitam:
944 987 1024 1012 non
1060 975 1164 1012 enim
1197 975 1326 1012 institit
1363 975 1489 1012 studio

426 1030 646 1075 litterarum,
672 1042 751 1078 quo
779 1028 1050 1078 perfectissime
1079 1028 1234 1065 scientia
1261 1029 1489 1078 acquiritur;

425 1082 563 1120 dicitur
591 1081 695 1119 enim
723 1083 826 1119 Ioan.
853 1094 899 1119 vn
917 1081 957 1118 *ε
987 1083 1231 1119 Mrabantur
1257 1082 1407 1129 Iudaei,
1438 1082 1490 1118 di-

425 1141 566 1173 centes.-
599 1135 793 1178 Quomodo
821 1136 881 1172 hic
907 1135 1044 1172 litteras
1069 1137 1153 1182 scit,
1182 1147 1267 1173 cum
1298 1147 1371 1172 non
1401 1134 1490 1172 didi-

425 1189 545 1226 cerit?
573 1189 674 1236 Ergo
702 1187 854 1226 videtur
881 1188 988 1237 quod
1017 1187 1056 1225 in
1086 1186 1237 1225 Christo
1272 1200 1353 1225 non
1380 1186 1491 1224 fuerit

426 1243 554 1292 aliqua
581 1241 736 1278 scientia
764 1240 959 1290 acquisita.

482 1307 515 1332 2.
546 1295 777 1340 PRAETEREA,
799 1294 833 1331 ei
861 1294 969 1343 quod
989 1301 1044 1330 est
1071 1295 1243 1343 plenum,
1264 1305 1344 1332 non
1367 1300 1491 1343 potest

427 1347 571 1398 aliquid
599 1346 817 1396 superaddi.
862 1347 938 1384 Sed
965 1346 1135 1396 potentia
1169 1346 1322 1384 animae
1352 1345 1491 1384 Christi

427 1401 495 1438 fuit
523 1400 679 1450 impleta
697 1412 767 1449 per
794 1400 940 1449 species
958 1399 1207 1448 intelligibiles
1234 1399 1416 1437 divinitus
1436 1398 1491 1436 in-

427 1454 534 1500 ditas,
555 1461 596 1490 ut
625 1453 770 1490 dictum
799 1460 853 1489 est
872 1452 901 1488 ³¹².
945 1453 1038 1489 Non
1067 1464 1156 1500 ergo
1191 1460 1401 1501 potuerunt
1428 1464 1491 1489 su-

426 1505 628 1556 pervenire
648 1505 730 1542 eius
749 1504 900 1542 animae
929 1504 1078 1554 aliquae
1098 1505 1244 1554 species
1272 1504 1489 1554 acquisitae.

483 1560 516 1596 3.
547 1560 779 1605 ΡιιΑΕτΕιιΕΑ,
800 1557 839 1594 in
858 1569 905 1595 eo
934 1558 1002 1607 qui
1021 1558 1098 1594 iam
1118 1557 1293 1595 habitum
1313 1557 1490 1595 scientiae

427 1612 552 1659 habet,
573 1624 642 1661 per
670 1623 715 1648 ea
743 1623 842 1660 quae
872 1623 893 1648 a
922 1623 1036 1647 sensu
1056 1610 1201 1660 accipit,
1222 1623 1302 1648 non
1331 1610 1490 1660 acquiri-

426 1674 488 1703 tur
507 1677 634 1702 novus
653 1663 817 1711 habitus,
838 1663 929 1713 quia
947 1664 1000 1701 sic
1019 1664 1119 1701 duae
1147 1664 1293 1701 formae
1317 1663 1491 1702 eiusdem

428 1718 567 1768 speciei
595 1717 710 1754 simul
738 1725 862 1754 essent
890 1716 929 1753 in
957 1717 1117 1754 eodem:
1148 1718 1216 1755 sed
1243 1716 1397 1755 habitus
1424 1717 1491 1767 qui

427 1771 533 1821 prius
561 1771 692 1813 inerat,
725 1770 978 1807 confirmatur
1005 1778 1040 1806 et
1068 1778 1238 1818 augetur.
1269 1771 1372 1808 Cum
1401 1782 1490 1819 ergo

429 1824 602 1861 Christus
630 1823 806 1860 habuerit
834 1822 1009 1860 habitum
1034 1822 1210 1860 scientiae
1239 1822 1390 1870 inditae,
1411 1835 1491 1860 non

427 1877 579 1914 videtur
606 1876 713 1925 quod
741 1888 811 1925 per
838 1888 883 1912 ea
911 1888 1010 1924 quae
1039 1887 1153 1912 sensu
1182 1875 1351 1925 percepit
1371 1882 1398 1923 α,
1426 1876 1490 1913 ali-

428 1943 547 1980 quam
575 1929 690 1967 aliam
718 1928 914 1966 scientiam
942 1928 1169 1978 acquisierit.

482 1984 555 2021 SED
584 1995 728 2020 CONTRA
757 1995 822 2019 EST
856 1982 963 2030 quod
990 1983 1088 2019 Heb.
1108 1994 1131 2019 v
1150 1982 1170 2003 ³¹³
1197 1981 1354 2019 dicitur:
1395 1983 1490 2020 Cum

427 2043 516 2074 esset
534 2037 649 2073 Filius
666 2036 749 2081 Dei,
769 2036 891 2072 didicit
917 2047 966 2072 ex
989 2036 1044 2072 his
1063 2047 1158 2084 quae
1170 2048 1302 2084 passus
1327 2041 1390 2081 est,
1410 2037 1491 2072 obe-

427 2091 623 2127 dientiam:
651 2089 787 2125 Glossa
805 2088 844 2124 *t
875 2088 974 2134 idest,
995 2094 1167 2137 expertus
1194 2094 1254 2125 est.
1285 2087 1373 2124 Fuit
1400 2100 1490 2136 ergo

426 2143 466 2180 in
505 2142 656 2179 Christo
685 2141 812 2190 aliqua
848 2140 1153 2190 experimentalis
1185 2140 1360 2178 scientia:
1391 2153 1490 2190 quae

427 2204 482 2234 est
511 2194 665 2232 scientia
694 2193 888 2244 acquisita.

480 2250 704 2286 RESPONDEO
739 2259 940 2284 DlCENDUMx
955 2247 1083 2296 quod,
1120 2246 1216 2284 sicut
1251 2259 1298 2284 ex
1326 2258 1443 2296 supra
1471 2246 1491 2269 ’¹‘

427 2301 535 2339 dictis
562 2309 674 2351 patet,
696 2300 790 2337 nihil
809 2312 947 2337 eorum
975 2313 1070 2350 quae
1087 2301 1188 2337 Deus
1216 2301 1253 2336 in
1281 2306 1406 2337 nostra
1427 2313 1489 2337 na-

425 2362 510 2392 tura
523 2356 717 2404 plantavit,
738 2353 856 2391 defuit
875 2354 1070 2391 humanae
1090 2361 1248 2390 naturae
1271 2361 1490 2403 assumptae

427 2421 449 2445 a
477 2408 606 2445 Verbo
634 2407 706 2444 Dei
725 2406 755 2443 ³¹².
798 2406 1046 2444 Manifestum
1075 2414 1130 2443 est
1157 2413 1287 2443 autem
1315 2407 1423 2455 quod
1451 2405 1489 2442 in

427 2463 599 2498 humana
628 2468 764 2498 natura
782 2460 888 2497 Deus
916 2459 1100 2509 plantavit
1120 2471 1201 2496 non
1229 2460 1356 2496 solum
1384 2459 1490 2496 intel-

427 2516 568 2551 lectum
603 2513 836 2563 possibilem,
858 2513 925 2550 sed
961 2512 1075 2549 etiam
1110 2512 1343 2549 intellectum
1377 2525 1490 2561 agen-

427 2577 517 2604 tem.
553 2567 664 2604 Unde
702 2578 857 2603 necesse
895 2574 950 2602 est
977 2565 1103 2602 dicere
1141 2566 1247 2614 quod
1285 2565 1324 2602 in
1361 2565 1490 2603 anima

428 2620 567 2658 Christi
587 2632 667 2657 non
687 2621 814 2656 solum
834 2618 1043 2655 intellectus
1070 2618 1271 2667 possibilis,
1287 2619 1355 2655 sed
1375 2618 1489 2656 etiarn

427 2674 636 2710 intellectus
664 2685 780 2721 agens
813 2671 934 2709 fuerit.
979 2671 1019 2709 Si
1051 2679 1182 2708 autem
1210 2671 1249 2708 in
1282 2671 1363 2708 aliis
1389 2673 1491 2709 Deus

427 2733 460 2763 et
489 2732 623 2764 natura
643 2726 734 2763 nihil
750 2726 900 2774 frustra
917 2726 1094 2773 fecerunt
1113 2723 1138 2771 β,
1159 2732 1201 2761 ut
1228 2724 1490 2775 Philosophus

291 2789 304 2803 v
324 2789 336 2803 Π
389 2793 399 2797 ·
428 2779 526 2826 dicit,
548 2779 587 2817 in
615 2780 694 2816 lde
722 2779 836 2816 Caelo
855 2785 888 2816 et
914 2778 1063 2816 Mundo
1082 2777 1112 2824 ²¹⁶,
1142 2778 1265 2814 multo
1294 2777 1423 2815 minus
1451 2777 1490 2814 in

189 2783 199 2793 ⁴
214 2783 245 2804 Ca
265 2789 288 2804 ,ι
306 2798 312 2809 ,
341 2798 344 2803 ,
373 2799 378 2803 .

189 2809 212 2830 S.
228 2789 272 2830 Tei.
288 2810 339 2830 lect.
355 2815 400 2830 νιιι.

427 2833 556 2870 anima
585 2832 725 2870 Christi
744 2831 888 2881 aliquid
915 2831 983 2868 fuit
1002 2831 1147 2867 frustra.
1178 2831 1333 2868 Frustra
1361 2839 1490 2868 autem

428 2894 483 2922 est
502 2886 608 2935 quod
628 2897 708 2923 non
728 2885 844 2922 habet
862 2883 1060 2934 propriam
1084 2883 1369 2933 operationem:
1399 2897 1490 2921 cum

429 2941 548 2976 omnis
576 2951 634 2976 res
660 2941 704 2976 sit
726 2944 882 2988 propter
906 2950 1014 2975 suam
1043 2939 1307 2987 operationem,
1333 2945 1375 2974 ut
1403 2937 1490 2974 dici-

303 3001 342 3020 ¹=¹¹
366 3002 403 3016 ¹··
428 3000 489 3029 tur
517 2992 555 3029 in
584 2993 613 3029 11
641 2993 687 3029 de
726 2992 839 3029 Caelo
868 2997 900 3028 et
927 2990 1075 3028 Mundo
1103 2990 1134 3027 ²¹⁸.
1174 2989 1334 3040 Propria
1360 2998 1488 3028 autem

190 2996 272 3042 §.mig
284 3001 339 3042 'lech
348 3012 350 3015 .
356 3027 386 3042 iv.

191 3179 207 3200 S
212 3154 275 3200 ,(όὲῐῐῇ.
290 3160 348 3201 ἴεεῗ
353 3161 383 3200 xi*

429 3045 599 3094 operatio
629 3045 838 3082 intellectus
866 3043 1010 3093 agentis
1039 3051 1094 3080 est
1111 3043 1233 3080 facere
1262 3042 1407 3093 species
1435 3043 1491 3081 in-

428 3097 635 3146 telligibiles
663 3106 760 3142 actu,
788 3097 1045 3135 abstrahendo
1074 3109 1138 3133 eas
1166 3109 1187 3133 a
1221 3096 1491 3146 phantasmati-

391 3164 401 3169 ·
430 3151 521 3187 bus:
551 3151 656 3187 unde
689 3151 826 3187 dicitur
854 3150 891 3187 in
921 3152 965 3187 III
993 3150 1039 3186 de
1055 3151 1195 3187 Anima
1213 3150 1234 3171 '¹‘
1252 3150 1359 3199 quod
1387 3149 1491 3187 intel-

429 3204 547 3240 lectus
575 3215 690 3251 agens
710 3211 764 3239 est
792 3216 863 3252 quo
891 3209 942 3240 est
970 3205 1096 3240 omnia
1113 3204 1260 3251 facere.
1291 3202 1354 3240 Sic
1381 3202 1492 3252 igitur

430 3267 584 3292 necesse
621 3263 675 3292 est
702 3255 827 3292 dicere
863 3256 970 3304 quod
998 3255 1036 3292 in
1067 3255 1218 3292 Christo
1246 3256 1399 3293 fuerunt
1427 3256 1490 3293 ali-

430 3321 529 3357 quae
556 3307 700 3357 species
719 3307 966 3355 intelligibiles
984 3320 1053 3356 per
1073 3307 1261 3346 actionem
1282 3308 1490 3346 intellectus

1543 711 1685 759 agentis
1705 711 1743 748 in
1763 711 1952 750 intellectu
1971 713 2140 766 possibili
2164 714 2246 752 eius
2274 725 2457 766 receptae.
2487 719 2606 766 Quod

1543 772 1598 801 est
1626 777 1708 801 esse
1737 764 1776 801 in
1805 765 1888 814 ipso
1909 765 2106 804 scientiam
2128 768 2364 817 acquisitam,
2385 782 2504 819 quarn
2523 771 2606 821 qui-

1543 817 1635 854 dam
1663 817 2002 866 experimentalem
2030 819 2242 858 nominant.

1597 871 1645 906 Et
1664 869 1763 917 ideo,
1784 871 1964 920 quamvis
1982 871 2088 909 aliter
2115 873 2203 910 alibi
2222 874 2242 896 *
2269 874 2485 925 scripserim
2504 882 2530 923 Υ,
2551 877 2606 914 di-

1543 923 1713 960 cendum
1728 931 1783 960 est
1802 923 1841 960 in
1857 924 2009 962 Christo
2029 924 2226 964 scientiam
2240 927 2465 977 acquisitam
2479 929 2605 967 fuisse.

1545 976 1657 1022 Quae
1685 975 1839 1026 proprie
1859 985 1914 1013 est
1932 977 2087 1015 scientia
2114 980 2329 1017 secundum
2353 982 2517 1019 modum
2535 983 2607 1020 hu-

1545 1040 1719 1076 manum,
1739 1041 1820 1066 non
1840 1031 1967 1067 solum
1986 1043 2033 1068 ex
2051 1039 2157 1081 parte
2177 1032 2390 1082 recipientis
2409 1033 2567 1072 subiecti
2580 1034 2605 1083 δ,

1545 1082 1612 1118 sed
1650 1081 1765 1119 etiam
1803 1094 1848 1120 ex
1885 1091 1991 1133 parte
2029 1095 2167 1121 causae
2204 1085 2366 1134 agentis:
2396 1098 2488 1125 narn
2525 1087 2607 1130 talis

1545 1134 1701 1172 scientia
1728 1135 1885 1185 ponitur
1903 1135 1942 1173 in
1972 1135 2124 1174 Christo
2147 1138 2363 1180 secundum
2391 1141 2523 1177 lumen
2550 1138 2606 1185 in-

1544 1189 1714 1225 tellectus
1741 1188 1885 1237 agentis
1903 1188 1941 1236 *,
1971 1190 2078 1239 quod
2106 1198 2162 1227 est
2195 1191 2390 1230 humanae
2418 1201 2576 1231 naturae
2594 1198 2607 1216 ⁸

1545 1243 1804 1278 connaturale.
1826 1241 1990 1279 Scientia
2009 1250 2140 1280 autem
2154 1242 2277 1282 infusa
2295 1245 2511 1284 attribuitur
2527 1246 2607 1284 ani*

1545 1305 1632 1331 mae
1648 1295 1842 1332 humanae
1857 1295 2073 1333 secundum
2090 1297 2222 1333 lumen
2237 1297 2404 1348 desuper
2417 1298 2605 1338 infusum:

1545 1346 1612 1396 qui
1640 1347 1782 1384 modus
1801 1347 2058 1396 cognoscendi
2085 1357 2141 1386 est
2158 1349 2470 1400 proportionatus
2497 1359 2606 1390 natu-

1545 1411 1608 1437 rae
1628 1401 1831 1449 angelicae.
1862 1400 2027 1438 Scientia
2045 1414 2138 1452 vero
2157 1403 2278 1451 beata,
2298 1415 2368 1453 per
2386 1416 2506 1454 quam
2523 1404 2606 1455 ipsa

1545 1451 1618 1489 Dei
1646 1453 1807 1491 essentia
1834 1453 1996 1501 videtur,
2022 1462 2077 1492 est
2103 1455 2260 1505 propria
2287 1464 2324 1494 et
2351 1457 2607 1496 connaturalis

1545 1505 1615 1542 soli
1643 1507 1747 1543 Deo:
1778 1514 1820 1543 ut
1847 1505 1887 1543 in
1915 1506 2044 1544 Prima
2071 1509 2182 1545 Parte
2201 1508 2221 1530 '¹‘
2248 1507 2395 1547 dictum
2423 1518 2488 1548 est.

1598 1559 1656 1595 Ao
1685 1571 1819 1596 patmum
1848 1571 1945 1596 ERGO
1980 1571 2161 1598 ῡιοΕΝουΜ
2190 1562 2317 1610 quod,
2347 1574 2438 1600 cum
2464 1564 2606 1614 duplex

1546 1610 1592 1647 sit
1629 1612 1770 1649 modus
1807 1611 2030 1660 acquirendi
2072 1612 2288 1661 scientiam,
2327 1614 2466 1653 scilicet
2502 1615 2606 1654 inve-

1546 1663 1689 1701 niendo
1718 1673 1755 1702 et
1773 1664 2020 1713 addiscendo,
2040 1666 2182 1703 modus
2201 1666 2268 1716 qui
2296 1675 2351 1704 est
2377 1680 2447 1718 per
2474 1668 2607 1712 inven-

1545 1717 1692 1754 tionem
1718 1725 1774 1754 est
1800 1717 2042 1767 praecipuus,
2063 1719 2206 1756 modus
2229 1728 2360 1758 autem
2379 1721 2446 1771 qui
2465 1729 2520 1760 est
2538 1733 2608 1772 per

1545 1770 1786 1819 disciplinam
1822 1778 1878 1808 est
1911 1770 2172 1809 secundarius.
2215 1773 2327 1811 Unde
2362 1774 2500 1812 dicitur
2525 1774 2566 1812 in
2593 1777 2607 1814 1

1545 1825 1661 1860 Ethic.
1683 1823 1722 1860 *ι
1751 1824 1822 1860 Ille
1849 1825 1994 1873 quidem
2014 1830 2064 1861 est
2091 1827 2248 1875 optimus
2275 1828 2339 1876 qui
2355 1826 2368 1852 ζ
2395 1829 2523 1866 omnia
2534 1839 2611 1880 per
2634 1835 2825 1885 geffano-⁷-

1544 1877 1702 1926 seipsum
1740 1876 1928 1927 intelligit:
1961 1878 2078 1914 bonus
2105 1884 2227 1915 autem
2261 1885 2295 1916 et
2327 1879 2389 1917 ille
2422 1882 2486 1931 qui
2516 1880 2609 1919 bene

1545 1930 1680 1966 dicenti
1705 1929 1854 1966 obediet.
1889 1930 1937 1966 Et
1965 1929 2052 1967 ideo
2082 1930 2234 1968 Christo
2262 1931 2384 1981 magis
2413 1941 2607 1984 compete-

1545 1983 1609 2020 bat
1643 1982 1784 2019 habere
1823 1981 2019 2020 scientiam
2056 1983 2281 2032 acquisitam
2315 1997 2384 2035 per
2420 1985 2607 2025 inventio-

1546 2048 1636 2072 nem
1656 2048 1775 2084 quam
1798 2047 1868 2084 per
1885 2035 2144 2085 disciplinam:
2174 2038 2397 2086 praesertim
2415 2051 2507 2076 cum
2525 2039 2607 2091 ipse

1545 2089 1699 2126 daretur
1717 2101 1740 2125 a
1759 2089 1843 2125 Deo
1872 2088 2054 2126 omnibus
2082 2089 2121 2126 in
2147 2090 2366 2139 Doctorem,
2391 2093 2606 2131 secundum

1545 2141 1637 2178 illud
1666 2142 1743 2178 Ioel
1770 2153 1791 2178 11
1809 2141 1849 2178 *ε
1880 2143 2091 2179 Laetamini
2107 2144 2144 2179 in
2173 2143 2336 2181 Domino
2360 2145 2441 2182 Deo
2468 2140 2608 2184 vestro:

1546 2197 1632 2244 quia
1660 2195 1755 2232 dedit
1782 2196 1884 2232 vobis
1910 2196 2111 2232 Doctorem
2140 2197 2304 2234 iustitiae.

1598 2249 1656 2285 Ao
1674 2260 1873 2286 sacuunum
1892 2260 2072 2286 mcaNDUM
2092 2249 2199 2298 quod
2219 2250 2391 2289 humana
2410 2263 2525 2290 mens·
2539 2251 2608 2292 du·
2641 2274 2643 2276 -

1545 2300 1684 2351 plicem
1713 2301 1841 2339 habetv
1855 2308 2083 2350 respectum.
2120 2302 2252 2339 Unum
2281 2302 2440 2352 quidem
2467 2305 2516 2342 ad
2543 2317 2607 2342 su-

1545 2354 1707 2404 periora.
1751 2354 1800 2390 Et
1827 2354 2043 2391 secundum
2070 2355 2176 2391 hunc
2211 2363 2448 2404 respectum,
2477 2356 2607 2396 anima

1547 2407 1686 2444 Christi
1713 2406 1782 2444 fuit
1814 2408 1929 2456 plena
1955 2419 2025 2461 per
2061 2406 2257 2445 seientiam
2284 2408 2455 2447 inditam.
2498 2409 2606 2448 Alius

1545 2468 1675 2497 autem
1704 2468 1897 2509 respectus
1925 2459 2007 2497 eius
2042 2467 2097 2497 est
2124 2459 2173 2497 ad
2201 2459 2398 2500 inferiora:
2435 2461 2532 2502 idest
2557 2464 2607 2502 ad

1544 2515 1828 2562 phantasmata,
1857 2525 1957 2562 quae
1994 2519 2083 2549 sunt
2116 2521 2205 2550 nata
2241 2526 2400 2552 movere
2434 2523 2606 2555 mentem

1545 2568 1759 2604 humanam
1778 2578 1848 2615 per
1865 2565 2044 2602 virtutem
2064 2565 2273 2618 intellectus
2294 2567 2449 2616 agentis.
2479 2569 2626 2619 Opor·.

1544 2619 1615 2657 tuit
1642 2627 1770 2657 autem
1808 2619 1914 2668 quod
1952 2618 2066 2656 etiam
2094 2620 2309 2657 secundum
2347 2622 2452 2658 hunc
2480 2633 2606 2673 respe-

1545 2681 1650 2710 ctum
1669 2672 1798 2710 anima
1818 2670 1957 2709 Christi
1976 2671 2131 2709 scientia
2150 2672 2390 2723 impleretur:
2411 2686 2492 2712 non
2511 2674 2605 2726 quin

1544 2726 1669 2775 prima
1687 2724 1885 2775 plenitudo
1905 2724 2024 2762 menti
2048 2725 2243 2764 humanae
2263 2727 2453 2765 sufficeret
2470 2723 2605 2767 secun-

1545 2779 1641 2816 dum
1669 2778 1855 2827 seipsam;
1885 2778 1951 2815 sed
1980 2779 2180 2827 oportebat
2212 2792 2296 2817 earn
2326 2779 2459 2830 perfici
2490 2781 2605 2821 etiam

1545 2831 1761 2869 secundum
1789 2831 2117 2880 comparationem
2139 2838 2157 2860 η
2185 2833 2234 2870 ad
2261 2834 2540 2883 phantasmata.

1598 2886 1655 2922 An
1682 2896 1839 2921 TERTIUM
1859 2896 2039 2922 mesanum
2059 2885 2165 2934 quod
2193 2885 2265 2923 alia
2284 2885 2378 2924 ratio
2397 2893 2453 2924 est
2470 2887 2519 2924 de
2537 2887 2604 2924 ha·

1545 2938 1626 2975 bitu
1646 2937 1841 2987 acquisito,
1867 2944 1903 2974 et
1930 2937 1977 2974 de
2005 2938 2138 2975 habitu
2157 2937 2294 2976 infuso.
2323 2939 2428 2977 Nam
2453 2937 2604 2977 habitus

1545 2990 1722 3029 scientiae
1745 2989 1954 3039 acquiritur
1971 3003 2041 3040 per
2063 2991 2392 3041 comparationem
2409 2992 2603 3030 humanae

1545 3043 1683 3082 mentis
1702 3044 1751 3081 ad
1770 3045 2056 3092 phantasmata:
2080 3044 2182 3082 unde
2205 3045 2420 3083 secundum
2439 3044 2603 3082 eandem

1546 3097 1733 3134 rationem
1753 3109 1832 3134 non
1860 3105 1985 3146 potest
2009 3097 2106 3134 alius
2125 3097 2277 3135 habitus
2295 3097 2427 3134 iterato
2445 3096 2601 3147 acquiri.

1547 3150 1623 3188 Sed
1660 3149 1811 3187 habitus
1839 3149 2015 3187 scientiae
2053 3149 2197 3188 infusae
2225 3157 2280 3187 est
2306 3148 2458 3187 alterius
2491 3150 2603 3188 ratio-

1545 3202 1614 3249 nis,
1644 3210 1776 3252 utpote
1805 3215 1827 3240 a
1855 3202 2041 3253 superiori
2075 3202 2310 3241 descendens
2347 3201 2386 3239 in
2419 3201 2602 3249 animam,

1546 3268 1626 3293 non
1653 3256 1870 3293 secundum
1895 3255 2184 3305 proportionem
2202 3255 2526 3305 phantasmatum.
2555 3257 2603 3294 Et

1546 3309 1633 3346 ideo
1653 3321 1733 3346 non
1761 3317 1815 3346 est
1835 3309 1971 3346 eadem
1990 3308 2084 3347 ratio
2112 3308 2159 3345 de
2179 3315 2342 3357 utroque
2366 3307 2498 3346 habitu
2517 3308 2547 3345 ⁵².

484 3418 510 3450 α)
529 3425 607 3443 sensu
623 3418 752 3450 percepit.
770 3432 789 3437 -
807 3417 827 3442 F
847 3423 871 3443 et
890 3417 975 3449 ῑεηίας
995 3425 1012 3442 a
1030 3426 1106 3444 sensu
1131 3421 1232 3452 accepit
1252 3421 1281 3450 D,
1301 3428 1318 3446 a
1336 3428 1413 3447 sensu
1431 3430 1491 3454 per—

431 3453 495 3485 cipit
513 3454 598 3478 ceteri.

485 3487 510 3519 β)
523 3489 656 3520 fecerunt.
676 3489 804 3522 —secerit
823 3489 854 3518 Α,
867 3489 977 3521 faciunt
997 3489 1078 3514 tertia.

484 3527 510 3555 γ)
529 3524 592 3548 alibi
610 3524 770 3555 scripserim.
788 3539 806 3542 —
825 3524 872 3548 alii
890 3524 1045 3555 scripserint
1064 3524 1092 3552 F.
1111 3525 1248 3556 scripserit
1266 3527 1331 3551 alibi
1350 3527 1366 3552 l.

484 3557 509 3591 ὃ)
530 3559 678 3590 recipientis
697 3560 814 3584 subiecti.
833 3573 851 3577 -
869 3559 978 3584 subiecti
997 3559 1145 3591 recipientis
1166 3560 1183 3584 F
1204 3567 1228 3585 et
1247 3562 1326 3587 tertia.

1598 3423 1620 3453 ε)
1640 3423 1772 3447 humanae
1789 3425 1910 3447 naturae.
1924 3435 1943 3440 -
1955 3421 2087 3446 humanae
2105 3420 2155 3453 pG,
2170 3420 2302 3446 humanae
2319 3421 2426 3446 animae
2438 3420 2484 3452 sG,
2497 3421 2604 3447 animae

1544 3458 1677 3482 humanae
1695 3463 1779 3483 cetera
1798 3458 1879 3483 tertia.
1934 3463 1936 3465 ’

1597 3492 1623 3524 ζ)
1642 3493 1695 3525 qui.
1712 3507 1732 3511 -
1751 3493 1769 3518 F
1789 3498 1814 3517 et
1832 3492 1918 3523 tei-tin
1937 3491 2008 3525 quia.
2025 3505 2045 3510 -
2063 3491 2113 3516 Pro
2131 3494 2165 3520 ee,
2186 3497 2279 3517 rursus
2296 3494 2323 3516 et
2341 3490 2431 3522 com,
2452 3499 2544 3518 rursus
2563 3496 2603 3518 est

1544 3528 1683 3557 editiones:
1703 3536 1750 3560 pro
1769 3527 1879 3556 obediet,
1898 3526 1988 3552 obedit
2005 3527 2046 3552 Pc.

1597 3562 1623 3595 η)
1642 3563 1876 3595 comparationem.
1889 3577 1907 3581 —
1915 3562 2058 3596 fortiorem
2073 3561 2108 3594 pl,
2122 3566 2149 3586 ut
2163 3569 2209 3586 nos
2223 3562 2255 3593 sl,
2269 3562 2504 3595 conformationem
2518 3569 2602 3588 cetera

1544 3597 1624 3622 tertia.

2634 884 2644 894 ·
2658 883 2690 906 ιιι
2702 882 2778 912 sm,
2796 896 2807 902 .,
2834 863 2835 866 ¹

2633 913 2821 966 {5123321
2834 950 2838 970 .-

2633 966 2676 985 ιη.
2690 968 2712 992 3,
2725 962 2755 986 ad
2767 969 2788 992 5.
2838 984 2839 990 ,

2730 999 2748 1026 γ
2804 1031 2829 1038 ,

2634 1513 2644 1523 ·
2660 1511 2707 1540 Qu.
2717 1517 2760 1540 ιιι,
2769 1515 2812 1535 ιη.

2712 1863 2832 1920 .÷eet.¹

2635 2150 2646 2161 ⁴
2659 2149 2726 2172 Vero.
2740 2155 2780 2179 ²³·
2823 2131 2830 2164 ““

2634 3296 2642 3305 ·
2657 3294 2683 3316 D.
2701 3299 2764 3324 ¹¹09·
2782 3285 2814 3318 n*

2633 3322 2692 3350 ¹¹³3·
