2872 3970
148 539 159 548 '
174 537 220 564 Qu.
237 543 262 563 n,
281 540 321 558 art.
342 544 348 558 ι

246 593 259 617 δ

249 701 259 717 Ε

156 1349 196 1397 ἱΙη
205 1354 252 1376 arg.
258 1347 306 1369 Sed
313 1353 367 1369 con-

166 1381 202 1397 ra.

164 2070 174 2080 ’
189 2069 209 2090 V
211 2075 254 2090 ers.
270 2075 307 2096 47.

167 2229 175 2238 ⁴
190 2228 257 2249 Vers.
273 2233 294 2254 7.

167 2385 178 2395 ¹·
191 2384 257 2405 Vei-s.
273 2389 308 2411 50.

172 2807 181 2815 ⁸
196 2805 261 2826 Vers.
277 2811 312 2833 39.

178 3229 188 3239 ·
202 3228 252 3249 Art.
268 3229 371 3256 praeced.

383 294 433 330 88
1112 291 1375 338 QUAESTIO
1404 291 1457 338 V,
1487 290 1779 328 ARTICULUS
1806 291 1837 326 Π

385 370 558 421 corporis
585 370 711 418 fieret,
741 371 848 420 quod
877 374 1062 420 repugnat
1090 369 1242 406 divinae
1271 367 1448 417 simplici·
1474 367 1478 406 l
1502 368 1627 414 titudo,
1647 370 1723 405 iam
1752 381 1826 405 non
1855 374 1943 405 esset
1961 369 2123 418 signum,
2143 367 2208 404 sed
2233 368 2312 416 ipsa
2341 378 2410 413 res,
2430 373 2472 403 ut
2489 366 2566 404 Da·
2851 405 2854 408 ‚

386 424 450 461 tati
479 431 514 460 et
533 423 704 473 puritati:
736 425 811 460 hoc
839 423 943 460 enim
963 430 1060 459 esset
1085 433 1280 459 assumere
1309 433 1449 470 corpus
1503 433 1707 458 mascenus
1736 419 1834 467 dicit,
1864 420 1903 457 in
1931 422 1976 457 III
2004 420 2101 457 libro
2120 419 2151 456 ⁹¹⁸.
2183 418 2429 456 Conveniens
2456 418 2568 467 igitur
2594 418 2806 474 fifflfffigggffgj
2855 438 2858 440 v

387 476 427 513 in
455 476 598 513 unitate
633 483 802 523 naturae,
831 476 939 525 quod
967 483 1022 511 est
1050 473 1304 523 impossibile,
1334 481 1376 510 ut
1404 485 1450 510 ex
1504 473 1573 510 fuit
1600 481 1642 509 ut
1670 472 1927 522 apparitiones
1945 473 2083 510 veteris
2102 471 2340 509 Testamenti
2367 477 2492 508 essent
2511 483 2568 508 se-

354 552 359 558 ·
389 541 505 578 supra
523 529 543 551 ’¹‘
572 529 678 566 dictis
706 537 819 578 patet.
860 528 953 574 Sed,
984 529 1089 564 salva
1117 525 1356 564 distinctione
1385 538 1451 562 na·
1505 526 1682 563 cundum
1700 525 1963 575 apparentiam
1982 533 2132 562 tantum
2147 524 2170 572 ζ,
2191 523 2302 574 quasi
2320 523 2484 572 figurae:
2506 535 2569 573 ap·
2692 533 2707 562 ζ

388 585 507 629 turae,
537 582 743 631 assumpsit
762 580 775 603 ὃ
804 581 843 617 in
862 580 1004 617 unitate
1033 590 1232 628 personae.
1506 577 1642 628 paritio
1662 585 1792 615 autem
1810 577 1895 615 Filii
1913 577 1983 615 Dei
2005 577 2044 615 in
2063 577 2213 615 mundo
2233 584 2331 614 esset
2354 577 2567 613 secundum

442 636 499 671 AD
527 646 686 672 TERTIUM
713 646 894 671 DICENDUM
923 632 1030 681 quod
1062 631 1186 679 figura
1220 631 1454 680 respondere
1507 630 1679 680 corporis
1693 629 1903 677 veritatem,
1919 630 2030 680 quasi
2049 643 2109 668 res
2127 630 2289 678 figurata
2303 629 2382 666 sive
2398 628 2570 676 signat-‘01³'¹
2693 637 2710 661 η

390 687 503 724 debet
522 692 534 708 Ξ
563 695 753 736 quantum
772 686 821 723 ad
840 684 1139 731 similitudinem,
1160 695 1240 720 non
1264 691 1455 732 quantum
1507 695 1577 733 per
1609 682 1689 720 illas
1722 682 1875 730 figuras.
1911 684 2023 720 Unde
2051 684 2276 732 Apostolus,
2310 682 2448 719 Coloss.
2485 693 2507 718 11
2532 680 2569 717 *z
2598 679 2688 702 ‘Vm
2705 685 2738 708 ¹⁷·

390 740 439 776 ad
468 739 522 776 rei
549 739 768 776 veritatem:
807 740 839 774 si
865 739 963 774 enim
986 750 1059 787 per
1087 738 1214 774 omnia
1242 742 1331 773 esset
1357 737 1454 772 simi·
1515 737 1620 778 Quae
1637 741 1720 772 sunt
1739 737 1873 773 umbra
1881 736 2118 784 futurorum,
2137 747 2271 785 corpus
2285 741 2407 772 autem
2426 734 2571 772 Christi.

443 873 469 907 ὃ)
488 873 641 905 assumpsit.
653 886 673 892 -
690 879 787 904 corpus
806 872 877 896 addit
893 871 975 897 tertia.
1562 869 1588 904 ζ)
1608 873 1722 896 tantum.
1735 884 1754 890 --
1772 870 1834 896 Om.
1854 870 1878 895 H
1897 875 1923 896 et
1941 870 2076 897 editiones.

444 909 466 943 ε)
486 908 647 940 respondere
665 908 748 933 debet.
761 922 780 927 -
799 907 875 932 debet
893 907 1054 939 respondere
1072 906 1113 931 rei
1132 906 1213 932 tertia.
1481 874 1485 940 i
1564 906 1591 940 η)
1610 906 1666 931 sive
1683 906 1802 939 signata.
1813 919 1833 924 -
1851 905 1913 931 Om.
1932 907 2014 932 tertia.

1068 982 1402 1020 Commentario.
1425 987 1677 1020 Cardinalis
1698 987 1899 1020 Caietani

453 1094 560 1114 nunus
583 1083 706 1114 articuli
727 1084 822 1124 primi
843 1084 945 1114 clarus
961 1089 1023 1114 est:
1048 1089 1079 1114 et
1100 1089 1232 1123 propter
1252 1083 1456 1114 Manichaeo-
1510 1083 1563 1113 illa
1579 1083 1814 1118 conditionalis,
1831 1083 1866 1113 Si
1873 1083 2010 1124 fefellit,
2027 1083 2147 1114 veritas
2162 1091 2227 1113 non
2244 1088 2311 1114 est:
2333 1087 2364 1114 et
2378 1083 2522 1123 loquitur
2537 1082 2576 1114 de

395 1095 525 1158 Trum
553 1137 693 1158 errorem
722 1133 845 1164 motus,
870 1133 905 1158 ut
928 1128 1025 1158 habes
1048 1128 1082 1158 in
1105 1128 1147 1158 IV
1173 1127 1299 1158 Contra
1323 1127 1456 1164 Gentes,
1512 1127 1650 1157 Christo.
1674 1127 1759 1157 Nota
1782 1133 1890 1157 autem
1913 1127 1976 1157 hoc
1999 1133 2131 1167 propter
2153 1132 2311 1158 vertentes
2333 1127 2367 1157 in
2383 1126 2518 1157 dubium
2537 1136 2578 1158 an

394 1182 462 1212 cap.
480 1182 561 1202 xxm.
1512 1171 1600 1202 Deus
1623 1172 1724 1211 possit
1746 1170 1863 1202 fallere.
1898 1171 1982 1201 Nam
2010 1171 2036 1201 si
2059 1170 2283 1202 conditionalis
2313 1170 2396 1201 dicta
2418 1176 2465 1201 est
2486 1180 2577 1207 vera,

448 1217 484 1246 In
500 1225 636 1256 corpore
652 1216 774 1246 articuli
793 1216 959 1246 conclusio
975 1217 1071 1246 unica
1087 1221 1142 1251 est,
1160 1216 1345 1256 responsiva
1360 1225 1458 1256 quae·
1511 1221 1598 1255 patet
1621 1215 1739 1246 solutio
1757 1215 1968 1255 quaestionis:
1995 1214 2085 1255 quod
2107 1215 2226 1245 scilicet
2248 1224 2315 1245 non
2331 1220 2438 1255 potest
2460 1214 2578 1252 fallere,

393 1261 454 1290 sito
478 1259 678 1296 affirmative,
703 1261 883 1300 praeposita
906 1261 1109 1296 auctoritate,
1135 1265 1166 1290 et
1188 1260 1321 1300 probata
1343 1260 1458 1300 triplici
1513 1260 1588 1299 quia
1610 1269 1679 1290 non
1702 1265 1809 1299 potest
1832 1269 1899 1290 esse
1921 1268 2034 1290 verum
2054 1258 2144 1299 quod
2167 1258 2263 1289 fallat.
2296 1259 2391 1297 Quia,
2408 1259 2434 1289 si
2457 1258 2579 1296 fefellit,

393 1305 526 1334 ratione.
552 1304 670 1334 Omnia
694 1304 776 1334 clara
799 1310 873 1334 sunt
896 1305 928 1334 in
951 1304 1063 1334 littera.
1512 1304 1625 1334 veritas
1654 1313 1723 1334 non
1747 1308 1802 1334 est.
1838 1303 1901 1334 Sed
1924 1308 1971 1333 est
1992 1303 2116 1333 veritas.
2152 1303 2237 1343 Ergo
2266 1312 2335 1333 non
2364 1302 2485 1334 fefellit.
2500 1321 2524 1326 -
2546 1301 2580 1334 Si

450 1348 535 1378 Nota
558 1349 622 1378 hoc
645 1349 678 1378 in
701 1348 776 1378 loco
801 1348 926 1378 allatam
942 1349 958 1364 *
982 1348 1154 1388 Augustini
1177 1348 1399 1378 auctoritatem
1423 1357 1461 1378 ex
1513 1347 1739 1378 conditionalis
1761 1353 1905 1387 negatur,
1929 1347 2130 1387 Augustinus
2152 1352 2297 1387 negatur.

394 1392 475 1422 libro
492 1392 765 1433 Octogintatrium
781 1391 1023 1428 Quaestionum.
1048 1392 1214 1430 Quoniam
1229 1393 1263 1422 in
1275 1401 1312 1422 ea
1327 1393 1461 1422 habetur

1164 1586 1484 1629 ARTICULUS
1514 1586 1816 1629 SECUNDUS

753 1689 910 1720 UTRUM
935 1688 1149 1720 CHRISTUS
1172 1689 1398 1720 HABUERIT
1422 1688 1592 1720 CORPUS
1615 1688 1831 1726 CARNALE,
1855 1689 1950 1720 SIVE
1973 1688 2230 1720 TERRESTRE

583 1777 658 1807 Infra,
678 1785 723 1809 qu.
740 1784 806 1805 xxxx,
825 1781 872 1802 art.
893 1783 915 1805 ι,
935 1777 967 1800 ad
988 1783 1017 1807 1;
1038 1777 1068 1800 111
1089 1776 1177 1805 Sem„
1197 1777 1255 1801 dist.
1273 1783 1301 1806 ιι,
1320 1784 1366 1809 qu.
1385 1784 1402 1807 1,
1421 1781 1468 1802 art.
1489 1777 1516 1805 3,
1536 1777 1586 1810 qu·
1607 1783 1634 1807 ¹3
1655 1777 1712 1803 dist.
1731 1785 1765 1808 xv,
1785 1785 1829 1810 qu.
1846 1784 1874 1808 n,
1894 1782 1940 1803 art.
1961 1783 1991 1808 1;
2008 1777 2043 1802 1v
2064 1778 2140 1803 Cont.
2161 1777 2248 1807 Geni„
2268 1785 2324 1810 cap.
2343 1785 2404 1810 xxx;

862 1811 1005 1843 Compend.
1028 1811 1125 1840 Theol„
1145 1819 1200 1844 cap.
1219 1819 1311 1842 ccvr113
1332 1812 1362 1836 In
1384 1811 1466 1842 Iooen„
1486 1820 1542 1845 cap.
1559 1820 1587 1843 11,
1607 1813 1664 1838 lect.
1683 1820 1705 1844 x;
1724 1812 1768 1837 Ad
1785 1812 1861 1844 Heb„
1881 1820 1937 1844 cap.
1954 1819 2008 1843 vin,
2029 1813 2086 1838 lect.
2105 1819 2122 1838 1.

522 1924 572 1953 ,αἱ
587 1924 590 1928 r
613 1913 635 1937 D
651 1911 840 1938 SECUNDUM
856 1911 907 1936 Sic
922 1899 1342 1944 PROCEDITUR.-Videtur
1361 1901 1469 1949 quod
1521 1902 1692 1948 caeleste,
1713 1900 1809 1937 sicut
1827 1901 1956 1950 posuit
1973 1901 2210 1938 Valentinus.
2233 1901 2335 1939 Cum
2355 1901 2460 1940 enim
2475 1908 2493 1924 ‘²
2510 1902 2585 1940 for·
2709 1909 2726 1927 α

438 1994 443 2002 ..
471 1951 479 1960 “
540 1952 589 2001 ¹⁴5.
616 1952 789 1990 Christus
822 1964 903 1989 non
935 1952 1112 1989 habuerit
1139 1964 1281 2002 corpus
1305 1955 1467 2000 carnale,
1522 1966 1587 1991 ma
1615 1953 1784 1990 hominis
1812 1954 1859 1990 sit
1885 1954 2079 2002 quaedam
2111 1965 2171 1990 res
2198 1954 2399 2002 naturalis,
2429 1955 2589 2005 requirit

457 2014 461 2017 ⁴
571 2004 695 2059 sive
724 2013 910 2051 terrestre,
939 2005 1007 2042 sed
1035 2007 1206 2042 caeleste.
1236 2005 1348 2042 Dicit>
1364 2005 1468 2042 enim
1523 2006 1816 2043 determinatam
1849 2006 2066 2054 materiam,
2095 2006 2234 2044 scil-icet
2261 2019 2394 2044 carnes
2422 2016 2459 2045 et
2486 2020 2584 2056 ossa,

456 2073 471 2086 m
492 2058 522 2085 Ἀ
539 2092 542 2093 ⁷
570 2052 835 2108 XApostoluS,
856 2059 870 2095 1
893 2059 980 2095 Cor.
1001 2071 1048 2095 xv
1062 2058 1100 2095 *ς
1124 2060 1275 2095 Primus
1293 2060 1404 2096 homo
1424 2059 1470 2095 de
1523 2071 1623 2108 quae
1643 2059 1682 2095 in
1702 2058 1871 2096 hominis
1890 2059 2113 2096 definitione
2131 2059 2226 2109 poni
2245 2067 2405 2110 oportet,
2423 2068 2466 2098 ut
2482 2065 2589 2111 patet
2851 2073 2857 2082 -’

402 2118 517 2158 terra,
536 2118 723 2148 terrenus.-
749 2111 930 2148 secundus
955 2112 1067 2148 homo
1090 2111 1135 2147 de
1153 2111 1269 2157 caelo,
1295 2112 1468 2150 caelestis.
1523 2124 1593 2161 per
1620 2111 1915 2161 Philosophum,
1945 2112 1985 2149 in
2011 2113 2077 2149 VH
2104 2114 2319 2162 Metaphys.
2338 2113 2359 2135 ²⁸
2560 2120 2562 2122 ’
2587 2128 2589 2131 ’
2612 2111 2854 2166 isisffli's,¹ifi','3ss‚ss

406 2165 481 2203 Sed
510 2164 659 2213 primus
687 2165 824 2211 homo,
854 2163 993 2200 scilicet
1020 2164 1165 2210 Adam,
1194 2164 1263 2201 fuit
1295 2164 1343 2201 de
1370 2171 1470 2201 terra
1578 2165 1780 2212 Secundo,
1815 2164 1906 2214 quia
1942 2165 2019 2202 hoc
2055 2164 2171 2202 etiam
2206 2165 2406 2215 derogaret
2439 2165 2539 2212 veri-
2572 2166 2595 2189 ’Τ
2612 2171 2645 2193 “”
2660 2170 2720 2192 ¹¹·²¹
2735 2165 2758 2188 ⁶·
2858 2169 2859 2172 ’

405 2225 595 2267 quantum
615 2217 663 2254 ad
682 2229 834 2266 corpus,
851 2224 893 2253 ut
909 2224 1011 2265 patet
1029 2217 1121 2254 Gen.
1137 2229 1159 2253 11
1172 2216 1203 2253 ³³².
1233 2218 1335 2264 Ergo
1356 2217 1470 2254 etiam
1524 2229 1663 2255 eorum
1700 2230 1800 2267 quae
1837 2217 2011 2255 Christus
2048 2217 2088 2254 in
2125 2229 2288 2267 corpore
2321 2218 2444 2266 gessit.
2482 2218 2591 2258 (ἰωὴ

405 2271 599 2307 secundus
627 2272 768 2316 homo,
798 2269 938 2306 scilicet
966 2269 1162 2316 Christus,
1191 2269 1260 2307 fuit
1289 2270 1337 2306 de
1365 2271 1470 2307 caelo
1525 2270 1630 2307 enim
1657 2283 1798 2320 corpus
1826 2272 1986 2308 caeleste
2014 2269 2060 2307 sit
2087 2270 2320 2320 impassibile
2348 2278 2385 2308 et
2416 2271 2596 2321 incer-iiii)

406 2331 597 2373 quantum
626 2324 675 2360 ad
703 2335 856 2372 corpus.
1524 2323 1665 2373 ptibile,
1686 2331 1729 2361 ut
1755 2323 1941 2374 probatur
1969 2323 2008 2360 in
2035 2324 2050 2360 I
2069 2324 2116 2360 de
2136 2324 2253 2362 Caelo
2267 2323 2299 2372 ⁸⁸¹,
2319 2323 2351 2360 si
2373 2323 2497 2376 Filius
2515 2324 2589 2371 Dei
2614 2308 2832 2370 ‘sffss3'*'‘⁰·⁴¹⁵·>'

2692 2347 2745 2369 ieet.
2752 2351 2781 2374 vt,
2787 2352 2832 2368 vn..

462 2388 496 2413 2.
527 2377 759 2421 PRAETEREA,
782 2377 796 2412 I
820 2377 906 2413 Cor.
927 2388 974 2413 xv
988 2375 1008 2397 ‘¹‘
1034 2375 1187 2413 dicitur:
1217 2377 1318 2413 Caro
1338 2381 1372 2412 et
1388 2387 1471 2412 san·
1525 2388 1668 2425 corpus
1695 2378 1854 2414 caeleste
1874 2375 2152 2426 assumpsisset,
2172 2388 2253 2414 non
2279 2387 2371 2415 vere
2397 2377 2593 2415 esuriisset

405 2431 490 2479 guis
518 2441 678 2478 regnum
709 2430 783 2466 Dei
813 2442 888 2466 non
911 2428 1160 2478 possidebunt.
1197 2429 1274 2466 Sed
1308 2440 1471 2476 regnum
1525 2441 1598 2466 nec
1621 2429 1780 2478 sitiisset,
1801 2441 1873 2466 nec
1892 2429 2008 2467 etiam
2025 2429 2248 2479 passionem
2266 2436 2303 2466 et
2320 2436 2488 2467 mortem
2507 2434 2590 2469 sus-

406 2482 479 2519 Dei
498 2481 754 2531 principaliter
772 2489 828 2518 est
846 2481 886 2518 in
906 2481 1070 2519 Christo.
1100 2482 1202 2529 Ergo
1222 2481 1262 2518 in
1280 2481 1364 2530 ipso
1391 2493 1471 2518 non
1525 2481 1710 2519 tinuisset.

407 2543 463 2572 est
490 2547 579 2572 caro
609 2543 645 2571 et
673 2534 843 2582 sanguis,
874 2534 941 2571 sed
969 2533 1091 2582 magis
1125 2546 1268 2583 corpus
1299 2535 1469 2571 caeleste.
1553 2552 1555 2554 ·
1578 2535 1722 2581 Tertio,
1743 2534 1858 2572 etiam
1873 2536 1949 2572 hoc
1967 2534 2124 2582 derogat
2136 2534 2284 2572 veritati
2298 2534 2463 2572 divinae.
2485 2535 2595 2582 Curnj

463 2588 497 2624 3.
528 2588 769 2634 PRAETEREA,
799 2599 917 2624 omne
953 2587 1061 2636 quod
1095 2594 1151 2624 est
1189 2586 1383 2636 optimum
1418 2594 1474 2623 est
1527 2588 1631 2624 enim
1651 2587 1770 2624 Filius
1788 2587 1860 2624 Dei
1888 2599 1928 2624 se
1957 2587 2173 2624 ostenderet
2191 2587 2417 2625 hominibus
2435 2586 2451 2617 β
2478 2588 2595 2638 quasi?
2713 2590 2728 2625 β

383 2675 386 2677 Α
408 2641 493 2678 Deo
513 2639 813 2677 attribuendum.
836 2640 913 2677 Sed
933 2639 1030 2676 inter
1048 2639 1181 2676 omnia
1204 2652 1368 2689 corpora
1389 2652 1472 2677 cor·
1527 2652 1669 2690 corpus
1688 2652 1873 2677 carneum
1893 2647 1929 2676 et
1946 2647 2143 2677 terrenum
2170 2640 2328 2687 habens,
2349 2640 2480 2679 fuisset
2497 2639 2594 2679 falsa

408 2706 482 2743 pus
510 2692 796 2731 nobilissimum
824 2701 880 2729 est
906 2694 1078 2730 caeleste.
1108 2693 1211 2740 Ergo
1239 2694 1312 2729 tale
1331 2704 1474 2742 corpus
1528 2693 1804 2730 demonstratio
1822 2692 1853 2730 si
1872 2704 2013 2742 corpus
2031 2694 2191 2730 caeleste
2206 2693 2414 2731 habuisset.
2434 2694 2483 2731 Et
2500 2693 2592 2739 ideo

410 2745 542 2783 debuit
571 2746 745 2783 Christus
773 2757 982 2783 assumere.
1527 2746 1566 2783 in
1603 2746 1699 2783 libro
1737 2747 1782 2783 de
1812 2746 2074 2783 Ecclesiasticus
2109 2747 2358 2796 Dogmatibus
2382 2746 2406 2769 ³*
2431 2745 2598 2784 diciturs-
2617 2748 2851 2805 bgvflffiffmff'

464 2800 537 2836 SED
553 2811 699 2836 CONTRA
713 2811 778 2836 EST
797 2798 906 2847 quod
924 2797 1118 2836 Dominus
1137 2797 1237 2845 dicit,
1252 2799 1347 2835 Luc.
1363 2799 1429 2835 ult.
1441 2798 1471 2835 *z
1527 2800 1650 2837 Natus
1676 2805 1727 2835 est
1753 2799 1869 2836 Filius
1895 2799 1969 2835 Dei
1993 2811 2148 2836 carnem
2176 2810 2226 2836 ex
2251 2801 2415 2850 Virginis
2432 2807 2592 2850 corpore

411 2853 565 2901 Spiritus
583 2864 737 2888 carnem
756 2858 789 2888 et
808 2864 890 2888 ossa
919 2864 994 2888 non
1013 2852 1132 2897 habet,
1150 2853 1242 2888 sicut
1262 2864 1322 2888 me
1348 2851 1475 2889 videtis
1527 2853 1687 2898 trahens,
1717 2857 1750 2888 et
1777 2864 1852 2888 non
1880 2851 1926 2888 de
1952 2852 2056 2889 caelo
2082 2863 2207 2889 secum
2234 2851 2407 2901 afferens.
2526 2867 2529 2870 ’

411 2906 558 2941 habere.
589 2905 690 2941 Caro
719 2912 905 2942 autem—et
924 2916 1011 2942 ossa
1038 2916 1119 2941 non
1144 2911 1233 2941 sunt
1251 2916 1298 2941 ex
1316 2904 1475 2941 materia
1582 2906 1639 2941 AD
1667 2916 1801 2941 PmMUM
1830 2916 1928 2941 ERGO
1955 2916 2137 2942 DtCENDuM
2165 2905 2273 2953 quod
2302 2903 2474 2942 Christus
2499 2902 2592 2942 dici·

412 2957 580 2994 caelestis
608 2957 795 3007 corporis,
825 2957 893 2994 sed
921 2969 968 2994 ex
995 2956 1237 2994 inferioribus
1265 2956 1473 2994 elementis.
1528 2965 1590 2994 tur
1617 2956 1818 3006 dupliciter
1845 2957 1892 2994 de
1920 2959 2026 2994 caelo
2055 2957 2307 2994 descendisse.
2340 2957 2428 2995 Uno
2447 2957 2589 3005 modo,

413 3011 514 3057 Ergo
543 3022 684 3059 corpus
705 3010 844 3047 Christi
862 3022 942 3047 non
962 3009 1030 3047 fuit
1049 3021 1190 3059 corpus
1218 3011 1388 3057 caeleste,
1408 3010 1475 3047 sed
1530 3010 1675 3047 ratione
1695 3009 1847 3047 divinae
1866 3017 2043 3047 naturae:
2073 3021 2154 3047 non
2181 3009 2232 3048 ita
2249 3009 2357 3060 quod
2375 3008 2505 3047 divina
2523 3021 2590 3047 na-

413 3074 598 3099 carneum
627 3070 663 3099 et
690 3071 897 3099 terrenum.
1529 3071 1615 3100 tura
1633 3075 1715 3099 esse
1736 3062 1775 3099 in
1794 3064 1899 3099 caelo
1925 3062 2102 3100 defecerit
2120 3068 2154 3109 *3
2183 3063 2251 3100 sed
2278 3061 2370 3112 quia
2387 3061 2427 3100 in
2446 3061 2590 3099 infimis
2714 3074 2731 3100 τ

467 3117 691 3152 RESPONDEO
728 3127 910 3153 DiCENDUM
948 3116 1055 3164 quod
1083 3116 1229 3154 eisdem
1265 3115 1476 3153 rationibus
1530 3127 1635 3153 novo
1664 3115 1784 3152 modo
1813 3127 1896 3153 esse
1923 3115 2060 3165 coepit,
2081 3114 2220 3153 scilicet
2238 3113 2454 3162 secundum
2481 3122 2590 3152 natu-

415 3175 574 3217 apparet
610 3179 728 3216 quare
766 3179 908 3216 corpus
945 3168 1084 3205 Christi
1121 3181 1202 3206 non
1229 3168 1361 3206 debuit
1395 3180 1476 3206 esse
1531 3180 1615 3206 ram
1633 3176 1888 3218 assumptam;
1910 3169 2126 3206 secundum
2145 3167 2237 3205 illud
2250 3168 2354 3205 Ioan.
2366 3163 2444 3204 111⁴:
2464 3167 2591 3206 Nemo
2617 3171 2628 3182 ⁸
2642 3169 2710 3193 νη·
2726 3175 2759 3199 ¹³*

415 3221 586 3266 caeleste,
607 3219 748 3268 quibus
768 3227 966 3256 ostensum
994 3229 1049 3258 est
1067 3221 1087 3243 ’¹‘
1115 3222 1222 3270 quod
1241 3233 1322 3259 non
1346 3221 1478 3259 debuit
1531 3222 1693 3259 ascendit
1711 3223 1748 3259 in
1769 3222 1913 3259 caelum
1941 3223 2013 3259 nisi
2038 3222 2102 3271 qui
2117 3219 2301 3259 descendit*
2324 3219 2370 3257 de
2395 3220 2512 3267 caelo,
2531 3221 2591 3257 Fi·

417 3284 498 3309 esse
527 3271 820 3321 phantasticum.
852 3272 982 3309 Primo
1002 3273 1117 3314 enim,
1138 3274 1234 3311 sicut
1257 3286 1337 3312 non
1356 3276 1477 3312 salva·
1531 3275 1600 3312 lius
1626 3275 1816 3320 Hominis,
1845 3276 1909 3324 qui
1933 3280 1983 3311 est
2011 3275 2048 3311 in
2076 3273 2191 3311 caelo.

418 3333 521 3362 retur
540 3324 676 3362 veritas
702 3325 896 3361 humanae
916 3332 1074 3362 naturae
1093 3325 1132 3362 in
1162 3327 1313 3364 Christo
1342 3327 1373 3364 si
1395 3339 1478 3364 cor·
1585 3327 1670 3365 Alio
1700 3327 1831 3372 modo,
1851 3326 1998 3364 ratione
2025 3324 2215 3375 corporis:
2244 3335 2325 3362 non
2344 3323 2434 3373 quia
2462 3323 2592 3374 ipsum

418 3389 491 3425 pus
523 3377 606 3415 eius
643 3385 740 3414 esset
776 3376 1078 3425 phantasticum,
1112 3386 1154 3415 ut
1190 3379 1319 3428 posuit
1353 3380 1478 3418 Mani·
1533 3392 1674 3430 corpus
1702 3379 1841 3417 Christi
1877 3378 2091 3417 secundum
2119 3389 2230 3415 suam
2258 3376 2508 3415 substantiam
2542 3378 2591 3415 de

419 3431 582 3475 chaeus3
621 3429 670 3467 ita
698 3428 812 3467 etiam
850 3441 930 3466 non
966 3430 1175 3467 salvaretur
1211 3431 1241 3468 si
1272 3441 1480 3482 poneretur
1532 3435 1638 3470 caelo
1658 3431 1914 3478 descenderit3
1942 3431 2010 3468 sed
2035 3429 2126 3480 quia
2147 3429 2286 3468 virtute
2313 3429 2475 3479 caelesti,
2496 3429 2592 3468 idest

475 3560 503 3592 α)
522 3560 601 3586 enim.
614 3575 632 3579 —
651 3562 683 3592 Ρ;
703 3569 755 3586 om.
776 3561 808 3591 H,
827 3568 892 3593 ergo
911 3561 951 3586 vel
972 3560 1057 3594 igitur·
1076 3561 1160 3586 ceteri.
1503 3563 1507 3627 Ι
1585 3564 1612 3597 γ)
1632 3564 1764 3597 defecerit,
1776 3578 1796 3583 -
1813 3564 1946 3597 defecerat
1964 3563 2001 3593 bc,
2021 3561 2129 3588 desierit
2148 3561 2198 3588 PF.

475 3595 501 3629 (z)
521 3596 670 3621 ostenderet
689 3596 845 3621 hominibus.
857 3611 876 3615 -
894 3595 1042 3621 hominibus
1061 3596 1206 3621 ostenderit
1225 3597 1304 3623 tertia.
