2872 3970
126 366 164 419 ²}
198 373 358 410 occurrit
378 386 397 404 «
413 372 508 408 hora
521 382 726 420 parasceve
743 375 847 407 sexta
864 385 897 416 »,
917 372 1116 407 secundum
1142 373 1254 408 Ioan-

126 422 164 486 ζ
199 431 306 469 nen&
331 429 365 460 et
395 439 414 457 «
430 425 525 461 hora
552 423 625 460 diei
650 424 755 460 tertia
772 438 806 468 »,
834 423 1035 460 secundum
1062 426 1254 461 Marcum.

128 523 171 566 ²1⁷
197 535 352 581 peccato
385 527 575 577 scriptoris
598 527 780 576 contingit
796 527 902 577 apud
918 528 1090 565 Graecos
1103 526 1134 564 ⁰:
1164 540 1255 565 nam

131 580 340 630 »figurae
367 579 508 630 quibus
540 580 609 618 tria
637 588 672 616 et
699 593 764 617 sex
797 588 1139 630 repraesentantur,
1169 581 1256 618 satis

129 627 172 683 ’ἐξ
197 641 286 673 sunt
310 632 552 683 propinquae
579 633 683 682 apud
712 644 791 669 eos.

137 685 159 704 '²²
179 695 183 710 ³
203 701 218 718 ··
231 686 306 732 ,An
323 696 484 724 'reanum
499 697 682 723 memnon
701 686 819 734 quod,
830 685 930 722 vsicut
947 685 1110 722 dicitur
1100 697 1141 723 m
1159 685 1255 723 libro

270 738 419 783 Quaest-
445 737 547 776 Νον.
575 743 609 775 et
643 738 717 776 Vet.
751 739 843 775 Test.
863 738 894 785 ²¹⁸,
922 744 1010 774 tunc
1039 738 1153 776 voluit
1178 739 1255 775 Do·

241 788 318 842 :nm
345 791 520 841 passione
549 802 617 827 sua
651 790 832 827 mundum
868 791 1050 828 redimere
1077 797 1110 827 et
1137 791 1255 839 refor-

281 855 312 890 ε,
331 843 488 893 quando
516 855 600 880 eum
628 849 830 890 creaverat,
850 843 939 880 idest
956 845 994 880 in
1014 845 1254 904 aequinoctio.

232 940 237 948 .
264 901 355 943 tunc
372 895 448 934 dies
465 907 576 946 super
594 902 738 933 noctem
762 897 949 933 increscit:
975 898 1062 946 quia
1083 908 1157 946 per
1169 908 1255 946 pas-

230 952 238 996 ζ
277 949 337 986 em.
356 948 566 988 ,Salmtoris
583 961 607 986 a
625 950 783 986 tenebris
801 949 851 986 ad
867 948 987 985 lucem
1001 949 1254 998 perducimur.

220 1061 314 1092 entu
349 1052 508 1100 Christi,
551 1052 639 1090 ideo
677 1061 830 1102 tempus
870 1053 1029 1090 secundi
1068 1055 1256 1091 advenms

237 1105 325 1151 ‚tati
361 1114 625 1155 comparatur,
651 1107 789 1143 Matth.
825 1118 908 1144 xxtv
926 1106 965 1153 *,
998 1106 1066 1143 ubi
1101 1106 1255 1144 dicitur.

247 1160 249 1162 ’
328 1169 456 1197 ramus
483 1160 559 1196 eius
586 1161 662 1196 iam
697 1165 800 1202 tener
822 1160 943 1207 fuerit
968 1165 1004 1196 et
1020 1159 1122 1208 folia
1150 1165 1256 1206 nata,

229 1287 272 1332 5..)
289 1289 424 1322 contingit
441 1289 515 1321 φησί
534 1289 660 1314 Graecos.
673 1302 693 1307 —
705 1289 780 1321 apud
800 1289 918 1314 Graecos
935 1269 1051 1321 contigit
1069 1287 1213 1322 (contingit
1227 1288 1257 1323 Ρ)

330 1552 531 1584 εοηκηίεητί
561 1557 705 1593 tempore
728 1561 856 1593 passus.
890 1552 1046 1583 Probatur
1079 1544 1256 1592 dupliciter.

872 291 1138 338 QUAESTIO
1167 293 1306 339 XLVI,
1334 293 1628 331 AR‘rlcULUS
1655 294 1707 330 lx

252 999 362 1051 -quia
387 1000 552 1051 perfecta
575 1000 800 1038 illuminatio
830 1000 898 1038 erit
925 1001 964 1038 in
992 1002 1163 1038 secundo
1192 1001 1262 1050 ad·-

2290 309 2367 346 449

1309 373 1405 408 scitis
1433 374 1518 421 quia
1540 384 1662 433 prope
1689 378 1739 409 est
1766 379 1894 410 aestas.
1923 375 1982 410 Ita
2011 380 2043 410 et
2069 387 2145 421 vos,
2166 387 2250 412 cum
2273 376 2369 413 vide-

1311 425 1388 460 ritis
1414 426 1506 462 haec
1533 427 1670 470 omnia,
1699 426 1822 462 scitote
1850 427 1935 474 quia
1957 439 2078 476 prope
2105 433 2155 463 est
2173 434 2231 464 et‘
2251 430 2288 464 in
2317 431 2369 466 ia-

249 474 420 524 Quidam
447 483 577 512 tamen
605 475 736 512 dicunt
755 475 861 524 quod
881 476 977 512 haec
995 475 1190 513 diversitas
1210 488 1255 512 ex
1312 478 1403 513 nuis.
1433 477 1482 514 Et
1507 485 1599 514 tunc
1618 477 1732 514 etiarn
1752 477 1820 514 erit
1838 478 2006 515 maxima
2026 479 2163 516 Christi
2183 481 2367 518 exaltatio.

1364 530 1421 566 AD
1450 541 1621 572 QUARTUM
1652 542 1833 567 111οΕΝοοΜ
1861 531 1967 579 quod
1997 531 2169 568 Christus
2197 532 2236 569 in
2265 533 2368 570 iuve-

1311 581 1376 618 nili
1396 589 1514 619 aetate
1534 582 1611 631 pati
1629 582 1751 619 voluit
1768 590 1925 632 propter
1943 583 2022 620 tria.
2049 584 2178 621 Primo
2199 585 2367 633 quidem,

1311 642 1353 670 ut
1372 646 1418 671 ex
1437 635 1512 671 hoc
1531 634 1651 683 magis
1671 647 1783 672 suam
1802 635 2044 672 dilectionem
2068 638 2367 683 commendaret,

1311 687 1418 736 quod
1445 686 1564 724 vitam
1600 699 1711 724 suam
1738 699 1809 736 pro
1838 688 1949 725 nobis
1977 689 2080 725 dedit
2107 690 2263 738 quando
2292 698 2369 727 erat

1311 738 1350 775 in
1377 739 1650 788 perfectissimo
1679 747 1787 777 statu.
1804 762 1829 766 —
1849 741 2042 788 Secundo,
2063 742 2153 791 quia
2179 754 2260 779 non
2279 755 2368 779 con-

1310 791 1488 828 veniebat
1515 800 1557 829 ut
1584 792 1623 829 in
1651 804 1698 829 eo
1727 801 1925 842 appareret
1958 801 2115 831 naturae
2147 794 2368 841 diminutio,

1311 843 1408 881 sicut
1426 856 1496 881 nec
1514 845 1686 891 morbus,
1706 852 1749 882 ut
1767 858 1883 895 supra
1896 845 1916 867 ²¹⁶
1943 845 2088 886 dictum
2108 854 2173 884 est.
2194 869 2219 873 —
2238 847 2368 885 Tertio

1311 904 1363 943 ut,
1380 896 1419 933 in
1447 897 1603 934 iuvenili
1630 905 1749 934 aetate
1777 897 1946 935 moriens
1974 906 2010 935 et
2037 911 2246 948 resurgens,
2270 900 2368 938 futu-

1311 961 1392 986 ram
1423 949 1700 998 resurgentium
1728 950 1947 1000 qualitatem
1974 951 2014 988 in
2042 951 2167 1001 seipso
2195 952 2369 990 Christus

1309 1010 1640 1051 praemonstraret.
1669 1003 1780 1040 Unde
1809 1003 1945 1040 dicitur
1970 1006 2092 1054 Ephes
2120 1017 2153 1041 ιν
2172 1004 2210 1042 *z
2239 1006 2369 1042 Donec

1310 1066 1551 1091 occurramus
1576 1068 1702 1092 omnes
1730 1057 1766 1092 in
1796 1058 1969 1093 unitatem
1986 1057 2085 1104 fidei
2110 1063 2142 1093 et
2170 1059 2369 1107 agnitionis

1311 1107 1398 1144 Filii
1414 1108 1496 1153 Dei,
1516 1109 1553 1144 in
1577 1109 1699 1146 virum
1713 1109 1932 1157 perfectum,
1953 1111 1989 1146 in
2010 1122 2223 1147 mensuram
2242 1112 2369 1159 aetatis

1305 1159 1543 1209 plenitudinis
1574 1161 1718 1197 Christi.

1367 1287 1386 1323 ι)
1405 1292 1439 1315 et.
1457 1303 1477 1308 —
1492 1289 1556 1314 Om.
1575 1289 1605 1314 F.

870 1418 1203 1452 Commentariis.
1225 1418 1477 1454 cardinalis
1500 1420 1699 1452 Caietani

1309 1552 1442 1582 Veneris
1465 1551 1562 1583 fuisse
1585 1553 1889 1593 quintamdecimam
1912 1554 2032 1584 lunam.

147 1533 172 1555 3
190 1495 362 1637 Kos
383 1507 495 1538 clarus.
517 1526 542 1530 -
571 1508 608 1538 In
637 1517 772 1548 corpore
802 1518 867 1539 una
895 1509 1076 1539 conclusio:
1112 1508 1258 1540 Christus
1310 1517 1348 1539 ex
1371 1508 1570 1548 expositione
1586 1509 1776 1540 Doctorum.
1801 1509 1897 1550 Igitur
1912 1508 2077 1540 fatendum
2094 1516 2140 1541 est
2162 1511 2267 1551 ipsum
2285 1511 2369 1543 diem

137 1560 140 1563 ’
166 1557 170 1560 ⁴
249 1557 302 1586 ut

153 1604 187 1631 ⁴5:
334 1595 444 1626 Passio
466 1595 586 1626 Christi
607 1597 750 1627 subiecta
765 1602 831 1627 erat
845 1597 914 1627 eius
928 1597 1096 1627 voluntati.
1119 1597 1216 1636 Ergo.
1235 1615 1257 1619 -

141 1635 179 1688 ἐξα
163 1632 349 1720 {waharm-
378 1641 619 1691 consequentia.
654 1638 740 1678 Quia
765 1641 912 1671 voluntas
943 1640 1061 1671 Christi
1090 1641 1257 1681 regebatur

226 1683 300 1715 v'ina
322 1684 476 1727 sapientia
497 1684 640 1715 suaviter
663 1685 771 1715 omnia
795 1684 990 1725 disponente.

242 1726 411 1764 Se‚cund0
435 1728 622 1758 auctoritate
644 1728 826 1768 Augustini.

154 1777 159 1786 ’
224 1770 288 1803 11
311 1772 348 1802 In
362 1772 573 1823 responsione
596 1771 635 1802 ad
658 1773 808 1812 primum,
824 1778 902 1802 nota
925 1771 1014 1812 quod
1033 1771 1180 1803 moderni
1195 1772 1255 1802 La-

206 1814 216 1824 ”
243 1816 250 1824 ‘
267 1815 372 1848 adhuc
386 1825 455 1847 non
472 1817 641 1856 quiescunt
658 1817 741 1847 circa
758 1822 895 1856 quotum
911 1817 1006 1847 lunae
1022 1816 1107 1847 diem
1126 1815 1256 1856 quando

264 1861 341 1891 'stus
363 1865 510 1891 mortuus
524 1866 583 1890 est.
594 1859 792 1900 Adduntque
807 1869 903 1900 super
919 1865 1103 1900 argumenta
1114 1859 1256 1893 Graeco-

284 1905 481 1936 sanctitatem
499 1903 563 1934 diei
578 1903 808 1944 quintidecimi.
831 1904 914 1935 Nam
931 1903 1165 1944 quintadecima
1180 1903 1255 1934 luna

229 1946 279 1980 'us
300 1948 419 1979 mensis
442 1953 507 1978 erat
530 1948 670 1984 celebris,
694 1949 736 1978 ita
759 1947 849 1988 quod
872 1948 953 1978 nihil
972 1948 1078 1988 operis
1101 1953 1166 1978 erat
1188 1948 1255 1978 lici-

143 2007 181 2030 :22
203 2028 227 2029 ⁷,
283 1992 322 2023 in
335 2000 384 2028 ea,
401 1991 540 2032 exceptis
562 1991 612 2022 his
634 2001 717 2032 quae
739 1992 783 2022 ad
805 1991 993 2023 vescendum
1011 1997 1095 2028 sunt,
1112 1997 1148 2022 ut
1171 1997 1256 2032 patet

189 2034 302 2072 wod.
318 2039 362 2067 im
374 2037 403 2067 '.
427 2035 562 2067 Constat
584 2041 692 2066 autem
714 2037 748 2066 in
770 2036 824 2066 illa
838 2034 916 2066 feria
931 2041 1016 2066 sexta
1032 2045 1096 2076 qua
1112 2036 1255 2066 Chn‘stus

269 2089 306 2111 us
329 2085 392 2117 est,
415 2080 501 2110 licita
523 2079 619 2110 fuisse
648 2089 746 2120 opera
770 2089 852 2120 quae
874 2081 908 2110 in
931 2078 1018 2110 festis
1041 2079 1175 2110 fuissent
1196 2079 1256 2109 illi-

242 2161 246 2163 ,
265 2135 275 2156 2
296 2123 342 2162 sut
362 2128 450 2165 patet
477 2130 548 2154 tum
571 2133 609 2154 ex
632 2124 784 2163 operibus
806 2123 1014 2160 Iudaeorum,
1039 2124 1096 2163 qui
1125 2123 1181 2155 illo
1206 2122 1256 2153 die

151 2166 162 2171 ”
186 2166 358 2203 &dales
373 2167 462 2199 actus
475 2169 510 2198 in
526 2167 688 2198 Christum
705 2173 915 2198 exercuerunt
929 2169 963 2185 ⁴*-
957 2173 1059 2203 ‚tum
1078 2177 1116 2198 ex
1135 2168 1256 2198 actibus

181 2236 196 2246 ,ν
289 2212 312 2244 11
326 2217 359 2243 et
372 2211 553 2248 Nicodemi‚
570 2211 626 2252 qui
648 2212 840 2252 sepelierunt
856 2210 1019 2242 Christum
1034 2213 1061 2247 “‚
1086 2210 1175 2252 quod
1190 2220 1256 2241 non

152 2247 292 2294 ffisse
313 2256 438 2287 licitum
460 2256 592 2286 sabbato
615 2261 701 2295 patet
724 2265 762 2286 ex
785 2265 826 2286 eo
850 2255 940 2296 quod
961 2261 1092 2296 propter
1113 2264 1258 2306 parasce—

165 2297 258 2333 l-ven
285 2300 431 2332 festinata
459 2300 622 2340 sepultura
645 2305 707 2335 est,
731 2305 768 2330 ut
796 2299 995 2340 Augustinus
1023 2300 1147 2330 notavit
1161 2300 1195 2335 ὓ,
1227 2304 1259 2329 et

150 2324 237 2382 ξ’·ῗῗϊῑ
257 2352 298 2376 eo
321 2343 413 2385 quod
432 2344 583 2375 mulieres
605 2349 733 2374 sanctae
755 2344 886 2374 sabbato
908 2353 944 2374 se
967 2344 1196 2374 continuerunt
1218 2344 1257 2373 ab

328 2389 412 2419 cirea
432 2387 598 2420 Christum
620 2389 826 2428 sepultum*.
850 2386 944 2419 Unde
966 2387 1080 2418 volunt
1094 2387 1191 2418 verba
1208 2387 1258 2418 Io-

143 2462 148 2472 ‚-
174 2459 196 2473 A„
307 2431 576 2472 Evangelistae‚
543 2432 560 2448 ⁴*
597 2432 685 2462 Erat
712 2437 820 2462 autem
843 2441 1022 2472 parasceve
1043 2431 1195 2467 Paschae,
1220 2430 1258 2461 ad

166 2479 170 2489 ²
183 2432 334 2509 fflam
353 2475 488 2516 intelligi
511 2475 601 2516 quod
623 2481 688 2506 erat
711 2475 817 2516 vigilia
839 2475 988 2506 Paschae.

155 2522 167 2536 ²¹*
250 2519 304 2552 111.
327 2519 380 2551 Ad
402 2519 594 2551 evidentiam
616 2520 722 2556 huius,
742 2518 1009 2550 considerandum
1025 2525 1071 2550 est
1087 2519 1176 2560 quod
1191 2529 1258 2550 non

133 2563 312 2598 mlum
324 2569 412 2595 certa
432 2564 560 2595 incertis
589 2563 817 2604 praeponenda
839 2569 933 2599 sunt,
957 2563 1012 2594 sed
1039 2573 1077 2593 ex
1101 2564 1192 2594 certis
1223 2573 1260 2593 ea

139 2608 177 2641 ²
191 2607 286 2650 q‘hne
302 2608 453 2648 ambigua
473 2607 623 2639 videntur
644 2607 880 2658 interpretanda
897 2612 985 2637 sunt.
1011 2612 1042 2638 et
1065 2617 1131 2638 non
1147 2617 1166 2637 e
1181 2616 1259 2637 con-

140 2671 155 2683 -,
197 2652 255 2685 tra.
277 2651 439 2690 Quocirca
461 2651 618 2683 certitudo
642 2652 758 2692 scripta
780 2661 798 2682 a
821 2651 920 2682 tribus
943 2651 1162 2702 Evangelistis‚
1179 2651 1259 2682 Mat-

155 2692 305 2745 ssiam,
322 2696 432 2728 Marco
457 2701 490 2727 et
510 2696 609 2732 Luca,
625 2695 665 2726 de
677 2696 788 2736 primo
804 2695 856 2726 die
868 2705 1078 2736 azymorum,
1095 2696 1151 2746 qui
1167 2696 1260 2735 quin-

158 2743 193 2762 -“
291 2738 299 2748 '
335 2749 354 2770 a
374 2740 453 2771 luna
475 2745 532 2776 est,
557 2739 646 2781 quod
671 2740 791 2771 scilicet
813 2739 873 2770 fuit
895 2739 961 2770 dies
984 2739 1116 2770 Veneris
1140 2740 1173 2769 in
1197 2749 1260 2790 qua

151 2794 188 2821 ;τ-
261 2816 266 2820 s
288 2816 291 2818 μ
365 2792 476 2824 passus
499 2789 556 2819 est,
581 2783 675 2814 debet
697 2784 852 2824 praeponi
867 2784 1004 2819 incertis,
1020 2783 1083 2813 hoc
1103 2789 1159 2819 est,
1176 2783 1260 2813 varie

143 2825 434 2875 ,expombihbus
455 2828 559 2858 verbis
583 2828 710 2858 Ioannis
732 2827 967 2868 Evangelistae.
992 2837 1060 2857 non
1084 2826 1192 2867 quoad
1206 2837 1260 2857 ve-

194 2867 323 2905 finan
352 2876 386 2902 et
413 2871 600 2908 falsitatem,
625 2872 700 2912 quia
724 2871 833 2902 omnia
854 2876 929 2901 sunt
950 2880 1041 2907 vera;
1073 2871 1128 2901 sed
1152 2871 1260 2911 quoad

149 2913 400 2955 “mutem
421 2925 533 2946 sensus
556 2915 706 2946 litteralis.
733 2915 838 2946 Verba
860 2914 1019 2954 siquidem
1041 2915 1170 2946 illorum
1193 2925 1260 2945 non

146 2960 178 3000 {g
275 2965 334 2991 unt
358 2960 477 3000 exponi
503 2958 543 2990 ad
565 2959 700 2990 litteram
732 2959 792 2990 nisi
818 2958 1025 3009 intelligendo
1054 2958 1139 2989 diem
1169 2958 1260 2990 illum

194 2968 332 3046 &geris
353 3002 452 3034 fuisse
474 3004 584 3034 lunam
607 3000 930 3044 quintamdecimam:
955 3003 1031 3042 quia
1054 3012 1198 3043 expresse
1215 3002 1260 3032 di-

201 3049 278 3084 eflnt
298 3047 440 3088 primum
463 3047 548 3078 diem
567 3053 755 3088 azymorum
770 3047 956 3076 inchoatum
979 3055 1110 3086 vespere
1132 3056 1261 3086 praece-

198 3083 306 3130 we,
329 3095 480 3123 vocantes
502 3091 588 3121 diem
612 3090 695 3121 Iovis
718 3089 758 3120 ad
780 3099 945 3130 vesperam
961 3089 1046 3120 diem
1061 3099 1259 3131 azymorum.

200 3128 306 3167 *aba
324 3140 435 3166 autem
458 3133 586 3165 [onmis
600 3134 831 3174 Evangelistae
841 3138 977 3173 possunt
999 3134 1088 3164 aliter
1109 3134 1262 3174 interpre-

233 3174 260 3211 εἰ
276 3187 380 3220 quam
395 3178 485 3220 quod
499 3178 630 3209 sabbato
647 3177 742 3208 fuerit
757 3177 994 3218 quintadecima
1009 3177 1100 3208 luna:
1125 3183 1161 3208 ut
1175 3182 1262 3217 patet

345 3647 455 3672 Summa
473 3646 575 3673 Tutor..
594 3647 625 3672 D.
643 3646 758 3672 'Px-tomi:
772 3646 804 3672 Τ.
817 3646 880 3671 VIII.

1363 1596 1404 1627 Et
1438 1595 1645 1627 confirmatur
1678 1597 1760 1633 hoc,
1785 1598 1859 1637 quia
1889 1597 1975 1628 idem
2010 1595 2143 1629 Ioannes
2170 1591 2370 1639 Eva'ngelista

1308 1639 1427 1670 ibidem
1457 1640 1595 1680 appellat
1624 1650 1727 1671 unum
1757 1641 1908 1681 idemque
1937 1647 2064 1682 tempus
2086 1651 2284 1682 parasceven
2307 1644 2369 1674 Pa-

1308 1684 1415 1719 schae,
1437 1690 1468 1714 et
1490 1684 1623 1715 Pascha.
1648 1685 1733 1715 Dicit
1755 1685 1840 1715 enim
1857 1685 1896 1715 de
1911 1685 1967 1715 illo
1991 1686 2041 1716 die
2056 1686 2198 1722 Veneris,
2213 1687 2298 1717 Erat
2311 1697 2370 1717 au-

1309 1733 1370 1758 tem
1387 1736 1565 1768 parasceve
1587 1728 1730 1759 Paschae
1744 1729 1780 1758 *s
1804 1734 1835 1759 et
1859 1729 1898 1759 de
1915 1729 2030 1759 eodem
2045 1730 2218 1760 introducit
2233 1730 2369 1762 Pilatum

1308 1772 1478 1808 dicentem,
1501 1772 1562 1802 Est
1582 1777 1689 1802 autem
1713 1772 1801 1803 vobis
1825 1773 2022 1803 consuetudo
2047 1778 2082 1803 ut
2103 1773 2259 1805 dimittam
2283 1775 2370 1806 vobis

1309 1825 1408 1846 unum
1425 1816 1456 1846 in
1473 1816 1596 1846 Pascha
1612 1817 1638 1846 ³⁶.
1672 1815 1707 1846 Si
1730 1817 1816 1846 enim
1838 1821 1903 1846 tam
1919 1818 2046 1856 proprie
2070 1817 2204 1848 Ioannes
2230 1819 2371 1849 Paschae

1307 1860 1441 1891 nomine
1464 1860 1563 1890 utitur
1585 1865 1620 1890 ut
1641 1860 1693 1890 isti
1715 1866 1892 1895 autumant,
1913 1870 1980 1890 non
2003 1860 2113 1890 debuit
2134 1861 2221 1891 idem
2243 1867 2370 1902 tempus

1309 1903 1371 1933 dici
1393 1903 1513 1934 Pascha
1532 1909 1563 1933 et
1585 1913 1754 1943 parasceve
1777 1904 1931 1934 Paschae:
1956 1905 2111 1944 quoniam
2127 1911 2251 1935 constat
2270 1906 2368 1946 quod,

1308 1952 1374 1978 tam
1389 1948 1493 1977 stricte
1509 1946 1686 1987 quuendo,
1699 1947 1785 1978 aliud
1801 1953 1847 1978 est
1862 1953 1989 1988 tempus
2004 1948 2152 1984 Paschae,
2170 1955 2201 1979 et
2215 1949 2301 1980 aliud
2316 1960 2371 1990 pa-

1308 2000 1450 2022 rasceves
1477 1991 1625 2022 Paschae.
1655 1991 1790 2021 Vocavit
1810 2001 1885 2031 ergo
1901 1993 2073 2032 utrobique
2088 1992 2207 2023 Pascha
2222 1994 2371 2024 solemni-

1309 2040 1404 2066 tatem
1423 2034 1627 2075 paschalem:
1658 2035 1739 2066 sicut
1762 2036 1858 2065 etiam
1881 2035 2002 2071 Lucas,
2026 2037 2095 2066 Act.
2112 2046 2154 2066 xn
2173 2038 2199 2073 Ψ,
2225 2047 2369 2077 expresse

1309 2084 1408 2109 totam
1432 2079 1666 2109 solemnitatem
1689 2079 1869 2119 paschalem
1899 2079 2018 2110 Pascha
2040 2085 2150 2116 vocat,
2173 2086 2308 2112 tractans
2331 2081 2371 2112 de

1309 2123 1402 2153 Petro
1427 2122 1623 2153 occidendo:
1647 2123 1755 2153 Erant
1776 2127 1882 2154 autem
1898 2123 1966 2154 dies
1980 2133 2186 2164 azymorum,
2205 2130 2235 2155 et
2249 2125 2369 2156 subdit:

1309 2167 1419 2197 volens
1429 2176 1434 2180 *
1435 2171 1514 2206 post
1535 2166 1658 2197 Pascha
1675 2166 1859 2206 producere
1880 2176 1963 2197 eum.

1365 2211 1416 2241 IV.
1448 2210 1499 2240 Ad
1530 2210 1745 2240 obiectionem
1775 2220 1893 2241 novam
1921 2220 1958 2241 ex
1989 2211 2167 2242 celebritate
2198 2212 2370 2245 festivitatis

1309 2255 1393 2285 illius
1417 2254 1479 2284 diei
1490 2255 1517 2290 '2
1535 2254 1648 2284 dicitur
1664 2253 1763 2294 quod,
1780 2255 1855 2294 quia
1869 2260 2077 2295 praeceptum
2094 2255 2133 2286 de
2149 2256 2370 2287 observatione

1310 2298 1394 2329 illius
1416 2297 1486 2328 festi
1517 2298 1693 2337 excipiebat
1714 2299 1888 2338 spectantia
1915 2298 1955 2328 ad
1984 2299 2259 2339 praeparationem
2282 2300 2371 2330 cibo-

1310 2350 1401 2378 rum,
1426 2345 1510 2382 quae
1532 2347 1639 2372 tamen
1663 2347 1751 2372 erant
1773 2342 1932 2382 prohibita
1953 2342 1987 2372 in
2010 2343 2140 2373 sabbato
2156 2344 2187 2378 *,
2212 2343 2371 2384 colligitur

1311 2386 1407 2417 fuisse
1430 2386 1515 2416 licita
1537 2386 1592 2416 illo
1616 2385 1668 2416 die
1690 2395 1773 2425 quae
1792 2385 1922 2416 sabbato
1938 2395 2005 2416 non
2020 2387 2199 2417 licuissent:
2222 2396 2298 2418 nam
2320 2388 2371 2419 Iex

1312 2431 1370 2461 sub
1394 2439 1459 2460 una
1482 2430 1668 2469 exceptione
1693 2429 1935 2470 comprehendit
1958 2431 2067 2460 omnia
2085 2431 2208 2461 similia.
2233 2431 2274 2461 Et
2296 2441 2370 2471 pro-

1311 2480 1419 2514 pterea
1442 2483 1480 2504 ex
1503 2474 1566 2504 hoc
1589 2473 1661 2513 ipso
1691 2473 1780 2514 quod
1802 2474 1836 2504 in
1859 2473 1910 2504 die
1933 2474 2037 2514 primo
2060 2474 2198 2505 Paschae
2224 2480 2372 2515 poterant

1312 2519 1414 2558 parari
1439 2518 1614 2548 necessaria
1641 2516 1681 2547 ad
1707 2518 1834 2554 cibum,
1858 2526 2059 2557 consequens
2087 2523 2133 2548 est
2159 2518 2249 2558 quod
2276 2519 2371 2556 etiam

1312 2563 1397 2593 licita
1419 2561 1549 2592 fuerunt
1571 2562 1680 2591 omnia
1703 2571 1785 2601 quae
1809 2570 1979 2592 occurrens
2001 2563 2169 2592 necessitas
2187 2567 2317 2593 naturae
2340 2568 2372 2593 et

1312 2606 1437 2646 pietatis
1460 2606 1623 2645 exegisset.
1657 2606 1705 2635 Ac
1728 2614 1784 2645 per
1807 2605 1883 2641 hoc,
1906 2614 1991 2645 opus
2013 2605 2209 2647 sepulturae,
2234 2607 2370 2636 maxime

1312 2650 1438 2690 pietatis
1460 2650 1567 2690 gratia,
1591 2654 1627 2679 ut
1649 2648 1709 2679 fuit
1732 2650 1814 2679 circa
1837 2649 2009 2685 Christum,
2034 2649 2155 2680 licitum
2177 2649 2247 2680 fuit.
2271 2650 2371 2680 Actus

1312 2704 1389 2724 vero
1412 2693 1585 2729 iudiciales,
1610 2703 1685 2723 cum
1707 2702 1774 2724 non
1797 2693 1859 2723 sint
1881 2693 1962 2724 inter
1984 2702 2082 2733 opera
2104 2692 2239 2730 servilia,
2258 2694 2371 2734 prohi-

1313 2739 1397 2768 bitos
1419 2738 1453 2768 in
1475 2738 1574 2768 veteri
1597 2737 1666 2777 lege
1689 2737 1812 2767 nescio:
1837 2737 1972 2776 legimus
1996 2737 2081 2768 enirn
2096 2737 2226 2767 Petrum
2242 2743 2371 2777 captum

1313 2783 1394 2812 inter
1411 2781 1476 2812 dies
1495 2790 1692 2822 azymorum,
1707 2786 1737 2811 et
1749 2786 1879 2821 propter
1893 2786 2020 2820 tempus
2036 2779 2124 2817 illud,
2137 2780 2169 2810 in
2183 2790 2248 2821 quo
2265 2786 2371 2817 tamen

1313 2826 1428 2856 licebat
1451 2825 1584 2865 operari,
1603 2830 1776 2855 reservatus
1793 2829 1838 2854 est
1861 2825 2014 2854 occisioni
2038 2830 2110 2864 post
2125 2824 2243 2855 Pascha
2258 2825 2285 2855 ἦ
2307 2825 2370 2855 Ve-

1313 2875 1492 2905 runtamen,
1516 2868 1673 2909 quidquid
1696 2869 1735 2898 sit
1757 2867 1798 2899 de
1820 2868 1893 2903 hoc,
1908 2869 1991 2898 sicut
2014 2867 2151 2908 Caiphas
2170 2867 2310 2908 prudens
2325 2874 2372 2899 est

1313 2914 1438 2944 habitus
1462 2911 1660 2943 consulendo
1677 2911 1766 2952 quod
1781 2911 1907 2952 expedit
1921 2921 2020 2942 unum
2034 2912 2194 2942 hominem
2209 2912 2294 2942 mori
2306 2922 2370 2952 pro

1308 2957 1432 2998 populo
1450 2958 1476 2992 *‚
1501 2956 1592 2986 facile
1614 2956 1720 2996 potuit
1742 2955 1932 2995 dispensare,
1952 2956 2027 2995 quia
2049 2955 2228 2996 periculum
2250 2961 2317 2986 erat
2338 2957 2370 2987 in

1315 3011 1414 3037 mora,
1438 3006 1474 3031 ut
1497 3006 1585 3030 actus
1600 2999 1762 3030 iudiciales
1786 2999 1867 3029 circa
1883 2998 2045 3030 Christum
2067 2999 2152 3030 licite
2175 3009 2208 3030 se
2227 3009 2372 3031 exercere

1316 3044 1478 3075 crederent
1500 3044 1533 3073 in
1557 3043 1661 3083 primo
1678 3042 1728 3073 die
1751 3052 1954 3084 azymorum:
1979 3043 2163 3083 praesertim
2186 3053 2261 3074 cum
2284 3049 2372 3074 actus

1315 3089 1358 3124 hi,
1382 3097 1449 3118 non
1473 3097 1510 3118 ex
1533 3087 1612 3127 lege,
1637 3087 1692 3117 sed
1715 3087 1836 3117 statutis
1860 3096 1989 3122 eorum,
2012 3086 2063 3117 vel
2086 3087 2318 3118 consuetudine
2341 3092 2372 3118 et

1314 3132 1487 3162 reverentia
1511 3131 1658 3171 quadam,
1682 3131 1832 3171 prohibiti
1855 3130 1936 3160 forte
1959 3130 2085 3161 fuerint.

2198 3645 2229 3677 57

2395 855 2407 868 ⁸
2417 855 2465 883 Qu.
2475 862 2521 884 xxv,
2531 860 2573 878 art.
2582 864 2607 884 4.

2396 1011 2406 1022 ⁸
2420 1010 2487 1033 Vera.
2503 1017 2535 1040 ¹3.

2398 1740 2477 1792 :4Cnp.
2488 1746 2535 1767 xix,
2549 1747 2608 1762 vers.

2396 1828 2471 1882 :⁸39Cap.
2479 1834 2539 1855 xviii,
2549 1834 2609 1850 vers.

2399 2043 2408 2052 ⁸
2422 2041 2487 2063 Vers.
2502 2048 2523 2070 3,
2537 2048 2560 2068 4.

2400 2266 2408 2276 ⁸
2422 2265 2492 2287 Num.
2507 2271 2533 2287 u.

2397 2347 2408 2359 ⁴
2416 2347 2493 2369 Ex'od.
2502 2353 2553 2375 cap.
2560 2354 2609 2375 xvi,

2397 2379 2483 2402 vei-⁸33
2489 2379 2549 2402 sqq.;
2558 2379 2609 2402 cap.

2397 2406 2466 2426 xxxv,
2481 2406 2540 2422 vers.
2554 2406 2575 2430 3.

2400 2830 2409 2840 ⁸
2424 2829 2474 2851 Act.
2496 2829 2540 2851 loc.
2556 2829 2595 2851 cit.

2398 2960 2410 2972 ⁸
2423 2960 2558 2989 IoanNeap.
2577 2965 2610 2987 xi,

2398 2993 2457 3008 vers.
2470 2992 2502 3014 49
2516 2992 2567 3014 sqq.
