2872 3970
70 1621 74 1629 ³
95 1636 186 1655 1-ιιειιι,

47 3371 55 3422 J*
77 3373 95 3377 ¹¹
126 3403 132 3411 .
151 3389 189 3418 el,
208 3391 236 3412 ι1,

964 304 1225 351 QUAESTIO
1255 306 1358 354 XVI,
1388 306 1678 345 ARTICULUS
1706 308 1771 345 VII

2365 321 2439 356 207

270 381 486 418 albedinem
514 383 575 419 vel
603 381 917 430 magnitudinem.
948 383 1005 419 Ea
1023 394 1116 420 vero
1144 395 1243 432 quae
1272 395 1327 420 re·
1352 385 1356 424 Ι
1380 392 1442 421 tur
1469 385 1516 421 de
1545 397 1650 422 novo
1670 385 1718 422 de
1737 387 1821 422 Deo
1850 386 1994 435 absque
2017 387 2099 423 eius
2127 387 2349 434 mutatione,
2370 399 2440 436 per

269 433 381 471 lative
409 434 609 482 dicuntur,
637 442 798 484 possunt
825 435 873 471 de
901 446 1006 472 novo
1043 433 1252 484 praedicari
1280 437 1327 473 de

269 486 399 535 aliquo
431 486 577 535 absque
614 486 695 524 eius
723 487 953 524 mutatione:
993 487 1088 524 sicut
1122 489 1242 525 homo
1279 489 1327 525 de

269 550 374 576 novo
402 538 445 576 fit
473 539 603 576 dexter
630 539 775 588 absque
804 552 874 576 sua
901 539 1123 586 mutatione,
1148 553 1217 589 per
1244 553 1327 578 mo-

268 598 352 628 tum
379 590 478 628 illius
497 591 564 641 qui
582 591 626 628 fit
644 591 679 628 ei
707 591 864 628 sinister.
894 592 1005 629 Unde
1025 592 1063 629 in
1082 593 1219 630 talibus
1247 605 1327 630 non

269 651 419 693 oportet
446 656 563 681 omne
591 644 699 693 quod
726 644 864 682 dicitur
889 644 984 692 fieri,
1005 657 1087 682 esse
1115 653 1325 683 mutatum:

268 695 359 745 quia
386 697 462 733 hoc
497 704 622 745 potest
657 696 827 734 accidere
855 709 924 746 per
951 698 1203 735 mutationem
1238 700 1326 735 alte-

268 748 358 785 rius.
383 749 432 785 Et
449 760 519 798 per
536 749 642 786 hunc
660 749 825 786 modum
844 750 928 786 Deo
948 750 1129 787 dicimus:
1153 752 1325 798 Domine,

268 801 458 851 refitgium
474 802 603 848 factus
629 813 667 838 es
695 804 799 839 nobis
817 802 847 838 ²⁸².
878 825 903 829 —
932 803 1024 839 Esse
1053 811 1183 840 autem
1202 804 1326 841 homi-

268 865 360 890 nem
387 854 567 891 convenit
594 854 678 891 Deo
707 854 851 891 ratione
880 855 1044 901 unionis,
1069 868 1169 905 quae
1197 864 1252 893 est
1271 869 1327 893 re-

267 905 356 943 latio
383 906 586 955 quaedam.
617 907 665 943 Et
692 906 779 944 ideo
805 919 886 944 esse
915 908 1115 945 hominem
1134 909 1326 958 praedica-

321 1038 347 1074 β)
367 1039 410 1065 Et.
428 1054 446 1058 -
466 1039 502 1064 Et
520 1039 580 1065 ideo
599 1040 627 1066 P.

1380 438 1633 474 mutationem
1652 439 1846 475 humanae
1866 447 2034 485 naturae,
2056 452 2154 488 quae
2175 439 2381 476 assumitur
2399 452 2439 477 in

1381 489 1551 526 divinam
1565 502 1782 539 personam.
1809 492 1856 527 Et
1875 491 1975 537 ideo,
1991 504 2081 528 cum
2101 492 2247 539 dicitur,
2263 493 2364 529 Deus
2371 493 2439 540 fa-

1380 548 1457 578 ctus
1484 549 1534 579 est
1561 544 1683 589 homo,
1713 555 1792 580 non
1821 543 2035 592 intelligitur
2060 544 2187 593 aliqua
2214 545 2372 581 mutatio
2392 556 2438 582 ex

1380 602 1485 643 parte
1505 595 1588 642 Dei,
1612 596 1678 632 sed
1707 597 1833 633 solum
1853 608 1899 632 ex
1926 604 2031 645 parte
2055 597 2248 633 humanae
2268 605 2436 634 naturae.

1434 648 1490 684 AD
1517 659 1675 685 TERTmM
1694 661 1874 686 DICENDUM
1893 649 2000 698 quod
2019 650 2129 686 homo
2151 649 2332 698 supponit
2353 662 2437 699 per-

1381 712 1518 737 sonam
1546 700 1629 737 Filii
1653 700 1735 747 Dei,
1757 713 1836 738 non
1864 702 2022 748 nudam,
2043 702 2110 738 sed
2137 710 2252 750 prout
2273 701 2438 739 subsistit

1380 751 1420 788 in
1448 753 1619 789 humana
1648 761 1793 790 natura.
1823 753 1904 790 Etss
1932 754 2110 803 quamvis
2137 755 2232 791 haec
2259 754 2304 791 sit
2327 755 2436 802 falsa,

1379 806 1480 841 Deus
1488 806 1616 853 factus
1635 812 1685 842 est
1698 819 1861 855 persona
1881 807 1976 852 Filii,
1998 815 2053 843 est
2071 815 2199 844 tamen
2220 808 2314 843 haec
2333 819 2437 853 vera,

1380 858 1480 894 Deus
1497 858 1625 905 factus
1659 865 1710 895 est
1736 860 1864 905 homo,
1894 871 1940 896 ex
1968 871 2014 896 eo
2044 859 2150 908 quod
2185 859 2313 896 unitus
2348 867 2403 896 est
2421 866 2436 888 Υ

1381 910 1576 947 humanae
1604 919 1773 948 naturae.

1432 1041 1459 1075 γ)
1479 1042 1568 1066 unitus
1587 1045 1633 1067 est.
1651 1043 1775 1076 -faetus
1794 1047 1833 1068 est
1851 1044 1939 1068 unitus
1959 1044 2022 1074 FGI,
2043 1044 2115 1069 Deus
2129 1046 2223 1078 factus
2242 1048 2282 1070 est
2300 1045 2389 1070 unitus
2404 1046 2436 1075 Η,

1351 1043 1354 1108 Ι
1380 1076 1452 1104 facta
1471 1080 1510 1101 est
1528 1077 1618 1101 unitas
1636 1078 1658 1107 b,
1678 1081 1718 1103 est
1737 1079 1826 1103 unitus
1846 1079 1887 1104 Pc.

945 1155 1277 1188 Commenta-ria
1301 1155 1551 1188 Cardinaus
1575 1156 1774 1188 Caietam

269 1245 432 1309 Trruzus
461 1235 571 1266 clarus.
593 1253 617 1257 -
639 1235 674 1265 In
705 1244 840 1274 corpore
869 1234 991 1264 articuli
1012 1235 1117 1274 primo
1151 1234 1323 1275 responde-

1376 1244 1455 1275 pore
1479 1235 1580 1266 factus
1605 1241 1651 1266 est
1674 1236 1785 1272 homo,
1808 1238 1883 1276 quia
1898 1237 2040 1276 incoepit
2056 1237 2250 1278 quandoque
2267 1248 2436 1278 personare

325 1286 377 1311 tur
392 1279 536 1320 quaesito
551 1280 647 1310 unica
669 1279 889 1309 conclusione:
913 1278 1007 1308 Haec
1030 1283 1077 1309 est
1091 1286 1186 1309 vera:
1208 1292 1222 1305 «
1235 1279 1324 1309 Deus
1377 1285 1522 1310 naturam
1545 1289 1643 1310 unam
1663 1280 1846 1316 humanam,
1872 1286 1903 1310 et
1917 1290 1974 1320 per
1989 1281 2052 1311 hoc
2068 1282 2233 1321 acquisivit
2248 1283 2352 1321 primo
2369 1293 2436 1314 esse

257 1324 374 1366 sactus
395 1329 443 1355 est
462 1324 558 1354 homo
573 1337 600 1354 ›.
624 1323 845 1363 Probaturque
860 1322 1045 1363 syllogismo
1068 1323 1141 1352 satis
1161 1323 1242 1353 clare
1265 1332 1324 1362 po-

1377 1323 1580 1354 substantiale
1603 1324 1761 1354 humanae
1784 1330 1928 1360 naturae,
1953 1330 1984 1355 et
2006 1335 2074 1355 non
2096 1331 2220 1356 tantum
2244 1336 2310 1356 esse
2334 1327 2437 1357 relati-

266 1369 326 1399 sito
358 1373 390 1398 et
419 1367 565 1399 ordinato
587 1368 622 1398 in
644 1368 762 1398 littera:
793 1367 836 1397 ita
858 1372 895 1397 ut
916 1376 983 1397 non
1007 1367 1046 1396 sit
1075 1375 1157 1406 opus
1188 1366 1324 1397 formare
1378 1376 1471 1403 vum;
1497 1366 1596 1398 factus
1621 1373 1668 1398 est
1682 1368 1793 1404 homo,
1811 1368 1911 1398 factus
1932 1374 1979 1398 est
2001 1370 2174 1399 substantia
2189 1371 2324 1400 animata
2340 1372 2437 1401 sensi-

265 1412 368 1443 illum.

321 1455 445 1487 Deinde
461 1456 599 1496 aperitur
622 1454 712 1495 quod
733 1455 813 1485 haec
827 1455 1005 1495 propositio
1029 1464 1047 1484 a
1070 1454 1199 1484 diversis
1223 1454 1324 1485 diver-

265 1500 389 1530 simode
411 1499 604 1539 intelligitur,
620 1500 708 1530 iuxta
730 1498 814 1529 dicta
832 1499 866 1529 in
887 1499 993 1538 primo
1016 1499 1111 1528 huius
1130 1500 1324 1538 quaestionis

265 1544 398 1574 articulo
421 1543 461 1574 de
483 1544 542 1574 ista
564 1543 795 1583 propositione,
819 1543 908 1573 Deus
931 1548 978 1573 est
999 1543 1105 1572 homo.

321 1588 358 1618 11.
381 1588 418 1618 In
439 1588 650 1627 responsione
673 1587 713 1618 ad
735 1586 924 1622 secundum,
948 1587 974 1617 si
997 1586 1130 1623 dubitas,
1154 1586 1227 1617 vide
1250 1588 1325 1617 scri-

264 1637 319 1672 pta
341 1633 376 1662 in
398 1632 531 1662 articulo
555 1632 672 1672 primo,
687 1632 722 1661 in
737 1631 947 1671 responsione
971 1630 1011 1660 ad
1026 1631 1176 1661 ultimum
1192 1632 1218 1661 *.
1242 1631 1283 1661 Et
1298 1632 1324 1662 si

264 1676 322 1707 tibi
335 1676 389 1706 illa
410 1685 478 1706 non
493 1674 664 1712 sufficiunt,
688 1685 748 1706 nec
765 1675 901 1715 quiescis
918 1684 955 1705 ex
970 1675 1098 1704 relativa
1113 1674 1324 1705 declaratione

263 1725 330 1750 tam
352 1718 531 1761 profundae
553 1719 710 1755 factionis,
735 1719 831 1749 dicito
849 1718 947 1759 quod,
971 1719 1045 1749 licet
1067 1718 1135 1749 fieri
1158 1719 1325 1749 hominem

264 1764 409 1794 absolute
431 1765 583 1804 importet
605 1764 816 1794 mutationem
838 1763 871 1793 in
891 1763 1034 1793 subiecto
1059 1763 1243 1802 acquirente
1265 1764 1325 1793 hu-

263 1817 392 1838 manam
414 1813 570 1844 naturam,
593 1813 672 1847 puta
693 1808 727 1837 in
750 1807 890 1843 materia,
914 1811 1053 1836 attamen
1070 1815 1246 1846 personam
1266 1807 1326 1837 ali-

263 1861 360 1892 quam
372 1852 455 1893 fieri
476 1851 636 1882 hominem
659 1861 726 1882 non
741 1852 893 1890 importat
911 1851 1125 1881 mutationem
1140 1851 1174 1880 in
1189 1860 1326 1890 persona

264 1896 448 1936 acquirente
462 1900 609 1926 naturam
624 1896 808 1926 humanam.
832 1895 873 1925 Et
888 1894 967 1924 ratio
984 1894 1169 1924 diversitatis
1186 1900 1232 1924 est
1251 1895 1327 1934 quia

263 1940 444 1971 subiectum
474 1939 563 1980 quod
589 1939 626 1970 fit
653 1939 774 1975 homo,
804 1948 861 1978 per
883 1939 1180 1968 transmutationem
1203 1939 1252 1968 sui
1275 1948 1326 1968 ac-

265 1984 361 2025 quin‘t
384 1993 451 2015 esse
473 1984 667 2014 humanum:
699 1982 755 2013 sed
777 1992 913 2022 persona
943 1991 1026 2022 quae
1049 1981 1085 2012 fit
1107 1983 1226 2018 homo,
1258 1982 1326 2012 sola

262 2037 348 2058 nova
369 2028 595 2068 personatione
617 2028 776 2058 humanae
799 2031 929 2057 naturae
951 2026 987 2056 fit
1009 2027 1121 2057 homo.
1152 2026 1325 2057 Personare

264 2077 371 2102 autem
394 2077 539 2102 naturam
561 2072 735 2102 humanam
758 2080 826 2101 non
850 2075 896 2101 est
918 2071 1050 2100 mutari:
1079 2070 1135 2101 sed
1157 2071 1326 2101 subsistere

263 2125 351 2146 nunc
376 2117 481 2156 primo
510 2117 544 2146 in
566 2115 628 2146 illa.
663 2115 704 2146 Et
734 2114 807 2145 ideo
835 2115 934 2144 Filius
960 2114 1022 2144 Dei
1049 2115 1138 2154 prius
1167 2124 1235 2145 non
1262 2120 1327 2144 erat

263 2160 375 2196 homo,
393 2161 467 2200 quia
482 2169 550 2190 non
565 2159 756 2200 personabat
771 2164 917 2189 naturam
932 2159 1122 2194 humanam3
1148 2163 1179 2188 et
1197 2159 1229 2188 in
1246 2164 1326 2188 tem-

1378 1411 1448 1441 bilis
1471 1412 1641 1448 rationalis,
1660 1418 1690 1442 et
1712 1422 1780 1442 non
1795 1412 1838 1442 ad
1853 1413 1985 1453 aliquid,
2002 1423 2070 1443 non
2088 1413 2131 1443 ad
2145 1413 2325 1452 humanam,
2343 1420 2437 1445 natu-

1378 1465 1458 1485 ram.
1484 1455 1524 1486 Et
1548 1461 1594 1486 est
1616 1465 1683 1486 non
1707 1457 1813 1486 solum
1836 1457 2015 1487 subiectum
2038 1458 2266 1497 propositionis
2290 1459 2322 1498 ly
2337 1459 2434 1494 Deus,

1378 1508 1452 1529 curn
1476 1499 1590 1530 dicitur
1611 1500 1701 1530 Deus
1714 1500 1829 1541 sactus
1852 1505 1899 1530 est
1919 1501 2033 1531 homo:
2059 1501 2114 1531 sed
2137 1507 2173 1531 ut
2195 1502 2373 1532 subiectum
2390 1501 2436 1532 fa—

1378 1543 1502 1579 ctionis,
1526 1544 1588 1574 hoc
1610 1549 1665 1579 est,
1690 1545 1921 1584 personationis
1940 1554 2027 1575 nunc
2042 1546 2163 1584 primo;
2188 1546 2250 1576 hoc
2266 1547 2352 1576 enim
2367 1545 2435 1576 fieri

1377 1587 1456 1617 nihil
1479 1587 1565 1618 aliud
1588 1593 1635 1618 est
1658 1597 1755 1627 quarn
1777 1597 1947 1627 personare
1966 1598 2054 1619 nunc
2069 1590 2184 1628 primo.
2208 1590 2249 1620 Et
2271 1590 2316 1620 sic
2338 1591 2434 1620 habes

1378 1632 1616 1662 substantialem
1638 1631 1821 1668 factionem,
1846 1638 1877 1662 et
1899 1634 2082 1669 terminum,
2107 1639 2138 1663 et
2152 1633 2341 1670 subiectum,
2366 1635 2435 1664 abs—

1379 1684 1442 1715 que
1464 1676 1642 1706 mutatione
1666 1676 1809 1706 subiecti.
1842 1677 1883 1706 Et
1906 1677 1931 1706 si
1954 1677 2010 1706 tibi
2033 1683 2162 1716 apparet
2184 1678 2343 1714 mirabile,
2367 1687 2434 1708 me-

1378 1724 1488 1749 mento
1513 1721 1587 1759 quia
1602 1720 1681 1749 nihil
1698 1725 1744 1750 est
1758 1720 1931 1750 mirabilius
1948 1729 2045 1760 quam
2067 1721 2199 1751 Verbum
2215 1730 2292 1751 caro
2303 1722 2434 1763 factum

1379 1768 1425 1793 est
1439 1765 1465 1798 θ’,
1490 1769 1563 1803 post
1587 1763 1749 1793 Trinitatis
1772 1773 1932 1794 arcanum.

1433 1807 1483 1837 ΙΙΙ.
1508 1807 1544 1837 In
1567 1808 1776 1847 responsione
1798 1807 1837 1837 ad
1855 1809 1993 1843 tertium,
2014 1809 2039 1838 si
2063 1807 2230 1838 formalem
2253 1810 2435 1848 responsio-

1378 1860 1454 1881 nem
1477 1851 1617 1881 novitius
1641 1856 1746 1890 optat,
1771 1851 1868 1881 dicito
1900 1851 1990 1891 quod
2020 1857 2066 1882 est
2090 1853 2165 1891 quia
2188 1852 2246 1882 ista
2277 1859 2322 1882 est
2344 1862 2434 1883 vera:

1377 1895 1467 1925 Deus
1480 1895 1596 1935 factus
1619 1900 1666 1925 est
1683 1895 1854 1925 subsistens
1878 1895 1910 1925 in
1934 1896 2076 1926 humana
2099 1901 2237 1926 natura:
2258 1896 2322 1926 hoc
2349 1897 2436 1927 enim

1379 1938 1552 1969 formaliter
1567 1939 1722 1978 supponit
1745 1939 1776 1979 ly
1791 1939 1897 1969 homo.
1933 1940 1973 1969 Et
1988 1940 2014 1970 si
2029 1939 2068 1970 ad
2084 1940 2284 1970 materialiter
2300 1941 2436 1971 substra-

1378 1988 1448 2013 tum
1479 1984 1575 2013 instet
1604 1982 1769 2019 descendi,
1799 1983 1895 2013 dicito
1925 1983 2013 2023 quod
2040 1984 2118 2014 haec
2147 1984 2242 2014 etiam
2273 1990 2318 2014 est
2345 1994 2433 2014 vera:

1378 2027 1467 2057 Deus
1480 2027 1596 2068 factus
1624 2031 1671 2057 est
1686 2036 1830 2067 persona
1852 2027 1931 2057 Filii
1952 2028 2016 2058 Dei
2044 2028 2214 2058 subsistens
2238 2028 2270 2058 in
2294 2028 2436 2059 humana

1380 2076 1508 2101 natura.
1526 2071 1615 2102 Sicut
1631 2071 1735 2107 etiarn,
1753 2081 1829 2101 cum
1843 2072 1945 2111 paries
1961 2071 1997 2101 fit
2012 2072 2110 2107 albus,
2127 2081 2200 2102 vere
2217 2072 2331 2102 dicitur
2346 2072 2436 2112 quod

1372 2115 1485 2154 paries
1491 2115 1607 2156 factus
1622 2120 1670 2145 est
1677 2115 1790 2154 paries
1805 2116 1916 2145 albus:
1934 2121 1970 2145 ut
1989 2121 2076 2155 patet
2090 2116 2123 2146 in
2136 2116 2163 2145 V
2167 2116 2193 2146 11
2209 2116 2390 2157 Metaphys.
2402 2118 2433 2153 *;

1379 2164 1419 2194 et,
1431 2158 1476 2189 'ad
1498 2159 1711 2198 propositum,
1735 2160 1768 2189 in
1792 2159 1832 2200 III
1849 2159 1946 2194 Sent„
1971 2159 2040 2190 dist.
2057 2170 2109 2189 vn.

1044 2330 1360 2373 ARTICULUS
1391 2331 1656 2372 SEPTIMUS

778 2432 934 2464 UTRUM
957 2432 1076 2463 HAEC
1100 2432 1167 2463 SIT
1190 2432 1322 2462 VERA:
1346 2432 1486 2462 HOMO
1509 2432 1684 2462 FACTUS
1704 2432 1792 2462 EST
1809 2432 1930 2462 DEUS

467 2520 541 2550 lnfra.
560 2528 604 2553 qu.
621 2527 707 2551 xxxin,
727 2525 772 2544 art.
793 2519 822 2549 3;
842 2519 872 2544 111
893 2519 975 2549 Sent„
996 2519 1053 2543 dist.
1073 2526 1116 2550 vu,
1136 2526 1179 2551 qu.
1197 2526 1224 2549 ιι,
1244 2523 1290 2544 art.
1312 2525 1341 2547 2;
1364 2519 1441 2544 Cont.
1462 2519 1557 2544 Error.
1580 2520 1682 2547 Graec„
1703 2526 1758 2550 cap.
1777 2526 1831 2546 xx1:
1850 2519 1893 2543 Ad
1910 2519 1995 2548 Rom„
2016 2526 2070 2551 cap.
2089 2526 2106 2548 1,
2126 2519 2182 2543 lect.
2202 2526 2228 2545 ιι.

315 2628 357 2643 a,
380 2628 397 2647 ,Ἴ

291 2624 457 2719 '23¹⁵an
476 2663 571 2699 haec
599 2662 644 2699 sit
671 2674 782 2699 vera:
815 2663 945 2698 Homo
964 2662 1092 2709 factus
1124 2666 1174 2698 est
1208 2662 1319 2697 Deus.

283 2717 325 2773 '‘y‘’
343 2731 398 2765 «η
414 2701 446 2764 ἦ
461 2713 622 2752 Dicitur
649 2715 753 2752 enim
775 2715 885 2751 Rom.
906 2727 915 2751 1
934 2714 971 2751 *2
1008 2714 1117 2756 Quod
1133 2719 1218 2751 ante
1230 2726 1321 2763 pro-

323 2744 373 2795 ᾖ
435 2761 626 2805 Kmiserat
647 2780 720 2818 per
738 2768 940 2817 prophetas
965 2779 1050 2804 suos
1068 2769 1105 2803 in
1126 2768 1323 2816 Scripturis

263 2821 397 2856 sanctis
424 2820 469 2856 de
495 2821 591 2857 Filio
617 2832 703 2866 suo,
733 2821 796 2869 qui
810 2821 939 2868 sactus
973 2825 1023 2856 est
1050 2822 1084 2856 ei
1110 2832 1159 2856 ex
1185 2821 1323 2856 semine

263 2873 389 2910 David
405 2873 605 2909 secundum
624 2885 788 2910 carnem.
818 2873 894 2910 Sed
915 2873 1087 2909 Christus
1107 2873 1322 2909 secundum

264 2926 372 2975 quod
399 2926 519 2963 homo
540 2933 594 2962 est
614 2937 660 2962 ex
679 2925 824 2962 semine
852 2925 978 2962 David
1006 2925 1222 2963 secundum
1243 2937 1321 2962 car-

265 2990 366 3016 nem.
397 2979 498 3027 Ergo
526 2979 647 3015 homo
675 2978 793 3015 factus
822 2985 876 3014 est
903 2977 1020 3015 Filius
1048 2978 1130 3015 Dei.

319 3043 353 3068 2.
379 3032 612 3078 PRAETEREA,
632 3030 867 3079 Augustinus
886 3030 985 3076 dicit,
1006 3030 1045 3067 in
1064 3032 1079 3067 Ι
1098 3031 1143 3067 de
1165 3032 1200 3067 T
1197 3032 1268 3067 rin.
1284 3030 1319 3067 *ε

269 3085 368 3122 Talis
395 3090 474 3122 erat
497 3085 560 3121 illa
587 3086 763 3133 susceptio
787 3095 881 3132 quae
905 3084 1026 3119 Deum
1054 3085 1240 3120 hominem
1257 3084 1321 3131 sa-

264 3142 372 3184 ceret,
401 3143 434 3174 et
460 3138 647 3174 hominem
674 3138 807 3173 Deum.
848 3135 924 3173 Sed
952 3135 1096 3172 ratione
1133 3135 1231 3172 illius
1260 3148 1321 3172 su-

264 3189 467 3239 sceptionis
495 3191 591 3226 haec
618 3196 673 3226 est
700 3201 808 3226 vera:
847 3189 948 3225 Deus
965 3189 1093 3236 sactus
1121 3194 1171 3224 est
1197 3189 1319 3224 homo.

264 3243 366 3291 Ergo
394 3242 563 3280 similiter
598 3243 694 3279 haec
721 3249 776 3278 est
803 3253 914 3278 vera:
952 3241 1083 3278 Homo
1107 3241 1235 3288 factus
1272 3246 1322 3277 est

263 3296 375 3333 Deus.

319 3347 353 3385 3.
382 3349 614 3395 PRAETEREA,
643 3346 849 3396 Gregorius
876 3342 1142 3383 Nazianzenus
1161 3345 1260 3391 dicit,
1281 3344 1321 3381 in

265 3400 434 3450 Epistola
465 3402 516 3438 ad
545 3401 798 3439 Chelidonium
817 3399 853 3436 *z
892 3400 992 3436 Deus
1021 3398 1164 3448 quidem
1192 3399 1320 3434 huma-

319 3539 346 3574 α)
365 3540 510 3575 deificatus.
530 3555 550 3561 -
568 3541 726 3567 divinitatus
743 3541 773 3571 E,
793 3541 908 3566 deitatus
928 3540 964 3569 bc,
986 3539 1121 3564 divinatus
1140 3539 1157 3564 Ι.
1178 3538 1215 3564 Cf.
1235 3537 1248 3562 ὃ
1268 3546 1294 3572 μ.

319 3574 346 3608 β)
364 3576 452 3602 aliter.
469 3590 490 3596 —-
507 3577 568 3602 Om.
586 3577 621 3608 E;
641 3584 672 3601 an
690 3577 786 3608 aliquis
804 3574 959 3608 legendum?

317 3610 344 3645 γ)
363 3611 434 3643 quia.
451 3625 470 3630 —
487 3619 540 3644 qua
558 3611 613 3643 PF;
632 3613 693 3637 item
713 3612 793 3636 altero
811 3612 877 3636 loco.

400 2631 452 2671 fx<
475 2622 496 2646 D
512 2621 689 2647 SEPTIMUM
704 2621 755 2646 s1c
775 2621 1009 2646 PROCEDITUR.
1035 2607 1196 2645 Videtur
1214 2608 1321 2657 quod
1345 2606 1348 2659 Ι
1375 2613 1481 2644 natus
1508 2613 1576 2644 est:
1603 2609 1713 2644 homo
1741 2613 1862 2644 autem
1890 2607 2076 2655 deificatus
2095 2613 2123 2654 α,
2150 2608 2208 2644 vel
2234 2607 2431 2656 quomodo-

1373 2661 1458 2697 libet
1477 2661 1582 2698 aliter
1601 2659 1615 2689 β
1635 2662 1890 2698 nominaverit.
1921 2660 1997 2697 Sed
2017 2661 2122 2696 Deus
2150 2672 2194 2696 ea
2213 2659 2357 2696 ratione
2376 2660 2431 2697 cli-

1375 2714 1472 2750 citur
1503 2714 1751 2759 humanatus,
1781 2713 1872 2762 quia
1890 2718 1905 2740 Ὺ
1934 2720 1988 2749 est
2015 2714 2135 2749 homo
2162 2713 2291 2749 factus.
2330 2714 2431 2761 Ergo

1376 2768 1497 2803 homo
1525 2778 1571 2803 ea
1598 2766 1743 2803 ratione
1771 2765 1907 2802 dicitur
1934 2765 2130 2802 deificatus
2149 2763 2172 2811 δ,
2198 2764 2288 2813 quia
2307 2773 2362 2801 est
2379 2766 2431 2802 fa-

1376 2827 1457 2856 ctus
1477 2820 1594 2856 Deus.
1625 2819 1673 2855 Et
1691 2818 1740 2855 ita
1768 2819 1863 2855 haec
1882 2825 1937 2854 est
1955 2829 2062 2854 vera:
2092 2819 2220 2854 Homo
2230 2816 2358 2865 sactus
2381 2825 2432 2855 est

1375 2874 1487 2909 Deus.

1429 2937 1465 2972 4.
1482 2926 1712 2968 PRAETEREA,
1729 2935 1819 2959 cum
1834 2922 1980 2967 dicitur,
1996 2923 2096 2958 Deus
2100 2923 2228 2969 sactus
2243 2928 2294 2959 est
2306 2924 2429 2969 homo,

1376 2977 1591 3014 subiectum
1619 2975 1788 3012 factionis
1808 2976 1868 3011 vel
1896 2974 2076 3011 unitionis
2096 2980 2108 2995 ⁸
2136 2987 2215 3011 non
2235 2983 2289 3011 est
2312 2976 2429 3022 Deus,

1376 3030 1443 3066 sed
1472 3030 1643 3066 humana
1670 3035 1815 3073 natura,
1836 3039 1955 3076 quam
1983 3027 2166 3075 significat
2194 3028 2268 3064 hoc
2287 3040 2431 3065 nomen

1376 3084 1497 3119 homo.
1529 3081 1604 3118 Sed
1624 3080 1715 3117 illud
1742 3079 1894 3116 videtur
1912 3092 1993 3116 esse
2019 3079 2234 3117 subiectum
2260 3080 2431 3118 factionis

1376 3134 1438 3172 cui
1465 3133 1575 3170 factio
1604 3132 1828 3170 attribuitur.
1858 3133 1959 3180 Ergo
1978 3133 2074 3169 haec
2101 3132 2221 3180 magis
2245 3140 2300 3170 est
2326 3145 2429 3182 vera,

1374 3189 1503 3224 Homo
1522 3187 1650 3234 factus
1668 3191 1718 3222 est
1744 3186 1856 3231 Deus,
1876 3197 1995 3234 quam
2017 3184 2097 3232 ista,
2117 3186 2218 3222 Deus
2241 3186 2362 3232 sactus
2381 3193 2431 3224 est

1376 3241 1497 3276 homo.

1429 3292 1502 3329 SED
1532 3303 1674 3328 CONTRA
1707 3302 1771 3327 EST
1808 3290 1916 3339 quod
1952 3291 2215 3327 Damascenus
2253 3290 2361 3338 dicit,
2391 3291 2430 3328 in

1375 3346 1420 3381 III
1439 3343 1534 3380 libro
1554 3343 1590 3380 *z
1620 3344 1709 3380 Non
1739 3344 1924 3380 hominem
1950 3343 2157 3391 deficatum
2185 3343 2348 3390 dicimus,
2368 3344 2433 3381 sed

1376 3398 1496 3433 Deum
1524 3397 1776 3433 humanatum.
1796 3391 1919 3432 ¹Idem
1953 3403 2082 3432 autem
2110 3403 2165 3432 est
2191 3395 2273 3432 fieri
2301 3396 2430 3434 Deum

1426 3536 1451 3566 ὃ)
1471 3537 1615 3570 deificatus.
1633 3551 1652 3555 -
1670 3537 1828 3562 divinitatus
1846 3538 1876 3567 E.
1895 3537 2010 3562 deitatus
2029 3537 2091 3566 Hbc,
2112 3536 2247 3561 divinatus
2267 3537 2283 3562 Ι.

1427 3573 1449 3607 ε)
1470 3573 1603 3598 unitionis.
1621 3587 1641 3592 -
1659 3573 1763 3598 unionis
1782 3573 1855 3604 DEF,
1876 3572 2030 3597 mutationis
2048 3571 2120 3596 tertia
2139 3576 2239 3604 praeter
2257 3571 2275 3596 1.

2462 1767 2471 1777 '
2494 1767 2556 1788 Ioan.
2581 1773 2631 1795 cap.
2655 1774 2671 1794 ι,

2462 1799 2521 1815 vers.
2538 1800 2572 1819 ¹4-

2463 2114 2472 2123 ⁸
2481 2113 2673 2134 S.Th.lect.vn.—

2462 2139 2513 2160 Did.
2523 2139 2561 2160 lib.
2572 2139 2610 2165 Vl,
2620 2145 2672 2166 cap.

2462 2171 2512 2192 vul,
2528 2172 2551 2187 n.
2564 2172 2585 2194 3.

2556 2619 2572 2797 01—<w9

2458 3351 2468 3360 ⁸
2478 3350 2512 3371 De
2522 3351 2580 3372 Fide
2590 3352 2666 3377 Orth„

2458 3377 2496 3399 lib.
2512 3377 2550 3403 111.
2567 3384 2614 3405 cap.
2628 3384 2652 3399 ιι.
