2872 3970
115 488 356 573 'rii-mm
387 488 500 521 clarus.
528 507 551 512 —
581 488 616 520 ln
646 498 781 530 corpore
813 488 879 520 duo
912 488 1002 520 fiunt.
1044 490 1171 526 Primo,
1206 498 1244 520 ex

242 527 500 575 amosi-„omo
510 532 719 573 respondetur
753 534 897 573 quaesito
927 542 992 563 una
1020 534 1243 564 conclusione.

133 578 292 635 μὴ
306 577 464 619 non-ficit
390 577 528 619 filies
549 577 744 608 caelestibus.
772 576 813 607 Et
836 576 1008 607 afferuntur
1031 578 1174 617 quinque
1197 587 1244 607 ra-

315 631 353 652 ex
369 621 494 653 eodem
516 638 540 644 —-
561 619 722 657 Secundo,
739 625 888 650 tractatur
903 620 981 661 quid
996 620 1056 651 fuit
1070 621 1124 651 illa
1139 621 1244 651 stella:

297 658 506 706 ,secundum
528 660 807 704 Chrysostomum‚
831 665 890 695 sub
913 665 1004 695 cuius
1024 665 1177 705 opinione
1201 663 1246 695 af-

124 738 155 748 Ν,
275 708 335 740 mr
360 707 425 739 du'o
447 707 538 739 modi
551 706 704 744 dicendi;
736 707 849 738 deinde
879 707 1057 738 secundum
1083 708 1246 749 propriam

136 741 392 794 mitelli,
415 748 601 782 auctoritate
622 747 741 782 Leonis
763 749 929 781 firmatam.
953 770 976 774 —
999 751 1116 782 Omnia
1138 756 1247 792 patent

146 788 393 862 nm

120 828 157 920 »ἶῖ
193 843 309 890 :gule

147 893 297 954 &wat
342 908 367 923 «a

193 992 211 1018 >

307 1235 372 1273 A«
397 1222 420 1247 D
441 1221 612 1246 OCTAVUM
631 1221 682 1246 sm
702 1220 936 1246 puocanrrun.
961 1207 1122 1245 Videtur
1139 1208 1247 1257 quod

343 1271 368 1304 4
398 1261 501 1309 Magi
541 1273 622 1298 non
663 1261 934 1298 convenienter
969 1268 1158 1298 venerunt
1197 1261 1246 1297 ad

305 1320 311 1324 ”
340 1311 357 1328 s
394 1313 596 1361 Christum
610 1313 851 1363 adorandum
866 1321 902 1350 et
916 1318 934 1335 ⁶·
946 1312 1223 1350 venerandum.
1226 1312 1247 1334 '¹‘

179 1395 194 1406 Α.
359 1358 385 1401 ὲ
399 1358 615 1419 Unicuique
636 1364 741 1404 enim
760 1365 837 1414 regi
855 1365 1066 1405 reverentia
1086 1364 1247 1403 debetur

184 1408 222 1429 '¹
246 1436 251 1450 τ
263 1415 313 1465 ,ζ’
342 1415 532 1461 subiectis,
561 1416 666 1469 Magi
685 1426 816 1456 autem
833 1430 914 1456 non
933 1426 1039 1456 erant
1061 1418 1110 1455 de
1129 1429 1246 1466 regno

230 1488 249 1503 ι·
267 1482 432 1509 eorum.
460 1472 575 1519 Ergo,
603 1483 709 1508 cum·
723 1483 773 1508 ex
787 1470 935 1508 visione
954 1472 1080 1508 stellae
1108 1482 1246 1518 cogno-

226 1540 230 1542 ·
286 1531 328 1561 nt
358 1532 494 1562 natum
528 1536 610 1560 esse
641 1525 786 1574 Regem
821 1524 1066 1570 Iudaeorum,
1094 1523 1247 1560 videtur

326 1576 641 1614 inconvenienter
667 1583 856 1614 venerunt
889 1577 938 1613 ad
966 1588 1057 1613 eum
1085 1576 1245 1613 adoran-

307 1681 537 1728 PRAETEREA,
563 1682 721 1718 stultum
739 1689 806 1728 est,
825 1681 979 1718 vivente
998 1693 1084 1729 rege
1103 1681 1244 1730 aliquo,

321 1746 413 1771 eum
440 1746 567 1782 regem
596 1734 834 1771 annuntiare.
871 1734 948 1771 Sed
975 1733 1014 1770 in
1042 1745 1159 1782 regno
1187 1736 1246 1771 Iu-

285 1798 307 1824 e
346 1787 526 1835 regnabat
562 1787 748 1823 Herodes.
790 1787 891 1834 Ergo
929 1787 1037 1823 stulte
1077 1787 1247 1823 fecerunt

319 1837 450 1887 regis?
476 1838 711 1876 nativitatem
738 1838 1016 1876 annuntiantes

230 1889 279 1942 333.
315 1892 556 1939 PRAETEREA,
598 1891 735 1928 certius
772 1898 827 1928 est
867 1892 1024 1928 caeleste
1061 1890 1246 1928 indicium

164 1952 311 1996 ψη
335 1945 565 1987 humanum.
595 1944 671 1981 Sed
698 1943 802 1991 Magi
829 1943 971 1980 ducatu
998 1943 1165 1980 caelestis
1191 1943 1246 1981 in—

236 1995 274 2027 ι’
301 1997 349 2035 ab
375 1996 519 2034 oriente
537 2004 722 2034 venerant
739 1996 779 2033 in
797 1996 989 2033 Iudaeam.
1021 1997 1138 2033 Stulte
1158 2008 1247 2044 ergo

237 2057 349 2087 runt
374 2057 524 2098 praeter
548 2049 733 2086 ducatum
761 2049 886 2085 stellae
914 2049 1130 2086 humanum
1152 2048 1247 2086 indi-

263 2119 285 2135 «ι
322 2101 565 2151 requirendo,
585 2101 770 2139 dicentes:
803 2103 877 2139 Ubi
902 2106 952 2138 est
980 2103 1043 2150 qm·
1069 2107 1174 2138 natus
1198 2107 1249 2138 est

235 2171 242 2197 J
302 2153 558 2192 Iudaeorum?

243 2218 280 2255 4.
309 2207 541 2254 PRAETEREA,
561 2218 770 2243 munerum
789 2205 942 2253 oblatio,
963 2213 999 2242 et
1017 2205 1248 2243 adorationis

256 2259 414 2302 erentia,
443 2271 523 2296 non
551 2259 711 2296 debetur
733 2257 805 2295 nisi
824 2258 974 2306 regibus
993 2258 1070 2295 iam
1090 2270 1247 2317 regnan-

158 2327 163 2334 >
191 2309 302 2351 tibus.
332 2312 410 2350 Sed
436 2311 540 2360 Magi
567 2323 647 2348 non
668 2310 897 2348 invenerunt
925 2310 1120 2348 Christum
1148 2311 1248 2358 regia

156 2423 285 2463 ζῶεΐε
311 2424 348 2454 et
373 2416 625 2454 reverentiam
653 2416 795 2464 regiam
822 2415 1088 2453 exhibuerunt.

148 2468 369 2562 mam
393 2528 520 2572 gentes
547 2523 585 2558 in
613 2522 752 2559 lumine
778 2528 852 2568 tuo,
881 2527 915 2558 et
941 2533 1050 2571 reges
1076 2522 1122 2558 in·
1131 2522 1254 2572 sple'm

165 2674 405 2717 Ὗθτειιιίειιῐι
432 2679 697 2717 exhibuerunt.

147 2700 200 2778 1125,
246 2732 469 2773 RESPONDEO
496 2744 677 2770 monimum
703 2732 823 2781 quod,
852 2731 948 2768 sicut
974 2731 1119 2768 dictum
1145 2740 1200 2769 est
1217 2732 1248 2780 ²¹²,

144 2779 298 2833 Magi
325 2792 412 2822 sunt
433 2786 622 2834 primitiae
647 2786 813 2834 gentium
841 2784 880 2821 in
910 2784 1060 2821 Christo
1096 2785 1249 2822 creden-

153 2834 304 2896 mim,
330 2836 371 2874 in
398 2837 538 2886 quibus
565 2837 751 2886 apparuit,
781 2836 876 2874 sicut
894 2836 933 2873 in
952 2837 1124 2886 quodam
1142 2849 1249 2886 prae-

156 2886 312 2939 §asim
339 2889 436 2927 fides
463 2897 500 2927 et
526 2889 681 2926 devotio
708 2889 879 2938 gentium
896 2889 1134 2926 venientium
1155 2902 1178 2926 a
1196 2902 1249 2927 re-

156 2940 310 2980 motis
328 2942 376 2979 ad
396 2941 602 2979 Christum.
626 2943 674 2979 Et
692 2941 792 2988 ideo,
812 2941 908 2979 sicut
927 2941 1080 2979 devotio
1100 2949 1136 2978 et
1153 2942 1250 2979 fides

148 2995 175 3054 j}
192 2993 366 3042 gentium
393 3002 448 3032 est
465 2986 611 3043 absque
630 3006 758 3031 errore
776 3006 846 3043 per
863 2993 1150 3043 inspirationem
1170 2994 1251 3044 Spi-

157 3080 164 3085 .
190 3045 289 3097 ntus
316 3045 453 3093 Sancti,
482 3045 532 3083 ita
559 3046 673 3083 etiam
704 3046 940 3083 credendum
972 3053 1027 3082 est
1053 3047 1252 3094 Magos,a

195 3092 340 3148 Spiritu
359 3099 498 3137 Sancto
526 3098 739 3147 inspiratos,
767 3098 956 3147 sapienter
975 3098 1124 3135 Christo
1146 3111 1251 3136 reve-

176 3150 359 3196 ..rentiam
386 3149 613 3188 exhibuisse.

142 3201 146 3208 ⁴
219 3233 226 3240 .
251 3203 309 3241 An
329 3215 463 3241 PRIMUM
482 3215 579 3240 ERGO
598 3214 778 3240 memnon
807 3203 924 3251 quod,
953 3202 1049 3239 sicut
1076 3203 1252 3251 Augusti-

301 2634 436 2664 errant.
466 2628 567 2675 Ergo
587 2626 691 2675 Magi
709 2626 854 2676 absque
874 2638 1000 2663 errore
1022 2626 1172 2664 Christo
1192 2639 1248 2664 re-

133 3347 172 3352 „
194 3318 307 3358 reges
328 3308 554 3346 Iudaeorum
581 3309 659 3344 nati
673 3307 832 3355 fuissent
850 3313 958 3356 atque
975 3307 1146 3354 defuncti,
1176 3308 1253 3344 nul-

301 3437 469 3463 adnrandum
488 3441 522 3463 et.
540 3452 559 3456 -
576 3438 638 3463 Om.
656 3437 698 3462 BF
717 3442 743 3462 et
760 3438 840 3462 tertia.

255 3469 271 3504 β
299 3473 379 3506 regis.
395 3487 414 3492 —-
430 3473 541 3498 atterius
559 3473 632 3506 regis
650 3473 670 3497 E
690 3478 715 3497 et
733 3473 814 3498 tertia.

204 3544 231 3566 et
241 3540 265 3572 δ,
282 3541 343 3567 Non
355 3542 444 3576 iraque
455 3550 509 3568 rex
521 3543 604 3568 ceteri.
624 3544 674 3567 Pro
692 3550 709 3567 a
721 3550 748 3568 se
760 3542 857 3572 deberi,
871 3550 889 3567 a
901 3542 963 3567 sede
977 3542 1066 3567 deberi
1084 3542 1172 3575 FGpH
1192 3548 1217 3567 et
1229 3542 1252 3568 b.

204 3574 256 3603 Ρῐο
272 3576 430 3608 dubuamt,
449 3577 638 3603 dubitaverunt
655 3578 665 3602 1
683 3583 709 3603 et
727 3578 858 3603 editiones.

829 289 1090 336 QUAESTIO
1119 289 1295 338 XXXVI,
1325 289 1615 328 ARTICULUS
1643 291 1723 328 VIII

141 2360 368 2416 dffllutate
395 2364 612 2412 fulgentem.
642 2365 743 2423 Ergo
770 2363 1083 2400 inconvenienter
1110 2363 1149 2400 ei
1162 2375 1271 2401 mun

341 2481 485 2507 CONTRA
503 2481 568 2507 asT
595 2469 702 2518 quod
730 2468 866 2506 dicitur
892 2468 1008 2506 Isaiae
1026 2481 1085 2509 Lx
1091 2468 1128 2506 *ε
1148 2469 1249 2507 Am-
1266 2493 1271 2499 -·

309 2580 410 2612 ortus
435 2576 497 2612 tui.
527 2574 603 2612 Sed
631 2574 698 2623 qui
724 2574 855 2611 divino
879 2574 1024 2611 lumine
1043 2574 1252 2622 ducuntur,
1264 2607 1270 2612 ..

142 3248 186 3303 ’ᾖ
200 3264 275 3300 nus
298 3255 405 3302 dicit,
434 3255 473 3292 in
502 3255 688 3292 Sermone
715 3256 948 3304 Epiphaniae
964 3254 1002 3300 ²¹²,
1031 3267 1115 3292 cum
1150 3256 1255 3292 multi

2283 292 2356 340 373

860 410 1191 444 commentaria
1214 411 1462 444 Car-dinalis
1485 412 1683 445 Caietam

1351 490 1388 521 11.
1412 490 1448 521 In
1463 492 1670 531 responsione
1695 491 1734 522 ad
1756 493 1894 528 tertium,
1906 493 2049 532 perspice
2071 493 2245 524 Auctorem
2269 503 2356 524 com-

1297 542 1397 564 mune
1410 535 1543 565 verbum
1567 535 1606 565 de
1626 535 1854 575 significatione
1879 542 2075 566 cometarum
2098 536 2292 568 admittendo
2308 547 2356 568 re-

1297 577 1464 617 spondere,
1477 588 1544 608 non
1561 579 1650 618 quod
1664 584 1831 619 propterea
1847 580 1891 609 sic
1906 580 2011 619 ipsum
2028 581 2160 610 sensisse
2178 581 2356 620 putandum

1298 622 1349 651 sit:
1374 621 1439 658 sed,
1459 627 1526 652 esto
1550 622 1637 662 quod
1657 623 1707 658 sit,
1729 623 1929 663 respondisse
1951 624 2193 663 intelligendum
2209 630 2264 655 est.
2290 624 2356 655 Co—

1298 670 1399 695 metes
1422 666 1507 696 enim
1525 675 1593 696 non
1608 667 1708 706 magis
1723 667 1804 706 regis
1820 676 1917 706 quam
1932 668 2080 707 pauperis
2095 668 2204 698 rustici
2218 674 2356 699 mortem

1298 708 1462 748 significat.
1487 708 1549 739 Sed
1571 710 1646 750 quia
1661 716 1779 740 mortes
1796 711 1979 750 principum
1994 717 2154 747 notantur,
2178 721 2356 752 pauperum

1299 757 1406 782 autem
1429 754 1507 783 ratio
1531 762 1599 783 non
1621 754 1770 789 habetur,
1798 754 1871 784 ideo
1895 755 2058 794 vulgatum
2081 760 2127 785 est
2151 755 2239 795 quod
2262 756 2356 795 signi—

1299 795 1374 826 ficat
1395 801 1532 827 mortem
1554 798 1745 837 principum,
1770 798 1795 827 si
1819 798 1936 838 Magno
1960 798 2116 829 credimus
2139 799 2269 830 Alberto
2284 801 2311 830 ἢ.

908 932 910 934 ’
962 948 1281 990 ARTICULUS
1311 948 1584 1002 OCTAvus

305 1041 461 1073 UTRUM
484 1040 595 1072 MAGI
618 1040 960 1071 CONVENIENTER
982 1041 1203 1071 VENERINT
1226 1041 1285 1071 AD
1311 1041 1535 1072 CHRISTUM
1557 1042 1835 1073 ADORANDUM
1857 1043 1915 1073 ET
1939 1044 2242 1076 VENERANDUM

1128 1119 1220 1152 Supra,
1239 1124 1285 1144 art.
1306 1120 1329 1151 3,
1348 1120 1380 1144 ad
1401 1127 1424 1144 ι.

2229 1214 2318 1250 lVon
2338 1213 2358 1235 ’¹‘

1299 1262 1419 1310 itaque
1446 1263 1531 1310 regi
1547 1266 1562 1288 Υ
1589 1261 1816 1298 Iudaeorum
1844 1263 1967 1310 quales
1995 1263 2068 1299 illic
2088 1276 2164 1301 esse
2181 1265 2355 1312 solebant,

1298 1313 1397 1350 hunc
1422 1319 1501 1350 tam
1527 1324 1709 1364 magnum
1737 1314 1916 1352 honorem
1943 1315 2154 1365 longinqui,
2184 1317 2357 1367 alienige-

1299 1378 1388 1412 nae,
1424 1372 1457 1402 et
1485 1367 1532 1404 ab
1559 1364 1688 1404 eodem
1715 1379 1835 1416 regno
1863 1380 2021 1417 prorsus
2054 1371 2240 1416 extranei,
2270 1383 2294 1408 a
2320 1383 2359 1408 se

1298 1417 1425 1455 deberi
1450 1420 1737 1456 arbitrabantur.
1775 1419 1848 1456 Sed
1871 1421 1982 1457 talem
2010 1426 2137 1458 natum
2165 1434 2241 1459 esse
2267 1423 2358 1460 didi-

1298 1476 1427 1508 cerunt
1460 1473 1497 1507 in
1528 1484 1598 1520 quo
1626 1472 1821 1509 adorando
1853 1485 1893 1509 se
1917 1473 2071 1510 salutem
2106 1486 2200 1523 quae
2233 1484 2358 1513 secun-¹

1299 1524 1386 1560 dum
1417 1525 1539 1560 Deum
1576 1530 1626 1560 est
1661 1531 1918 1562 consecuturos
1953 1528 2106 1563 minime
2141 1527 2356 1566 dubitarent.

1352 1577 1408 1613 An
1437 1589 1625 1614 SECUNDUM
1653 1589 1833 1614 DICENDUM
1861 1579 1967 1626 quod
1994 1591 2064 1627 per
2086 1578 2188 1616 illam
2208 1592 2357 1618 annun-

1298 1628 1496 1665 tiationem
1536 1630 1742 1677 Magorum
1782 1630 2110 1678 praefigurabatur
2149 1634 2358 1671 constantia

1298 1681 1469 1729 gentium
1507 1681 1703 1718 Christum
1737 1694 1860 1731 usque
1895 1683 1944 1719 ad
1972 1691 2138 1720 mortem
2174 1686 2358 1723 confiten-

1298 1734 1406 1771 tium.
1436 1734 1547 1771 Unde
1577 1734 1876 1783 Chrysostomus
1904 1735 2007 1782 dicit,
2036 1749 2146 1785 super
2172 1740 2305 1775 Matth.
2325 1739 2356 1786 ²¹²,

1299 1786 1424 1835 quod,
1453 1786 1541 1823 dum
1575 1786 1857 1823 considerabant
1888 1789 2033 1837 Regem
2059 1790 2253 1836 futurum,
2284 1804 2357 1828 non

1298 1841 1473 1875 timebant
1500 1850 1628 1899 regem
1655 1845 1899 1888 praesentem.
1927 1840 2059 1876 Adhuc
2087 1853 2161 1878 non
2193 1843 2360 1880 viderant

1303 1892 1505 1937 Christum,
1534 1897 1568 1927 et
1594 1892 1670 1928 iam
1691 1893 1821 1940 parati
1845 1898 1952 1928 erant
1973 1905 2047 1951 pro
2075 1905 2118 1930 eo
2145 1897 2252 1931 mori.

1354 1944 1411 1980 An
1445 1955 1604 1981 τειιτιυΜ
1638 1955 1819 1981 mCENDUM
1853 1944 1972 1993 quod,
2002 1945 2097 1982 sicut
2124 1947 2359 1995 Augustinus

1300 1995 1400 2042 dicit,
1420 1995 1459 2032 in
1479 1996 1667 2033 Sermone
1684 1997 1918 2045 Epiphaniae
1935 1996 1966 2042 *‚
1985 1998 2088 2035 stella
2107 2011 2201 2047 quae
2218 2002 2360 2061 Magos

1295 2049 1472 2097 perduxit
1505 2048 1556 2085 ad
1581 2049 1703 2085 locum
1738 2051 1802 2086 ubi
1832 2055 1911 2086 erat
1941 2062 2026 2086 cum
2063 2057 2182 2088 matre
2214 2054 2361 2102 virgine

1299 2102 1401 2137 Deus
1428 2101 1564 2148 infans,
1587 2106 1735 2161 poterat
1753 2113 1814 2138 eos
1841 2102 1892 2138 ad
1908 2103 2026 2151 ipsam
2048 2103 2255 2152 perducere
2273 2107 2359 2143 civi-

1299 2159 1423 2190 tatem
1436 2153 1667 2199 Bethlehem,
1696 2155 1734 2190 in
1763 2166 1836 2202 qua
1864 2159 1970 2191 natus
1997 2161 2047 2191 est
2078 2156 2251 2194 Christus.
2289 2159 2362 2195 Sed

1299 2211 1422 2242 tamen
1450 2207 1632 2242 subtraxit
1657 2217 1707 2251 se,
1736 2205 1853 2242 donec
1880 2206 1925 2242 de
1942 2208 2085 2244 civitate
2103 2209 2139 2244 in
2160 2221 2233 2257 qua
2256 2211 2359 2247 Chri-

1299 2263 1373 2295 stus
1401 2263 1631 2303 nasceretur,
1660 2259 1769 2294 etiam
1803 2258 1936 2295 Iudaei
1960 2261 2204 2297 testimonium
2236 2264 2358 2311 perhi-

1298 2312 1448 2348 berent:
1487 2317 1529 2347 ut
1564 2309 1633 2357 sic,
1661 2312 1861 2359 geminato
1887 2313 2091 2349 testimonio
2128 2315 2357 2362 confirmati,

1300 2363 1397 2400 sicut
1422 2364 1505 2400 Leo
1525 2364 1630 2411 Papa
1648 2362 1736 2399 dicit
1754 2362 1784 2410 ³⁸,
1813 2363 2017 2400 ardentiori
2028 2362 2041 2386 δ
2049 2365 2132 2412 fide
2150 2372 2359 2415 expeterent

1300 2427 1408 2466 quem
1437 2421 1471 2452 et
1491 2415 1619 2452 stellae
1637 2415 1796 2461 claritas,
1817 2421 1849 2452 et
1863 2417 2081 2465 prophetiae
2102 2419 2359 2466 manifestabat

1301 2470 1509 2506 auctoritas.
1538 2488 1570 2495 -
1573 2468 1673 2505 Ita
1701 2467 1772 2516 ipsi
1799 2470 2020 2505 annuntiant
2057 2469 2194 2506 Christi
2225 2471 2358 2508 nativi-

1298 2517 1438 2567 statems·
1452 2526 1505 2558 et.
1518 2521 1750 2569 interrogant
1776 2521 1917 2567 locum,
1938 2521 2091 2558 credunt
2109 2528 2142 2558 et
2165 2531 2355 2571 quaerunt,

1299 2579 1477 2623 tanquam
1503 2574 1752 2623 significantes
1780 2585 1841 2610 eos
1869 2575 1932 2623 qui
1956 2575 2146 2611 ambulant
2158 2587 2230 2624 per
2235 2577 2362 2624 fidem'

1301 2633 1335 2664 et
1356 2626 1563 2664 desiderant
1579 2627 1754 2675 speciem:
1782 2633 1824 2662 ut
1842 2626 2076 2674 Augustinus
2095 2627 2193 2673 dicit,
2214 2627 2253 2664 in
2273 2629 2357 2666 Ser-

1302 2691 1419 2716 mone
1446 2680 1679 2728 Epiphaniae
1696 2677 1726 2714 *.
1756 2700 1781 2704 -
1809 2678 1937 2715 Iudaei
1965 2686 2113 2724 autern,
2151 2679 2357 2718 indicantes

1302 2732 1355 2769 eis
1383 2733 1514 2769 locum
1541 2729 1741 2768 nativitatis
1761 2730 1910 2777 Christi,
1938 2732 2072 2768 similes
2080 2733 2181 2779 facti
2195 2739 2277 2769 sunt
2293 2734 2358 2781 fa-

1301 2786 1376 2822 bris
1403 2796 1517 2821 arcae
1543 2784 1639 2829 Noe,
1669 2785 1732 2832 qui
1757 2783 1838 2820 aliis
1865 2785 1928 2820 ubi
1953 2784 2147 2821 evaderent
2171 2787 2358 2834 praestite-

1303 2843 1406 2883 runt,
1436 2842 1469 2873 et
1500 2837 1570 2885 ipsi
1602 2835 1736 2872 diluvio
1768 2837 1967 2883 perierunt.
1995 2836 2201 2873 Audierunt
2235 2843 2268 2874 et
2294 2841 2357 2875 ab-

1302 2891 1422 2926 ierunt
1456 2889 1704 2937 inquisitores:
1737 2887 1909 2924 dixerunt
1942 2893 1975 2924 et
2006 2896 2261 2926 remanserunt
2294 2891 2358 2927 do-

1301 2947 1429 2987 ctores,
1457 2941 1592 2978 similes
1618 2939 1798 2989 lapidibus
1822 2939 2000 2985 miliariis,
2029 2942 2093 2989 qui
2116 2942 2216 2978 viam
2244 2948 2358 2980 osten-

1303 2995 1403 3039 dunt,
1424 3005 1491 3030 nec
1508 2993 1698 3029 ambulant
1715 2991 1745 3027 ²⁸.

1304 3054 1359 3083 est
1386 3053 1445 3092 ut,
1474 3051 1630 3093 aspectu
1658 3045 1782 3080 stellae
1811 3044 2021 3090 subtracto,
2050 3045 2153 3093 Magi
2184 3046 2358 3085 humano

1305 3110 1419 3135 sensu
1447 3097 1542 3133 irent
1568 3096 1608 3133 in
1635 3097 1859 3143 Ierusalem,
1892 3100 2117 3144 quaerentes
2144 3097 2184 3134 in
2212 3098 2358 3137 civitate

1298 1209 1375 1245 lum
1403 1220 1533 1245 eorum
1558 1210 1675 1258 Magi
1697 1209 1930 1246 adorandum
1959 1213 2200 1259 quaeszQerunt

1305 3150 1406 3209 regia
1432 3150 1579 3196 Regem
1606 3155 1750 3194 natum,
1770 3155 1812 3184 ut
1830 3148 1870 3184 in
1888 3149 2088 3186 Ierusalem
2118 3150 2244 3199 primo
2266 3152 2359 3189 nati-

1305 3203 1400 3239 vitas
1439 3200 1576 3238 Christi
1611 3200 1763 3250 publice
1800 3201 2106 3248 annuntiaretur,
2144 3204 2359 3242 secundum

1306 3254 1398 3292 illud
1434 3253 1549 3290 Isaiae
1576 3265 1597 3290 11
1621 3252 1658 3300 ³¹⁶,
1686 3254 1745 3289 De
1771 3255 1858 3290 Sion
1894 3255 2005 3291 exibit
2032 3254 2113 3301 lex,
2143 3261 2176 3292 et
2205 3259 2359 3294 verbum

1305 3308 1461 3344 Domini
1485 3306 1531 3342 de
1557 3306 1781 3343 Ierusalem.-
1812 3314 1848 3342 et
1876 3312 1913 3342 ut
1940 3309 2048 3344 etiam
2075 3308 2192 3345 studio
2219 3311 2360 3359 Mago-

1358 3436 1384 3470 δ)
1402 3437 1560 3462 ardentiori.
1577 3437 1753 3462 -attentiori
1771 3437 1794 3462 H
1813 3442 1839 3462 et
1857 3439 1988 3463 editiones.

1359 3472 1381 3506 ε)
1401 3473 1482 3498 Ita.-
1496 3473 1531 3497 Et
1545 3473 1584 3497 ita
1596 3473 1664 3498 ΡΙ,-
1676 3473 1725 3497 Pro
1739 3474 1909 3502 annuntiant,
1926 3473 2031 3498 Iudaeis
2049 3473 2212 3498 annuntiant
2224 3473 2270 3506 pF.
2283 3473 2360 3507 Magi

254 3513 271 3540 γ
299 3506 360 3532 Non
373 3507 461 3540 itaque
472 3508 571 3541 regi.—
589 3507 658 3532 PIsH
673 3513 698 3532 et
710 3515 756 3538 ac;
774 3507 834 3532 Non
849 3507 938 3540 itaque
950 3507 1022 3540 regis
1034 3507 1170 3539 F,1taque
1185 3507 1251 3540 GpH
1308 3507 1413 3533 Iudaeis
1431 3507 1593 3533 annuntiant
1611 3507 1653 3539 sF,
1672 3508 1834 3532 annuntiant
1854 3509 1959 3534 Iudaeis
1977 3508 1997 3532 E
2017 3512 2042 3532 et
2059 3508 2141 3534 tertia.

1766 2991 1895 3028 —Div
1876 3004 1951 3028 mo
1971 2991 2084 3029 etiam
2102 3000 2199 3030 nutu
2217 2994 2357 3032 factum
2386 3003 2396 3013 ¹

2384 762 2450 784 'De
2472 763 2512 784 Me
2512 765 2534 784 te
2522 770 2572 785 eort

2383 789 2424 810 lib.
2438 789 2455 815 Ι
2475 793 2538 812 tract
2558 796 2594 816 ιιι,

2385 820 2434 843 cap.
2449 822 2480 837 xi

2385 1215 2439 1236 ‘ln
2460 1215 2565 1243 Appendi
2560 1222 2594 1237 ice

2385 1242 2505 1289 0234&ss
2509 1242 2561 1289 ‚⁵15
2563 1248 2596 1289 ¹32·

2387 1294 2463 1325 Temp.
2470 1283 2594 1320 XXXVu'n

2385 1320 2419 1348 Ep
2422 1321 2468 1348 iph.
2484 1321 2519 1346 11).

2387 1743 2478 1795 Μοῧιῖ
2473 1749 2509 1790 ''i''
2511 1743 2556 1770 “f
2552 1749 2597 1790 11⁰¹

2385 1772 2447 1842 lui}
2454 1775 2597 1823 Ορέῗὴῑγ-

2388 2007 2485 2029 ’.Serm
2507 2008 2545 2029 CC
2568 2009 2597 2029 al

2387 2034 2417 2055 de
2436 2034 2512 2065 remp.
2533 2023 2598 2055 :lxx

2388 2061 2428 2087 (in
2448 2060 2596 2088 Eprpl1.11),

2388 2093 2438 2114 cap.
2454 2092 2478 2108 ιι.

2386 2379 2480 2401 ‘Seri-n.
2489 2379 2595 2405 XXXIV,

2386 2406 2414 2427 al.
2439 2405 2535 2428 xxxin
2559 2406 2596 2432 (in

2385 2431 2469 2480 ffpiph.
2479 2432 2533 2458 IV),
2545 2438 2596 2459 cap.

2482 2485 2496 2510 δ

2482 2529 2494 2546 ε

2386 2685 2483 2708 ⁸.Serm
2493 2685 2595 2712 CXCIX,

2384 2712 2437 2733 aliet
2425 2718 2449 2733 er
2470 2712 2499 2733 de
2510 2712 2594 2743 Temp.

2385 2738 2513 2760 xxx1v1
2497 2738 2515 2763 (i
2515 2745 2529 2760 n
2540 2738 2596 2766 Epi-

2381 2764 2456 2792 phan.
2470 2764 2496 2792 11,
2514 2771 2564 2792 cap.
2579 2771 2594 2786 ι.

2410 3004 2446 3024 Au
2463 3006 2506 3025 ust.
2520 3003 2595 3025 Serm.

2386 3029 2598 3078 ,ι

2387 3260 2397 3269 ’
2411 3258 2478 3281 Vers.
2492 3265 2512 3288 3.
