2872 3970
427 291 504 327 230

1120 287 1384 335 QUAESTIO
1413 286 1548 333 XVIII,
1578 285 1870 323 ARTICULUS
1898 286 1913 322 I

971 511 1381 591 QUAESTIO
1418 509 2069 566 DECIMAOCTAVA

726 635 810 675 DE
842 631 1114 675 UNITATE
1147 629 1386 671 CHRISTI
1421 628 1728 680 QUANTUM
1761 628 1848 669 AD
1882 628 2310 671 VOLUNTATEM

1269 743 1304 769 IN
1332 743 1399 768 SEX
1426 742 1628 769 ARTICULOS
1654 742 1768 768 DIVISA

287 859 303 875 α
513 855 618 882 amm-2
647 841 971 879 considerandum
998 847 1052 875 est
1079 838 1128 875 de
1154 836 1297 874 unitate
1323 841 1339 857 ²
1367 847 1489 884 quan-

432 855 508 937 D
512 914 595 943 tum
623 905 672 942 ad
699 904 939 940 voluntatem
956 901 987 937 '¹‘.

429 968 478 1005 Et
504 966 603 1003 circa
631 966 706 1002 hoc
734 970 972 1013 quaeruntur
998 974 1075 998 sex.

482 1027 633 1065 Primo:
664 1033 795 1063 utrum
823 1024 863 1061 in
892 1023 1044 1061 Christo
1073 1021 1118 1058 sit
1146 1021 1218 1058 alia
1236 1021 1415 1058 voluntas
1436 1019 1492 1057 di-

534 1089 637 1134 vina,
666 1095 702 1124 et
730 1085 802 1124 alia
830 1087 1014 1122 humana.

484 1151 685 1189 Secundo:
715 1157 846 1186 utrum
866 1147 905 1185 in
924 1149 1098 1184 humana
1125 1154 1262 1183 natura
1290 1144 1430 1182 Christi
1449 1145 1495 1182 sit

536 1211 609 1249 alia
629 1212 808 1248 voluntas
837 1208 1097 1254 sensualitatis,
1118 1215 1154 1244 et
1173 1207 1245 1245 alia
1273 1206 1439 1244 rationis.

189 920 201 930 ⁸
223 919 260 941 Cf.
284 925 322 946 qu.
344 923 401 944 xvu,

189 945 277 967 Introd.

1598 835 1750 873 Tertio:
1780 843 1912 874 utrum
1940 836 2160 887 inflChristo
2187 837 2326 876 fuerint
2349 849 2396 875 ex
2418 845 2524 888 parte
2550 850 2610 876 rra·

1652 889 1765 926 tionis
1792 890 1922 939 plures
1948 891 2175 928 voluntates.

1601 942 1770 989 Quarto:
1809 949 1941 980 utrum
1969 942 2009 980 in
2038 943 2190 981 Christo
2217 944 2329 982 fuerit
2355 943 2519 982 liberum
2551 955 2611 981 ar·

1653 995 1822 1032 bitrium.
2338 1023 2340 1028 .

1602 1047 1770 1095 Quinto:
1801 1055 1933 1086 utrum
1951 1049 2126 1086 humana
2144 1050 2322 1087 voluntas
2343 1049 2482 1087 Christi
2500 1049 2613 1098 fuerit

1655 1100 1816 1138 omnino
1832 1101 2040 1139 conformis
2054 1102 2206 1140 divinae
2220 1102 2408 1140 voluntati
2425 1102 2466 1140 in
2479 1102 2609 1141 volito.

1603 1154 1740 1191 Sexto:
1769 1161 1902 1205 utrum
1931 1154 1970 1191 in
2000 1154 2152 1193 Christo
2177 1155 2288 1192 fuerit
2315 1155 2443 1206 aliqua
2463 1163 2612 1193 contra-

1656 1206 1767 1244 rietas
1795 1208 2050 1244 voluntatum.

1243 1325 1563 1368 ARTICULUS
1594 1325 1803 1367 PRIMUS

652 1421 808 1453 UTRUM
833 1421 875 1451 [N
900 1419 1089 1451 cnmsro
1114 1418 1212 1450 SINT
1235 1418 1356 1450 DUAE
1378 1417 1684 1454 VOLUNTATEs‚
1708 1418 1800 1449 UNA
1822 1417 1972 1448 DIVINA
1994 1418 2053 1449 ET
2075 1418 2179 1450 ALIA
2201 1419 2392 1450 HUMANA

626 1501 657 1525 111
678 1501 761 1529 Sent„
782 1500 840 1525 dist.
858 1507 919 1531 xvn,
938 1503 985 1524 art.
1007 1505 1030 1529 1,
1049 1497 1099 1531 qu⁸
1121 1504 1148 1529 ¹5
1168 1497 1202 1522 1v
1223 1497 1300 1522 Cont.
1322 1497 1411 1557 ῗεηῖη
1431 1504 1487 1529 cap.
1505 1503 1593 1526 xxxv-15
1610 1497 1759 1556 ¹Compend.
1783 1494 1880 1526 Theol„
1900 1504 1956 1530 cap.
1975 1504 2058 1528 ccxn;
2080 1497 2109 1523 In
2129 1497 2236 1527 Matrh„
2256 1505 2311 1531 cap.
2328 1505 2401 1530 xxv13

1342 1539 1358 1556 n
1392 1539 1463 1561 oan.,
1483 1539 1539 1564 cap.
1557 1538 1591 1562 vi,
1620 1537 1669 1557 ect.
1686 1539 1721 1558 iv.

467 1645 526 1671 Γ,
551 1656 592 1674 ’,Γ
644 1638 666 1662 D
695 1636 830 1661 Palmum
858 1635 909 1660 sm
938 1633 1173 1659 PROCEDITUR.
1203 1620 1365 1658 Videtur
1387 1619 1494 1670 quod

558 1670 619 1712 ‘¹5²7
644 1678 684 1714 in
713 1676 864 1714 Christo
902 1687 982 1712 non
1019 1675 1093 1712 sint
1129 1674 1228 1711 duae
1256 1675 1494 1719 voluntates,

583 1725 584 1728 ¹
644 1742 723 1767 una
761 1729 892 1766 divina
920 1736 956 1764 et
984 1727 1056 1764 alia
1087 1728 1270 1764 humana.
1309 1727 1496 1764 Voluntas

434 1838 474 1875 in
501 1848 742 1886 unoquoque
770 1836 933 1872 volente.
972 1833 1047 1871 Sed
1076 1833 1116 1870 in
1146 1832 1296 1870 Christo
1324 1832 1496 1882 primum

434 1902 598 1927 movens
627 1897 663 1925 et
690 1889 884 1938 imperans
913 1886 981 1924 fuit
1008 1887 1187 1923 voluntas
1219 1885 1366 1922 divina:
1406 1884 1497 1934 quia

435 1943 567 1980 omnia
603 1943 776 1979 humana
811 1941 849 1977 in
879 1940 1031 1977 Christo
1067 1938 1326 1976 movebantur
1362 1950 1496 1974 secun-

436 1997 531 2033 dum
568 1996 806 2032 voluntatem
843 1993 1027 2030 divinam.
1066 1993 1168 2040 Ergo
1205 1991 1357 2028 videtur
1390 1990 1497 2040 quod

435 2049 474 2086 in
504 2048 655 2086 Christo
684 2060 765 2084 non
793 2046 903 2083 fuerit
930 2045 1002 2082 nisi
1030 2057 1109 2082 una
1135 2046 1331 2090 voluntas,
1361 2043 1499 2080 scilicet

436 2101 576 2139 divina.

491 2166 524 2191 2.
546 2156 779 2196 Pmuzrmm,
795 2152 1091 2189 instrumentum
1113 2163 1194 2187 non
1213 2157 1393 2187 movetur
1410 2161 1498 2199 pro-

435 2207 517 2256 pria
544 2209 751 2251 voluntate,
781 2206 847 2242 sed
866 2207 1062 2242 voluntate
1090 2203 1292 2240 moventis
1328 2202 1405 2240 Sed
1433 2214 1499 2239 na-

298 2265 312 2299 β
436 2268 520 2297 tura
547 2261 719 2296 humana
746 2259 786 2296 in
815 2257 966 2295 Christo
1001 2257 1070 2294 suit
1106 2254 1421 2293 instrumentum?
1449 2255 1499 2292 di-

202 2322 410 2370 ’3⁸¹¹‘3⁸‘{”·=,-‘{,²
437 2315 593 2350 vinitatis
621 2316 697 2349 eius
715 2312 746 2348 ²³⁶.
781 2313 882 2359 Ergo
911 2319 1047 2347 natura
1079 2311 1252 2347 humana
1279 2309 1319 2346 in
1348 2308 1499 2345 Christo

200 2351 356 2403 niceno-''xi’-
378 2355 384 2370 ¹
404 2365 408 2369 '
437 2378 516 2402 non
544 2366 774 2402 movebatur
800 2364 955 2413 propria
978 2364 1186 2407 voluntate,
1208 2362 1275 2399 sed
1303 2361 1444 2399 divina.

493 2419 526 2455 3.
566 2420 806 2462 PRAETEREA,
847 2417 940 2454 illud
979 2417 1106 2453 solum
1148 2414 1420 2464 multiplicatur
1460 2414 1500 2451 in

440 2472 590 2509 Christo
610 2472 717 2520 quod
745 2470 906 2519 pertinet
934 2469 982 2507 ad
1001 2477 1190 2506 naturam.
1220 2469 1406 2505 Voluntas
1433 2480 1500 2504 au-

438 2533 517 2562 tem
544 2537 624 2561 non
651 2524 803 2560 videtur
830 2523 879 2560 ad
907 2530 1084 2559 naturam
1103 2521 1312 2571 pertinere:
1343 2520 1434 2570 quia
1455 2533 1501 2557 ea

439 2590 538 2627 quae
567 2585 655 2614 sunt
683 2576 884 2621 naturalia,
914 2584 1002 2612 sunt
1030 2588 1076 2612 ex
1113 2574 1355 2620 necessitate;
1393 2573 1501 2623 quod

441 2638 569 2667 autem
611 2638 666 2666 est
701 2629 980 2674 voluntarium,
1019 2640 1099 2665 non
1137 2635 1192 2664 est
1227 2626 1499 2664 necessarium.

441 2684 542 2731 Ergo
570 2684 747 2719 voluntas
776 2689 830 2718 est
858 2693 936 2718 una
962 2689 1111 2718 tantum
1139 2681 1178 2718 in
1209 2680 1372 2717 Christo.

494 2748 530 2783 4.
561 2737 791 2780 PRAETEREA,
817 2735 1080 2771 Damascenus
1108 2733 1208 2780 dicit,
1229 2733 1268 2770 in
1287 2734 1333 2770 III
1352 2732 1449 2770 libro
1468 2732 1500 2778 ²¹³,

442 2789 547 2837 quod
576 2788 782 2837 aliqualiter
800 2788 892 2825 velle
911 2800 984 2823 non
1014 2793 1064 2823 est
1083 2793 1250 2833 naturae,
1269 2786 1335 2823 sed
1354 2792 1502 2823 nostrae

443 2842 718 2890 intelligentiae,
749 2840 887 2877 scilicet
914 2839 1134 2889 personalis.
1173 2840 1249 2877 Sed
1278 2839 1404 2876 omnis
1431 2850 1500 2875 vo-

206 2745 215 2754 ·
231 2744 297 2769 lbid..
310 2750 359 2772 cap.
370 2750 414 2766 xiv.

304 2905 319 2930 γ
443 2895 566 2930 luntas
601 2902 655 2930 est
683 2893 853 2942 aliqualis
881 2894 1078 2930 voluntas:
1119 2892 1210 2942 quia
1238 2905 1312 2930 non
1332 2897 1348 2920 Υ
1377 2897 1427 2929 est
1461 2892 1498 2928 in

209 2954 416 3001 ''grisltgt-‚ssplcf
443 2958 581 2995 genere
608 2946 706 2995 quod
728 2959 800 2982 non
822 2952 871 2982 est
899 2948 935 2982 in
956 2947 1081 2995 aliqua
1100 2948 1177 2982 eius
1201 2947 1320 2995 specie
1337 2944 1368 2982 *.
1398 2945 1500 2992 Ergo

210 2996 268 3028 nsi*-
305 2997 310 3006 '
360 2987 381 3007 β’
411 2997 416 3005 “
445 2998 570 3035 omnis
606 3000 781 3035 voluntas
818 2999 865 3035 ad
902 3011 1108 3047 personam
1145 2998 1316 3047 pertinet.
1356 2997 1433 3035 Sed
1461 2997 1500 3033 in

306 3051 319 3075 δ
446 3051 595 3088 Christo
623 3051 691 3088 fuit
726 3059 874 3088 tanturn
903 3059 938 3088 et
966 3059 1020 3088 est
1048 3063 1127 3088 una
1145 3050 1158 3073 δ
1186 3063 1362 3100 persona.
1399 3051 1500 3098 Ergo

446 3103 484 3139 in
513 3103 663 3140 Christo
692 3111 745 3139 est
772 3111 920 3140 tantum
949 3117 1026 3141 una
1053 3105 1242 3141 voluntas.

500 3157 572 3193 SED
589 3168 730 3192 CONTRA
746 3167 810 3192 EsT
825 3157 930 3204 quod
949 3157 1141 3193 Dominus
1155 3156 1255 3203 dicit,
1271 3158 1366 3194 Luc.
1383 3155 1498 3193 xxn*:

447 3209 568 3252 Pater,
587 3209 620 3244 si
645 3209 710 3252 vis,
730 3209 891 3254 transfer
917 3209 1068 3245 calicem
1096 3211 1202 3246 istum
1221 3223 1245 3246 a
1263 3222 1332 3246 me.
1362 3211 1501 3247 Verun-

447 3266 569 3296 tamen
599 3272 672 3296 non
701 3271 784 3295 mea
812 3260 989 3306 voluntas,
1017 3262 1082 3297 sed
1106 3268 1168 3298 tua
1186 3264 1270 3310 fiat.
1301 3261 1420 3309 Quod
1448 3261 1500 3299 in-

214 3323 222 3331 ·
246 3321 280 3342 De
300 3320 369 3347 Fide,
391 3322 423 3342 ad
450 3312 592 3348 ducens
620 3311 858 3356 Ambrosius,
880 3311 918 3347 in
938 3311 1032 3348 libro
1061 3314 1110 3349 ad
1131 3315 1351 3351 Gratianum
1379 3317 1500 3365 Impe-

213 3347 421 3402 3{,“‘a·s.'25'.;¹¹.;.⁶⁸;31
451 3370 610 3401 rator-em
620 3364 651 3410 *,
672 3363 774 3400 dicit:
796 3365 893 3399 Sicut
911 3371 1117 3412 susceperat
1130 3367 1350 3404 voluntatem
1365 3379 1500 3415 meam,

212 3155 221 3165 ⁸
235 3154 300 3176 Vers.
315 3161 351 3181 4²·

504 3499 520 3515 α
552 3492 660 3517 unitate.
677 3507 695 3510 -
717 3492 815 3517 Otr-isti
833 3493 901 3517 addit
921 3493 948 3517 Β.

505 3494 531 3558 βξ
550 3526 760 3552 inm-amentum.
779 3542 797 3546 —
814 3528 882 3552 sicut
901 3527 1103 3552 instrumentum
1121 3530 1200 3555 tertia.

505 3562 531 3593 γ)
551 3569 609 3586 non.
628 3575 646 3580 -
663 3562 729 3586 nihi!
749 3563 781 3592 Ρ;
801 3571 848 3594 pro
866 3565 904 3587 est
923 3563 1003 3586 altero
1022 3563 1086 3592 loco,
1105 3563 1140 3587 sit
1158 3565 1238 3589 tertia.

504 3595 529 3629 ὃ)
549 3599 651 3621 tantum
670 3600 695 3621 et
713 3601 751 3621 est
771 3604 832 3622 una.
850 3611 868 3615 —
886 3600 912 3622 et
930 3600 968 3622 est
988 3604 1040 3621 una
1059 3601 1162 3622 tantum
1181 3598 1200 3622 F
1220 3605 1244 3623 et
1263 3601 1343 3625 tertia.

1547 1622 1702 1670 suscepit
1719 1621 1901 1657 tristitiam
1919 1633 2054 1658 meam.
2083 1621 2143 1668 Et,
2162 1633 2274 1671 super
2292 1623 2436 1660 Lucam
2454 1621 2486 1670 ⁸¹,
2505 1622 2613 1663 dicit:
2641 1626 2652 1638 ⁸
2666 1625 2726 1650 0⁰¹³

1557 1673 1788 1711 Voluntatem
1814 1685 1921 1710 suam
1949 1674 2000 1711 ad
2024 1675 2212 1711 hominem
2241 1675 2382 1712 retulit.-
2406 1676 2541 1724 Patris,
2563 1677 2617 1717 ad

1549 1726 1785 1764 divinitatem.
1818 1726 1993 1764 Voluntas
2018 1728 2117 1764 enim
2139 1728 2298 1764 hominis
2317 1733 2367 1765 est
2384 1729 2616 1779 temporalis:

1550 1779 1720 1816 voluntas
1747 1779 1943 1817 divinitatis
1970 1786 2133 1817 aeterna.

1604 1833 1830 1869 Responmzo
1857 1844 2039 1870 memnon
2067 1833 2174 1882 quod
2208 1832 2369 1883 quidam
2400 1840 2615 1884 posuerunt

1551 1883 1591 1921 in
1620 1884 1772 1922 Christo
1791 1897 1873 1922 esse
1901 1897 2022 1922 unam
2041 1886 2164 1923 solam
2191 1887 2449 1925 voluntatem:
2479 1887 2547 1926 sed
2565 1885 2614 1927 ad

1551 1938 1628 1974 hoc
1654 1937 1883 1986 ponendum
1911 1937 2169 1975 diversimode
2197 1938 2293 1976 moti
2321 1951 2403 1977 esse
2422 1940 2612 1979 videntur.

1552 1990 1782 2039 Apollinaris
1819 1990 1924 2028 enim
1959 2003 2040 2028 non
2076 1991 2205 2040 posuit
2241 1992 2412 2030 animam
2433 1998 2446 2014 ⁸
2472 1993 2614 2032 intelle-

1553 2045 1718 2080 ctualem
1746 2043 1785 2080 in
1806 2043 1977 2081 Christo:
2008 2044 2075 2081 sed
2094 2045 2200 2094 quod
2219 2045 2394 2083 Verbum
2413 2054 2511 2084 esset
2527 2047 2615 2086 loco

1553 2095 1725 2141 animae,
1754 2097 1816 2133 vel
1843 2096 1958 2133 etiam
1986 2098 2072 2134 loco
2100 2097 2320 2135 intellectus.
2359 2099 2494 2146 Unde,
2523 2111 2615 2138 cum

1553 2149 1722 2186 voluntas
1743 2151 1788 2186 sit
1815 2151 1852 2186 in
1873 2152 2027 2196 ratione,
2048 2157 2090 2187 ut
2109 2150 2368 2200 Philosophus
2391 2151 2492 2199 dicit,
2511 2152 2551 2190 in
2569 2153 2615 2191 ΙΙΙ

1553 2202 1599 2239 de
1610 2203 1751 2239 Anima
1765 2202 1797 2248 *‚
1817 2202 2049 2252 sequebatur
2067 2203 2174 2252 quod
2193 2203 2232 2240 in
2248 2204 2400 2242 Christo
2419 2217 2500 2242 non
2517 2213 2616 2244 esset
2643 2205 2669 2254 ⁸,

1553 2256 1732 2292 voluntas
1751 2255 1943 2293 humana:
1973 2263 2010 2292 et
2030 2255 2080 2293 ita
2098 2256 2138 2293 in
2157 2268 2204 2294 eo
2223 2269 2304 2294 non
2323 2265 2420 2295 esset
2446 2257 2519 2296 nisi
2537 2270 2617 2297 una

1554 2309 1743 2345 voluntas.
1774 2331 1799 2335 -
1827 2309 1875 2345 Et
1902 2308 2072 2346 similiter
2099 2310 2306 2359 Eutyches,
2326 2318 2362 2347 et
2382 2323 2520 2349 omnes
2547 2311 2616 2362 qui

1553 2369 1768 2410 posuerunt
1795 2373 1916 2398 unam
1943 2369 2121 2399 naturam
2158 2362 2413 2412 compositam
2440 2363 2480 2401 in
2509 2364 2616 2403 Chri-

1554 2422 1625 2460 sto,
1646 2414 1879 2462 cogebantur
1896 2426 2041 2464 ponere
2060 2427 2181 2452 unam
2199 2416 2437 2454 voluntatem
2455 2416 2496 2454 in
2514 2429 2574 2455 eo.
2589 2439 2615 2445 —

1554 2467 1756 2504 Nestorius
1783 2467 1910 2513 etiam,
1937 2467 2004 2517 qui
2030 2467 2159 2517 posuit
2185 2467 2370 2506 unionem
2390 2468 2464 2507 Dei
2490 2477 2527 2507 et
2544 2470 2616 2508 ho·

1554 2519 1669 2557 minis
1697 2532 1778 2557 esse
1806 2521 1943 2557 factam
1971 2521 2098 2558 solum
2126 2521 2342 2558 secundum
2370 2522 2552 2560 affectum
2579 2530 2616 2561 et

1554 2574 1805 2620 voluntatem,
1825 2573 1954 2622 posuit
1980 2585 2101 2610 unam
2123 2574 2366 2619 ,voluntatem
2389 2574 2428 2612 in
2449 2575 2612 2615 Christo.

1608 2626 1864 2663 Postmodum
1895 2638 1989 2663 vero
2025 2626 2218 2664 Macarius
2245 2627 2508 2666 Antiochenus
2544 2629 2615 2667 Pa-

1554 2678 1729 2725 triarcha‚
1745 2686 1781 2715 et
1801 2679 1924 2728 Cyrus
1939 2677 1951 2703 t
1969 2678 2262 2726 Alexandrinus,
2283 2687 2319 2717 et
2340 2675 2494 2729 Sergius
2513 2681 2616 2720 Con-

1555 2731 1924 2781 stantinopolitanuS,
1940 2739 1976 2768 et
1995 2731 2154 2781 quidam
2174 2745 2312 2770 eorum
2331 2745 2526 2783 sequaces,
2545 2745 2615 2784 po-

1555 2792 1714 2822 suerunt
1741 2784 1780 2821 in
1814 2784 1965 2821 Christo
1993 2797 2114 2822 unam
2150 2787 2408 2832 voluntatem,
2437 2786 2616 2836 quamvis

1554 2845 1742 2887 ponerent
1761 2837 1857 2874 duas
1885 2845 2039 2875 naturas
2064 2837 2103 2875 in
2131 2838 2283 2876 Christo
2310 2839 2527 2877 secundum
2545 2841 2616 2891 hy-

1554 2889 1739 2940 postasim
1758 2890 1902 2927 unitas:
1933 2890 2024 2940 quia
2043 2891 2300 2940 opinabantur
2317 2892 2424 2942 quod
2443 2893 2617 2931 humana

1554 2951 1690 2980 natura
1717 2942 1756 2979 in
1785 2943 1937 2980 Christo
1965 2956 2169 2993 nunquam
2202 2945 2432 2983 movebatur
2457 2945 2615 2996 proprio

1555 3003 1684 3042 motu,
1714 2996 1780 3032 sed
1808 2998 1935 3033 solum
1963 2997 2179 3034 secundum
2215 2998 2322 3047 quod
2350 3005 2430 3036 erat
2460 3005 2567 3036 mota
2593 3010 2616 3036 a

1555 3048 1770 3095 divinitate,
1800 3057 1841 3086 ut
1868 3057 1970 3098 patet
2006 3049 2046 3087 in
2083 3050 2253 3100 Epistola
2290 3050 2483 3101 Synodica
2517 3052 2615 3100 Aga-

1555 3101 1683 3138 thonis
1702 3103 1829 3151 Papae
1848 3102 1878 3139 *.
1909 3125 1934 3130 —
1954 3103 2002 3140 Et
2020 3102 2108 3140 ideo
2127 3102 2166 3140 in
2186 3103 2299 3141 Sexta
2319 3103 2490 3153 Syn0d0‚
2510 3104 2616 3154 apud
2643 3105 2654 3116 ⁸

1557 3154 1930 3205 Constantinopolim
1968 3155 2154 3193 celebrata
2172 3155 2208 3202 *,
2237 3155 2532 3194 determinatum
2560 3164 2616 3194 est
2642 3185 2654 3198 .
2700 3142 2703 3149 “

1556 3215 1732 3257 oportere
1760 3207 1834 3245 dici
1862 3208 1970 3258 quod
1997 3208 2037 3246 in
2066 3208 2218 3247 Christo
2246 3209 2319 3246 sint
2350 3208 2450 3246 duae
2477 3210 2615 3248 volun-

1555 3269 1666 3298 tates:
1701 3260 1768 3298 ubi
1796 3261 1849 3298 sic
1876 3261 2029 3310 legitur:
2067 3263 2180 3300 quta
2212 3262 2311 3312 quod
2342 3262 2431 3300 olim
2457 3263 2616 3313 prophe-

1555 3320 1614 3351 tae
1641 3314 1687 3352 de
1717 3315 1873 3361 Christo,
1903 3320 1936 3351 et
1963 3316 2039 3364 ipse
2066 3327 2132 3352 nos
2160 3315 2326 3361 erudivit,
2346 3321 2380 3352 et
2402 3321 2616 3353 sanctorum

1555 3368 1709 3404 Patr-um
1739 3369 1842 3405 nobis
1867 3367 2016 3405 tradidit
2043 3368 2273 3417 Symbolum,
2298 3368 2390 3406 duas
2415 3369 2618 3407 voluntates

1607 3497 1634 3566 ἐξ
1653 3505 1790 3567 ἕζνιζτιῖτη-Ι-
1798 3498 1887 3559 -Ειξῑε
1897 3501 2184 3566 εἷεὲωέἱῷιῗῖἓαῖἱ
2201 3539 2224 3563 c,
2242 3532 2311 3566 aptis
2330 3533 2352 3563 b,
2375 3532 2514 3566 ciprianus
2531 3533 2572 3560 ed.
2590 3540 2616 3564 a,

1558 3568 1654 3600 Ciprus
1673 3569 1763 3599 ceteri;
1783 3569 1858 3594 Alias
1880 3569 1968 3601 Cipus,
1987 3575 2032 3594 seu
2055 3567 2135 3602 Πρω
2155 3575 2245 3601 margo
2264 3568 2292 3595 Ρ.
