2872 3970
263 840 273 851 ¹·
289 839 324 861 ef.
340 845 378 866 qu.
389 845 425 866 κι,
435 838 474 860 In·

263 866 323 887 trod.

316 2613 358 2628 ers.
374 2612 384 2634 7
400 2613 451 2634 sqq.

317 2665 361 2680 ers.
375 2664 399 2680 22
414 2665 463 2686 sqq.

502 295 580 331 410

844 500 1253 578 QUAESTIO
1293 494 2362 574 QUADRAGESMASECUNDA

1234 616 1317 656 DE
1350 614 1663 655 DochNA
1698 613 1936 655 CHRISTI
2246 619 2247 623 =
2294 627 2298 630 -
2336 615 2361 630 -.
2393 614 2396 618 -

1289 729 1325 754 IN
1352 727 1523 759 QUATUOR
1548 727 1748 754 ARTICULOS
1773 727 1888 753 DIVISA
1929 757 1933 762 ⁴

584 839 688 865 emm:
707 824 1027 863 considerandum
1047 830 1102 860 est
1120 823 1168 859 de
1187 820 1359 858 doctrina
1373 819 1512 857 Christi
1525 820 1556 857 ¹².

583 892 631 928 Et
659 889 756 926 circa
784 889 859 924 hoc
886 893 1123 935 quaeruntur
1149 891 1326 933 quatuor.

553 953 704 991 Primo:
747 958 878 987 utrum
917 948 1088 985 Christus
1129 945 1303 983 debuerit
1338 944 1558 994 praedicare

606 1017 733 1052 solum
760 1012 919 1057 Iudaeis,
947 1012 1009 1048 vel
1037 1010 1150 1047 etiarn
1171 1015 1187 1031 ‘²
1214 1008 1400 1056 gentibus.

555 1078 754 1116 Secundo:
784 1083 915 1112 utrum
937 1073 976 1110 in
995 1086 1065 1110 sua
1082 1071 1364 1122 praedicatione
1383 1069 1558 1108 debuerit

605 1137 871 1178 turbationes?
898 1137 1131 1175 Iudaeorum
1158 1135 1288 1172 vitare.

1308 1240 1625 1284 ARTICULUS
1655 1239 1861 1284 PRIMUS
2386 1279 2388 1281 ,

611 1338 767 1370 UTRUM
791 1336 1003 1368 cmusrus
1025 1334 1118 1367 NON
1141 1333 1290 1366 soLUM
1314 1332 1494 1370 tuDAms,
1519 1332 1599 1364 SED
1622 1331 1763 1364 ETIAM
1785 1327 2001 1363 GENTmus
2023 1329 2242 1363 DEBUEmT
2264 1321 2571 1376 PRAEDICARggfl

973 1412 1004 1437 111
1024 1412 1106 1440 Sem..
1126 1411 1336 1444 dist,1.Expo³.
1355 1410 1418 1442 litt.;
1438 1410 1468 1436 In
1487 1410 1594 1440 Matth.,
1615 1416 1670 1442 cap.
1687 1417 1712 1439 κ,
1729 1414 1775 1439 κν;
1793 1409 1838 1433 Ad
1854 1407 2192 1440 Rom..cap.xv.1ect.x.

533 1518 594 1551 23.»
617 1541 621 1548 ἱ
708 1513 730 1538 D
759 1511 894 1538 ramum
922 1511 973 1536 s1c
1002 1509 1237 1536 PRocssmrun.
1266 1497 1428 1535 Videtur
1449 1497 1557 1546 quod

525 1525 680 1613 ’(Ῑᾈῗο
652 1560 681 1601 4
681 1552 882 1590 Christus
909 1563 990 1588 non
1014 1551 1142 1588 solum
1169 1549 1328 1596 Iudaeis,
1349 1549 1417 1587 sed
1443 1548 1558 1587 etiam

517 1587 677 1691 ἰ”ἒὲὲ
667 1603 1097 1694 ἕξᾞιέἓῑᾶἓῗᾶῗέἷ
1116 1602 1270 1692 123θὲ
1271 1614 1384 1692 ἱῗῖἱι
1401 1601 1559 1691 3³23.ss

1195 1669 1218 1692 u

499 1723 625 1749 servus
652 1710 703 1747 ad
726 1710 952 1746 suscitandas
978 1710 1094 1745 tribus
1120 1708 1239 1745 Israel
1265 1713 1298 1744 et
1314 1708 1446 1755 faeces
1463 1711 1479 1735 Υ
1498 1709 1557 1744 Ια-

501 1765 568 1800 cob
595 1762 879 1800 convertendas:
914 1761 998 1798 dedi
1022 1767 1056 1797 te
1088 1761 1125 1797 in
1153 1761 1272 1797 lucem
1303 1761 1491 1810 gentium,
1521 1765 1559 1796 ut

499 1817 548 1852 sis
565 1816 663 1852 salus
682 1827 765 1851 mea
785 1826 897 1863 usque
916 1813 966 1850 ad
983 1818 1150 1850 extrema
1168 1818 1300 1849 terrae.
1331 1811 1408 1849 Sed
1425 1813 1558 1848 lumen

502 1875 537 1904 et
555 1869 717 1904 salutem
737 1865 910 1903 Christus
929 1864 1104 1914 praebuit
1122 1877 1192 1913 per
1206 1876 1319 1901 suam
1332 1863 1557 1900 doctrinam.

502 1921 603 1968 Ergo
630 1919 782 1956 videtur
807 1929 947 1967 pamm
974 1917 1088 1954 fuisse
1115 1917 1146 1953 si
1174 1918 1302 1954 solum
1328 1916 1494 1962 Iudaeis,
1523 1923 1560 1952 et

501 1984 582 2008 non
609 1971 783 2019 gentibus
810 1969 1053 2020 praedicavit.

556 2035 605 2060 2:
620 2024 858 2069 PRAETEREA‚
888 2021 984 2058 sicut
1015 2021 1152 2058 dicitur
1181 2022 1316 2058 Matth.
1343 2033 1390 2058 vn
1413 2020 1451 2067 ⁹¹⁹,
1481 2026 1560 2057 erat

501 2077 636 2113 docens
670 2088 731 2113 eos
764 2076 856 2112 sicut
885 2079 1100 2124 potestatem
1134 2075 1283 2111 habens.
1327 2073 1403 2110 Sed
1437 2071 1561 2110 maior

501 2135 667 2178 potestas
694 2127 888 2165 doctrinae
915 2125 1127 2163 ostenditur
1153 2125 1193 2162 in
1215 2125 1460 2163 instructione
1480 2124 1559 2162 illo·

502 2193 589 2217 rum
624 2180 691 2229 qui
727 2180 878 2229 penitus
915 2178 1010 2215 nihil
1045 2178 1265 2224 audierunt,
1295 2179 1427 2227 quales
1454 2184 1561 2213 erant

501 2232 673 2281 gentiles:
708 2232 812 2269 unde
840 2232 1047 2280 Apostolus
1081 2230 1187 2277 dicit,
1215 2232 1326 2268 Rom.
1354 2242 1402 2267 xv
1424 2229 1461 2266 *z
1500 2230 1560 2266 Sic

497 2285 715 2335 praedicavi
731 2285 978 2334 evangelium,
991 2295 1065 2320 non
1086 2285 1150 2320 uhi
1162 2284 1372 2320 nominatus
1389 2287 1440 2319 est
1458 2283 1561 2319 Chri-

501 2344 596 2374 stus:
624 2349 670 2374 ne
694 2349 806 2386 super
827 2337 990 2373 alienum
1002 2336 1294 2383 fundamentum
1312 2335 1559 2383 aedificarem.

503 2391 604 2437 Ergo
624 2391 745 2426 multo
765 2388 886 2436 magis
901 2388 1074 2425 Christus
1088 2388 1308 2437 praedicare
1322 2386 1454 2424 debuit
1470 2398 1561 2434 gen-

503 2442 630 2478 tilibus
658 2453 776 2490 quam
804 2441 964 2478 Iudaeis.

558 2494 591 2530 3.
625 2495 862 2539 Pmermm,
890 2493 1016 2530 utilior
1043 2501 1098 2530 est
1125 2492 1320 2530 instructio
1348 2493 1560 2530 multorum

504 2558 623 2595 quam
649 2546 776 2583 unius.
807 2546 884 2583 Sed
913 2545 1085 2582 Christus
1113 2545 1261 2594 aliquos
1279 2544 1478 2592 gentilium
1505 2544 1560 2582 in-

505 2598 655 2635 struxit:
685 2598 781 2635 sicut
808 2597 1011 2635 mulierem
1039 2597 1330 2643 Samarstanam,
1358 2598 1462 2634 Ioan.
1480 2596 1559 2644 1v*‚

506 2659 541 2687 et
565 2644 850 2696 Chanandeam,
868 2651 1004 2687 Matth.
1024 2662 1072 2687 xv
1089 2650 1120 2687 ²⁸.
1149 2651 1251 2698 Ergo
1270 2650 1422 2687 videtur
1441 2649 1559 2698 quod,

505 2704 626 2740 multo
654 2703 798 2747 fortius,
824 2703 996 2739 Christus
1023 2703 1198 2739 debuerit
1224 2701 1458 2740 multitudini
1474 2713 1561 2749 gen-

505 2754 602 2791 tium
629 2755 859 2804 praedicare.

560 2807 633 2844 SED
653 2819 796 2844 CONTRA
809 2818 874 2844 EST
889 2807 995 2856 quod
1009 2807 1201 2844 Dominus
1215 2806 1314 2854 dicit,
1329 2807 1463 2844 Matth.
1474 2805 1559 2843 xv*:

507 2860 596 2896 Non
623 2872 704 2896 sum
732 2861 860 2896 missus
888 2861 959 2896 nisi
984 2860 1034 2897 ad
1050 2872 1135 2898 oves
1163 2872 1257 2909 quae
1278 2860 1472 2909 perierunt
1498 2858 1561 2896 do-

507 2923 588 2947 mus
605 2912 735 2948 Israel.
766 2912 842 2949 Sed
860 2914 970 2949 Rom.
986 2925 1009 2949 x
1023 2912 1042 2934 ’¹‘
1061 2912 1216 2949 dicitur:
1244 2911 1438 2954 Quomodo
1451 2923 1560 2960 prae-

508 2963 679 2999 dicabunt
697 2966 768 3000 nisi
784 2965 1003 3001 mittantur?
1023 2966 1124 3012 Ergo
1141 2964 1313 3001 Christus
1332 2975 1412 3001 non
1431 2962 1563 3000 debuit

509 3015 726 3062 praedicare
753 3016 970 3063 gentibus.
946 3015 959 3038 ὅ

560 3067 781 3104 RESPONDEO
795 3080 975 3106 mCENDUM
995 3069 1100 3118 quod
1120 3068 1353 3106 conveniens
1371 3068 1439 3106 fuit
1457 3079 1562 3117 prae-

510 3117 737 3155 dicationem
753 3119 903 3165 Christi,
918 3128 996 3157 tam
1014 3133 1083 3169 per
1097 3120 1224 3169 ipsum
1241 3133 1360 3170 quam
1379 3133 1448 3170 per
1461 3122 1562 3170 Apo-

511 3171 636 3215 stolos,
665 3183 687 3207 a
714 3171 899 3220 principio
928 3171 1015 3209 solis
1042 3172 1190 3210 Iudaeis
1218 3173 1398 3210 exhiberi.
1431 3172 1562 3210 Primo

511 3221 679 3269 quidem,
707 3230 749 3259 ut
776 3224 990 3260 ostenderet
1016 3236 1084 3272 per
1111 3236 1226 3262 suum
1254 3225 1464 3262 adventum
1491 3224 1561 3262 im-

511 3273 603 3320 pleri
630 3274 902 3322 promissiones
929 3275 1134 3324 antiquitus
1161 3277 1275 3314 factas
1302 3277 1462 3324 Iudaeis,
1482 3289 1563 3316 non

566 3410 581 3426 α
612 3405 652 3428 νει
670 3405 758 3430 etiam.
776 3419 795 3423 -
812 3404 857 3434 Εἰς
876 3411 910 3429 an
929 3404 1009 3429 etlam
1029 3404 1056 3433 Ρ.
1075 3406 1116 3430 ve!
1133 3407 1216 3432 ceteri.

567 3439 580 3468 β
611 3439 781 3464 turbationes.
799 3453 818 3458 -
836 3439 1011 3464 turbationem
1031 3439 1102 3464 tertia
1121 3446 1221 3472 praeter
1239 3441 1257 3466 1.

514 3473 703 3531 editiirnisseoes'
725 3488 742 3492 -
765 3481 782 3498 a
806 3479 830 3498 et
853 3474 925 3498 tertia
932 3481 939 3504 ;
968 3473 1049 3499 sedes.
1078 3474 1128 3498 Pro
1155 3478 1286 3504 extrema,
1311 3479 1460 3502 extremum
1483 3477 1515 3502 Fl
1538 3482 1564 3503 et

567 3540 591 3574 ὃ)
604 3542 733 3573 gentibus.
742 3556 760 3561 —-
771 3543 822 3567 m'si
829 3543 970 3575 gentilibus
981 3542 998 3572 1.
1008 3542 1130 3575 gentibus
1139 3543 1185 3567 sed
1196 3543 1300 3569 ludaeis
1312 3545 1348 3575 bc,
1360 3545 1411 3570 nint*
1421 3546 1526 3571 Iudaeis
1536 3546 1564 3572 P

1198 277 1459 325 QUAESTIO
1488 276 1606 323 XLII,
1635 273 1926 325 ARTIGULUS
1952 276 1974 312 1*

1717 873 1875 909 occulte.

1664 923 1834 971 Quarto:
1862 921 1993 961 utrum
2021 924 2148 962 solum
2174 921 2361 966 debuerit
2373 923 2535 970 docere

1716 976 1779 1013 vel
1805 975 1920 1014 etiam
1947 975 2096 1026 scripto.
2531 1007 2533 1009 ,

1662 1028 1722 1065 De
1748 1036 1922 1077 tempore
1948 1035 2079 1067 autem
2114 1040 2194 1077 quo
2224 1028 2366 1067 docere
2390 1005 2539 1078 incoep‘

1714 1092 1785 1129 pra
1803 1080 1827 1105 *
1862 1078 2008 1117 dictum
2043 1088 2118 1128 est,
2152 1092 2243 1117 cum
2275 1080 2326 1117 de
2358 1080 2549 1151 baptismo

1715 1139 1898 1181 ageretur.

2513 1281 2557 1337 ἰι
2579 1297 2603 1330 b

1610 1503 1740 1534 autem
1757 1494 1969 1544 gentilibus.
1990 1494 2101 1534 Unde
2115 1495 2323 1544 Apostolus
2341 1492 2441 1540 dicit,
2455 1486 2575 1556 Rom·
2592 1541 2595 1543 ‚

1609 1549 1704 1586 Dico
1740 1549 1923 1586 Christum
1960 1547 2168 1586 ministrum
2192 1547 2315 1595 juisse
2348 1547 2465 1585 Circ
2526 1563 2546 1587 .·

1611 1601 1707 1638 idest
1742 1602 1963 1650 apostolum
2001 1607 2039 1636 et
2077 1598 2396 1648 praedicatorem
2415 1570 2531 1637 luds

1605 1659 1763 1704 propter
1787 1654 1977 1692 veritatem
2003 1653 2096 1698 Dei,
2125 1651 2176 1689 ad
2204 1651 2506 1726 confirmandas

1611 1707 1732 1744 siones
1762 1707 1928 1743 Patrum.
2499 1709 2528 1757 jx

1666 1758 1867 1804 Secundo,
1895 1764 1938 1795 ut
1965 1756 2048 1794 eius
2074 1756 2262 1794 adventus
2298 1750 2561 1807 ostendere&

1613 1825 1636 1849 a
1662 1812 1759 1849 Deo.
1794 1811 1900 1853 Quae
1926 1809 2031 1847 enim
2057 1821 2082 1846 a
2099 1809 2182 1851 Deo
2198 1815 2294 1855 sunt,
2322 1809 2501 1853 ordinata
2509 1813 2636 1863 wa&
2651 1805 2664 1856 '7⁷

1613 1863 1750 1901 dicitur
1774 1864 1885 1900 Rom.
1906 1873 1963 1899 xm
1981 1861 2012 1898 ⁸¹³.
2042 1862 2129 1898 Hoc
2151 1869 2280 1898 autem
2307 1859 2471 1903 debitus
2476 1855 2607 1909 ardet

1612 1916 1743 1964 gebat,
1772 1922 1815 1952 ut
1841 1913 2007 1960 ludaeis,
2036 1913 2103 1963 qui
2130 1913 2215 1950 Deo
2242 1920 2349 1950 erant
2374 1910 2485 1972 prop*
2511 1953 2522 1960 ,ᾗ
2651 1908 2665 1922 ’“

1612 1979 1682 2017 pet·
1708 1967 1828 2004 fidem
1856 1974 1892 2003 et
1918 1967 2062 2003 cultum
2091 1965 2207 2003 unius
2234 1964 2319 2012 Dei,
2345 1964 2462 2017 prius
2498 1966 2505 1971 ¹
2524 2004 2553 2017 „z

1613 2019 1785 2057 doctrina
1813 2018 1950 2056 Christi
1976 2025 2271 2068 proponeretur,
2300 2024 2336 2054 et
2361 2029 2431 2069 per
2455 2007 2681 2079 eqst

1614 2072 1824 2110 mitteretur
1851 2071 1901 2108 ad
1926 2078 2076 2118 gentes:
2112 2070 2208 2109 sicut
2240 2069 2355 2109 etiam
2389 2077 2428 2109 et
2453 2081 2504 2111 m
2527 2085 2555 2101 ν

1614 2123 1828 2162 hierarchia
1860 2135 1930 2173 per
1963 2122 2178 2172 superiores
2212 2123 2366 2170 angelos
2393 2122 2443 2159 ad
2463 2121 2597 2162 infin

1615 2176 1766 2221 divinae
1794 2174 2089 2212 illuminationes
2116 2174 2327 2212 deveniunt
2343 2172 2374 2211 ¹².
2416 2172 2532 2217 Unde

1614 2229 1708 2266 illud
1734 2229 1868 2265 Matth.
1888 2240 1936 2265 xv
1953 2227 1993 2275 ³¹⁸,
2025 2228 2117 2266 Non
2143 2239 2226 2264 sum
2253 2229 2384 2264 missus
2401 2222 2500 2272 nis?

1615 2294 1709 2331 quae
1728 2283 1923 2335 perierunt
1949 2280 2079 2319 domus
2095 2280 2227 2326 Israel,
2247 2278 2335 2318 dicit
2352 2277 2567 2331 ffieronym

1613 2335 1704 2372 Non
1732 2335 1803 2371 hoc
1820 2334 1905 2370 dicit
1932 2335 2020 2382 quin
2047 2331 2098 2371 ad
2112 2338 2240 2382 gentes
2257 2333 2388 2370 missus
2403 2330 2560 2373 sitas&

1608 2389 1778 2436 primum
1805 2386 1856 2423 ad
1879 2385 2000 2422 Israel
2017 2387 2148 2422 missus
2165 2390 2226 2422 est.
2254 2384 2367 2422 Unde
2385 2391 2424 2421 et
2434 2383 2556 2423 Isaioe

1613 2439 1765 2476 dicitur:
1793 2439 1944 2476 Mttam
1971 2449 2021 2475 ex
2039 2438 2091 2475 eis
2117 2439 2197 2488 qui
2194 2437 2339 2475 salvati
2349 2437 2536 2493 ,ἡαενίήξμ

1614 2504 1660 2528 ex
1687 2490 1855 2538 ludaeis,
1884 2490 1936 2528 ad
1965 2488 2112 2540 gentes,
2141 2495 2175 2526 et
2205 2486 2520 2543 annuntiabunt
2511 2486 2524 2489 ’

1615 2556 1737 2581 meam
1764 2544 1943 2594 gentibus.
2519 2550 2521 2554 ⁴

1667 2595 1810 2643 Tertio,
1838 2603 1881 2632 ut
1907 2594 2055 2633 Iudaeis
2081 2595 2244 2632 auferret
2270 2576 2539 2635 calumniandi

1615 2649 1723 2686 riam.
1751 2648 1863 2686 Unde
1891 2659 2008 2697 super
2024 2646 2119 2684 illud
2142 2647 2278 2684 Matth.
2297 2658 2323 2683 x
2339 2646 2371 2693 *,
2398 2647 2446 2684 In
2463 2647 2565 2685 viam

1614 2703 1704 2738 tzum
1733 2713 1780 2738 ne
1806 2702 1983 2747 abieritis,
2010 2699 2099 2737 dicit
2124 2699 2440 2748 Hieronymus.
2403 2697 2441 2721 *-
2480 2703 2523 2730 0

1609 2755 1777 2803 primum
1805 2753 2002 2791 adventum
2033 2752 2170 2790 Christi
2195 2750 2361 2788 nuntiari
2375 2747 2536 2799 Iudaeis}

1614 2812 1708 2844 stam
1735 2807 1912 2843 haherent
1939 2806 2225 2866 excusqtionm,
2252 2803 2410 2841 dicentes
2435 2800 2525 2853 ideo

1616 2860 1758 2895 minum
1786 2859 1972 2903 reiecisse,
2000 2859 2087 2907 quia
2119 2856 2171 2895 ad
2194 2861 2324 2906 gentes
2352 2861 2386 2892 et

1614 2911 1809 2961 Apostolos
1835 2911 1984 2947 miserit.

1668 2963 1829 3010 Quarto,
1849 2962 1940 3012 quia
1959 2961 2132 2999 Christus
2149 2971 2226 3010 per
2235 2951 2358 2998 crucis
2375 2932 2577 2998 victor-iam

1615 3015 1690 3052 ruit
1702 3022 1929 3064 potestatem
1943 3022 1980 3051 et
1994 3012 2212 3051 domimum
2225 3011 2238 3039 ζ
2257 3024 2374 3063 super
2390 3016 2532 3062 gentes.

1615 3066 1751 3105 dicitur
1777 3069 1895 3117 Apoc.
1916 3079 1937 3104 11
1955 3066 1995 3103 *ε
2030 3067 2105 3109 Qui
2119 3067 2258 3112 vicerit,
2278 3065 2374 3103 dabo
2401 3065 2438 3102 ei
2457 3058 2606 3115 Ῑ1,ο1ἐΙ
2594 3057 2601 3071 ¹

1613 3132 1725 3170 super
1741 3126 1887 3170 gentes.-
1912 3120 2004 3156 sicut
2030 3124 2063 3156 et
2090 3130 2162 3168 ego
2185 3118 2313 3167 accepi
2328 3130 2353 3156 a
2365 3118 2483 3157 Patre
2495 3128 2599 3158 meo<

1614 3173 1770 3222 Philipp.
1790 3184 1812 3209 ιι
1829 3172 1861 3219 *,
1881 3171 2001 3233 quod,
2020 3170 2112 3220 quia
2127 3171 2256 3219 factus
2281 3175 2333 3207 est
2358 3169 2529 3207 obediens
2583 3189 2589 3197 ι

1614 3225 1666 3262 ad
1689 3229 1847 3262 mortem
1873 3225 2004 3270 cruens,
2023 3223 2125 3260 Deus
2144 3222 2326 3260 exaltavit
2351 3221 2466 3268 illum,
2485 3227 2524 3258 ut
2549 3222 2594 3259 fot*

1615 3275 1715 3314 mine
1741 3278 1825 3314 Iesu
1853 3287 1964 3313 omne
1989 3286 2090 3326 genu
2108 3276 2306 3327 flectatur,
2333 3279 2367 3312 et
2393 3272 2514 3312 omnis
2539 3269 2581 3320 Ιί
2584 3287 2597 3315 ι

1668 3406 1691 3440 ι)
1710 3408 1853 3440 quidem.-
1832 3408 1922 3434 —-.0m
1931 3406 1964 3440 P;
1977 3406 2069 3440 llegit.
2078 3413 2130 3440 per
2139 3406 2222 3439 fldem
2231 3408 2258 3433 et
2268 3404 2378 3432 muttum
2392 3405 2470 3431 unius
2482 3401 2537 3431 affl
2547 3395 2677 3431 dom

1619 3443 1739 3510 Gurg-inec
1753 3477 1906 3503 dominium.
1915 3477 2024 3509 —PEG;
2039 3480 2066 3503 ee
2075 3477 2220 3502 dominium
2233 3479 2259 3501 et
2271 3475 2410 3502 victoriam
2420 3475 2484 3507 Hbc,
2493 3477 2520 3500 et
2531 3473 2670 3500 victoriam

1617 3514 1643 3536 et
1661 3511 1808 3537 dominium
1828 3513 1913 3538 ceteri.
