2872 3970
101 942 124 955 ,ὦ
409 913 516 939 amne
535 901 860 938 considerandum
889 910 945 939 est
970 902 1018 938 de
1037 902 1206 951 potentia
1234 902 1384 940 animae

163 969 300 999 ⁴¹¹·m21'1‘
410 967 549 1005 Christi
567 967 598 1004 ³¹⁶.

326 1032 375 1071 Et
402 1033 501 1079 circa
528 1035 605 1070 hoc
632 1041 870 1082 quaeruntur
897 1041 1073 1083 quatuor.

380 1100 532 1147 Primo:
569 1108 701 1137 utrum
734 1100 910 1137 habuerit
945 1099 1263 1149 omnipotentiam
1298 1100 1386 1137 sim-

431 1166 588 1216 pliciter.

337 1575 346 1577 -
361 1558 419 1599 {11:³2³
445 1564 514 1608 A«
537 1555 559 1580 D
589 1555 724 1580 PRtMtJM
752 1554 804 1579 stc
832 1554 1068 1580 mocemwn.
1097 1542 1257 1579 Videtur
1279 1543 1387 1592 quod

264 1628 266 1631 ,
359 1584 517 1653 ψῖςᾼ
538 1595 668 1632 anima
705 1595 844 1632 Christi
882 1594 1015 1631 habuit
1053 1595 1386 1644 omnipotentiam.

193 1669 199 1676 ·
271 1654 300 1675 ⁵·
346 1645 382 1703 ᾗΥ
407 1632 639 1691 174²(Dicit
675 1647 780 1684 enim
808 1648 1054 1693 Ambrosius,
1083 1659 1195 1697 super
1227 1650 1317 1685 Luc.
1347 1648 1384 1684 *z

196 1695 303 1754 wid-effi
385 1674 481 1732 ἐξ)
496 1692 744 1737 ΧΡοῖεηίἰαηι
779 1713 890 1749 quam
917 1702 991 1737 Dei
1020 1701 1136 1737 Filius
1169 1702 1388 1738 naturaliter

89 1737 302 1808 ffissngin
329 1753 448 1798 habet,
477 1753 588 1790 homo
616 1759 695 1790 erat
713 1766 762 1790 ex
779 1759 944 1802 tempore
961 1759 1186 1802 accepturus.
1217 1753 1293 1790 Sed
1315 1754 1390 1789 hoc

263 1802 268 1806 ’
329 1805 535 1854 praecipue
563 1806 715 1842 videtur
733 1818 815 1842 esse
844 1806 1060 1842 secundum
1088 1805 1269 1851 animam,
1290 1818 1389 1854 quae

330 1865 386 1894 est
412 1858 540 1906 potior
566 1870 654 1907 pars
689 1857 867 1895 hominis.
907 1859 1009 1894 Cum
1038 1869 1127 1905 ergo
1163 1858 1280 1894 Filius
1318 1858 1390 1894 Dei

329 1911 379 1947 ab
399 1917 553 1947 aeterno
573 1911 893 1960 omnipotentiam
912 1910 1098 1956 habuerit,
1114 1910 1266 1947 videtur
1284 1911 1390 1959 quod

330 1962 459 2000 anima
488 1963 626 2000 Christi
654 1976 700 2000 ex
727 1972 902 2012 ternpore
931 1963 1253 2012 omnipotentiam
1285 1975 1390 2000 acce-

330 2015 437 2065 perit.

386 2079 420 2105 2.
451 2069 688 2115 ΡΒΑΕΤΕΒΕΑ,
718 2069 814 2106 sicut
846 2068 1015 2117 potentia
1043 2068 1114 2105 Dei
1149 2076 1204 2105 est
1232 2068 1389 2115 infinita,

331 2121 384 2158 sic
421 2129 458 2157 et
494 2121 576 2158 eius
614 2121 778 2159 scientia.
823 2122 899 2158 Sed
937 2121 1065 2158 anima
1102 2120 1239 2157 Christi
1277 2121 1392 2157 habet

332 2173 511 2211 omnium
528 2180 544 2202 Υ
573 2174 769 2211 scientiam
789 2186 926 2211 eorum
950 2186 1050 2222 quae
1077 2173 1144 2210 scit
1163 2174 1268 2210 Deus
1295 2186 1391 2222 quo-

299 2241 304 2246 ·
332 2226 565 2272 dammodo,
595 2234 638 2263 ut
669 2238 786 2276 supra
803 2227 823 2248 ²¹⁶
851 2227 996 2263 dictum
1033 2234 1098 2262 est.
1137 2227 1238 2274 Ergo
1278 2226 1391 2263 etiam

332 2279 448 2316 habet
466 2291 627 2316 omnem
641 2278 654 2301 ὅ
675 2279 896 2329 potentiam.
926 2280 974 2316 Et
993 2278 1043 2316 ita
1061 2286 1116 2315 est
1136 2278 1390 2328 omnipotens.

388 2331 421 2368 3.
461 2333 700 2379 PRAETEREA‚
739 2332 867 2369 anima
905 2330 1044 2368 Christi
1079 2332 1196 2368 habet
1232 2343 1391 2368 omnem

333 2384 541 2422 scientiam.
572 2385 649 2422 Sed
668 2385 911 2422 scientiarum
930 2384 1123 2433 quaedam
1143 2392 1198 2421 est
1216 2384 1390 2433 practica,

332 2437 527 2486 quaedam
564 2437 807 2486 speculativa.
845 2438 947 2485 Ergo
976 2437 1091 2474 habet
1127 2449 1264 2474 eorum
1293 2449 1392 2486 quae

333 2489 401 2527 scit
428 2490 624 2527 scientiam
651 2490 874 2539 practicam:
911 2497 954 2526 ut
981 2489 1119 2526 scilicet
1146 2490 1237 2526 sciat
1270 2489 1391 2526 facere

334 2554 380 2580 ea
407 2554 506 2592 quae
534 2542 612 2579 scit.
645 2544 692 2580 Et
720 2543 772 2580 sic
799 2543 951 2580 videtur
978 2543 1085 2592 quod
1114 2542 1244 2579 omnia
1271 2542 1392 2580 facere

333 2594 464 2645 possit.

388 2647 462 2685 SED
491 2659 635 2685 CONTRA
662 2660 745 2686 EST:
775 2649 883 2697 quod
910 2648 1112 2697 proprium
1136 2655 1191 2684 est
1209 2648 1292 2695 Dei,
1313 2660 1393 2685 non

333 2707 459 2749 potest
485 2700 597 2737 alicui
624 2709 818 2738 creaturae
846 2701 1064 2738 convenire.
1095 2701 1172 2737 Sed
1191 2701 1393 2750 proprium

335 2760 390 2790 est
415 2752 487 2790 Dei
506 2765 587 2789 esse
607 2753 929 2803 omnipotentem:
964 2754 1179 2790 secundum
1199 2754 1292 2790 illud
1317 2756 1393 2791 Ex-

334 2806 398 2843 odi
420 2818 468 2842 xv
485 2805 524 2842 *:
554 2807 628 2842 Iste
644 2807 747 2843 Deus
771 2818 885 2852 meus,
910 2812 943 2843 et
971 2807 1193 2856 glorzficabo
1218 2819 1324 2851 eum;
1358 2814 1394 2843 et

334 2866 467 2908 postea
485 2857 505 2879 '¹‘
533 2858 718 2906 subditur,
751 2859 988 2908 Omnipotens
1016 2871 1150 2896 nomen
1175 2861 1261 2896 eius.
1291 2860 1393 2907 Ergo

334 2911 464 2948 anima
484 2911 632 2958 Christi,
653 2923 744 2948 cum
772 2911 818 2948 sit
835 2919 1017 2959 creatura,
1038 2924 1118 2948 non
1136 2912 1251 2949 habet
1270 2911 1393 2948 omni-

334 2963 556 3013 potentiam.

387 3018 612 3054 Rnsponmzo
631 3028 811 3053 D1CEND1JM
831 3017 949 3065 quod,
965 3016 1061 3053 sicut
1080 3028 1196 3065 supra
1209 3016 1229 3038 ²¹²
1247 3016 1391 3053 dictum

335 3077 400 3116 est,
421 3069 460 3106 in
480 3069 661 3119 mysterio
681 3068 948 3106 incarnationis
969 3069 1018 3105 ita
1045 3069 1140 3105 facta
1159 3077 1214 3105 est
1233 3068 1325 3105 unio
1354 3068 1392 3104 in

334 3134 500 3172 persona
528 3122 635 3171 quod
662 3129 791 3158 tamen
819 3121 1000 3158 remansit
1026 3121 1213 3158 distinctio
1242 3129 1392 3158 natura-

335 3187 444 3221 rum,
473 3182 635 3225 utraque
664 3174 803 3211 scilicet
836 3181 971 3210 natura
1005 3173 1186 3210 retinente
1218 3173 1258 3210 id
1285 3173 1391 3222 quod

335 3227 406 3264 sibi
434 3235 490 3264 est
515 3227 729 3277 proprium.
762 3226 934 3263 Potentia
961 3233 1090 3262 autem
1118 3225 1239 3262 activa
1267 3225 1392 3262 cuius-

334 3279 425 3317 libet
452 3279 506 3316 rei
534 3280 705 3329 sequitur
730 3279 896 3316 formam
924 3277 1052 3327 ipsius,
1082 3289 1180 3326 quae
1209 3285 1264 3314 est
1290 3277 1392 3326 prin-

336 3331 480 3382 cipium
499 3332 644 3381 agendi.
675 3333 818 3368 Forma
845 3339 974 3368 autern
993 3331 1054 3366 vel
1074 3337 1129 3366 est
1155 3329 1237 3378 ipsa
1258 3337 1392 3366 natura

335 3385 400 3432 rei,
421 3384 517 3422 sicut
534 3385 573 3422 in
593 3384 844 3434 simplicibus:
866 3385 927 3420 vel
946 3391 1000 3420 est
1019 3381 1250 3419 constituens
1269 3382 1392 3430 ipsam

389 3514 418 3546 α’)
435 3516 623 3548 corporalium.
641 3529 660 3535 -
679 3515 871 3540 tmmutan‘om's
891 3515 918 3540 Ρ.

388 3549 416 3586 β)
433 3551 606 3576 εκεαιίὶοηὶε.
623 3565 644 3570 ·-
656 3551 857 3583 propositorum
882 3550 955 3575 tertia
980 3555 1081 3582 praeter
1099 3548 1129 3575 P.
1147 3564 1166 3568 —
1184 3549 1233 3573 Pro
1251 3549 1390 3581 propriae,

336 3591 403 3610 suae
417 3586 498 3612 tertia.

1029 297 1291 343 QUAESTIO
1321 298 1420 344 ΧΙΙΙ,
1449 298 1740 336 ARTICULUS
1767 300 1781 335 I

2423 312 2488 348 171

876 564 1284 642 QUAEsTlo
1321 524 1948 624 DECIMATERTIA

929 684 1012 725 DE
1043 685 1350 726 POTENTIA
1384 687 1622 728 ANIMAE
1656 687 1894 728 CHRISTI

1111 800 1145 824 IN
1175 799 1346 830 QUATUOR
1372 801 1572 827 ARTICULOS
1599 802 1710 827 DIVISA

1495 905 1697 942 Secundo:
1736 913 1867 942 utrum
1896 907 2071 944 habuerit
2097 907 2414 956 omnipotentiam
2442 920 2498 945 re-

1548 965 1679 1005 spectu
1708 959 1966 1007 corporalium
1987 965 2004 981 ²
2032 968 2302 997 creaturarum.

1495 1010 1648 1046 Tertio:
1677 1018 1808 1047 utrum
1827 1011 2003 1048 habuerit
2031 1013 2348 1062 omnipotentiam
2372 1025 2497 1062 respe-

1547 1069 1610 1098 ctu
1638 1063 1782 1111 proprii
1811 1064 1993 1112 corporis.

1497 1114 1666 1160 Quarto:
1702 1123 1833 1151 utrum
1873 1117 2048 1154 habuerit
2082 1118 2400 1167 omnipotentiam
2442 1130 2498 1155 re-

1549 1175 1680 1214 spectu
1709 1167 1974 1205 executionisss
2002 1170 2178 1219 propriae
2206 1171 2419 1207 voluntatis.

1141 1283 1458 1326 ARTICULUS
1489 1284 1693 1326 PRIMUS

838 1376 994 1407 UTRUM
1017 1376 1159 1406 ANIMA
1182 1376 1354 1406 CHRISTI
1377 1377 1601 1407 HABUERIT
1625 1377 1994 1409 OMNIPOTENTIAM

743 1454 752 1479 1
772 1454 855 1484 sent„
875 1454 934 1479 dist.
952 1461 1022 1485 nm,
1041 1461 1086 1486 qu.
1105 1461 1122 1485 1,
1142 1459 1189 1479 art.
1210 1461 1232 1484 2¹
1253 1454 1284 1479 ad
1305 1461 1332 1485 23
1352 1454 1391 1484 111,
1410 1455 1468 1480 dist.
1489 1462 1512 1485 ι,
1531 1463 1575 1488 qu.
1596 1462 1618 1486 1,
1639 1461 1684 1481 art.
1705 1464 1728 1487 2,
1747 1457 1778 1481 ad
1799 1463 1827 1486 23
1847 1457 1905 1482 dist.
1923 1465 1972 1488 x1v,
1993 1462 2038 1482 art.
2057 1465 2083 1489 4.

1441 1543 1495 1580 rei
1523 1552 1710 1591 naturam,
1741 1544 1836 1581 sicut
1868 1544 1906 1581 in
1939 1545 1997 1581 his
2032 1558 2131 1594 quae
2167 1555 2265 1583 sunt¹
2289 1548 2501 1597 composita

1442 1607 1488 1632 ex
1507 1597 1665 1634 materia
1685 1605 1721 1634 et
1738 1597 1872 1634 forma.
1902 1598 2012 1635 Unde
2041 1599 2283 1636 manifestum
2313 1608 2367 1637 est
2394 1602 2500 1650 quod

1442 1649 1611 1698 potentia
1645 1649 1766 1686 activa
1801 1650 2000 1687 cuiuslibet
2033 1651 2086 1687 rei
2119 1652 2366 1701 consequitur
2393 1660 2500 1690 natu-

1443 1713 1525 1738 ram
1554 1701 1683 1750 ipsius.
1720 1703 1768 1738 Et
1794 1714 1864 1751 per
1898 1703 2002 1739 hunc
2030 1704 2194 1740 modum
2226 1705 2502 1754 omnipotentia

1444 1762 1722 1803 consequenter
1756 1766 1795 1790 se
1831 1755 1946 1791 habet
1979 1756 2027 1792 ad
2063 1756 2233 1793 divinam
2271 1765 2447 1795 naturam
2470 1758 2500 1795 ⁹¹².

1444 1806 1547 1852 Quia
1566 1806 1669 1842 enim
1689 1814 1824 1843 natura
1844 1807 1972 1844 divina
1991 1816 2046 1844 est
2061 1808 2189 1856 ipsum
2209 1821 2290 1846 esse
2305 1810 2375 1846 Dei
2396 1810 2501 1847 incir—

1444 1859 1720 1908 cumscriptum
1738 1859 1774 1905 ²⁸,
1805 1867 1846 1895 ut
1873 1867 1975 1907 patet
2001 1872 2071 1908 per
2097 1861 2340 1910 Dionysium,
2369 1876 2392 1899 v
2420 1875 2501 1912 cap.

1444 1912 1490 1947 de
1520 1913 1604 1949 Dz'v.
1638 1912 1752 1948 Nom.
1782 1911 1819 1957 *,
1859 1911 1947 1948 inde
1985 1921 2040 1949 est
2076 1914 2183 1962 quod
2219 1914 2334 1951 habet
2369 1923 2502 1964 poten-

1443 1964 1536 2000 tiam
1556 1964 1719 2001 activam
1739 1972 1914 2013 respectu
1934 1965 2112 2002 omnium
2134 1979 2235 2015 quae
2255 1975 2415 2015 possunt
2436 1969 2502 2005 ha-

1445 2017 1535 2053 bere
1564 2016 1748 2053 rationem
1789 2017 1903 2063 entis,
1933 2019 2040 2066 quod
2068 2026 2123 2055 est
2150 2020 2291 2056 habere
2326 2020 2502 2070 omnipo-

1445 2069 1620 2106 tentiam:
1660 2069 1755 2105 sicut
1774 2077 1811 2105 et
1833 2070 2023 2118 quaelibet
2051 2071 2122 2107 alia
2141 2084 2200 2108 res
2228 2073 2343 2110 habet
2369 2082 2503 2121 poten-

1445 2121 1537 2158 tiam
1557 2121 1720 2158 activam
1740 2129 1914 2170 respectu
1934 2135 2070 2159 eorum
2090 2124 2139 2160 ad
2159 2137 2258 2172 quae
2281 2138 2320 2162 se
2340 2127 2504 2163 extendit

1445 2173 1625 2223 perfectio
1654 2186 1746 2210 suae
1774 2182 1947 2220 naturae,
1977 2176 2072 2212 sicut
2100 2177 2266 2214 calidum
2295 2178 2343 2215 ad
2372 2179 2503 2216 calefa-

1445 2226 1638 2263 ciendum.
1661 2227 1763 2263 Cum
1777 2226 1888 2274 igitur
1906 2227 2033 2265 anima
2050 2229 2187 2265 Christi
2202 2230 2247 2266 sit
2265 2242 2352 2279 pars
2367 2232 2503 2269 huma-

1446 2291 1517 2316 nae
1546 2287 1715 2326 naturae‚
1735 2279 1969 2328 impossibile
1998 2288 2053 2317 est
2080 2282 2184 2330 quod
2215 2283 2352 2320 habeat
2380 2283 2503 2320 omni-

1446 2339 1667 2381 potentiam.

1499 2386 1556 2421 An
1586 2397 1719 2421 PR1MUM
1748 2397 1845 2422 ERGO
1865 2397 2045 2423 DICENDUM
2074 2387 2181 2434 quod
2209 2388 2329 2424 homo
2359 2389 2503 2437 accepit

1447 2449 1493 2474 ex
1521 2445 1694 2486 tempore
1723 2437 2041 2486 omnipotentiam
2062 2451 2181 2487 quam
2201 2439 2318 2476 Filius
2337 2440 2408 2476 Dei
2435 2442 2502 2477 ha-

1446 2490 1529 2526 buit
1556 2490 1604 2526 ab
1633 2498 1807 2537 aeterno,
1837 2503 1906 2539 per
1933 2491 2055 2539 ipsam
2084 2491 2270 2528 unionem
2301 2504 2500 2542 personae,

1447 2555 1493 2579 ex
1521 2555 1599 2591 qua
1626 2543 1767 2579 factum
1796 2551 1851 2579 est
1878 2551 1930 2590 ut,
1951 2543 2046 2580 sicut
2073 2545 2192 2580 homo
2221 2544 2357 2581 dicitur
2384 2545 2501 2593 Deus,

1446 2595 1497 2632 ita
1516 2595 1662 2632 dicatur
1689 2595 1952 2644 omnipotens:
1982 2608 2063 2632 non
2090 2596 2198 2646 quasi
2218 2597 2263 2633 sit
2281 2597 2352 2634 alia
2379 2598 2502 2635 omni-

1446 2647 1615 2698 potentia
1647 2647 1815 2684 hominis
1843 2661 1961 2697 quam
1990 2648 2073 2685 Filii
2101 2649 2182 2695 Dei,
2212 2649 2307 2686 sicut
2333 2662 2404 2686 nec
2432 2650 2503 2688 alia

1447 2701 1585 2745 deitas;
1628 2701 1695 2737 sed
1730 2713 1776 2737 eo
1814 2702 1920 2749 quod
1957 2709 2012 2737 est
2049 2714 2127 2738 una
2162 2714 2325 2750 persona
2361 2702 2433 2739 Dei
2467 2711 2503 2740 et

1447 2752 1626 2790 hominis.

1500 2807 1557 2842 AD
1586 2818 1774 2843 SECUNDUM
1802 2818 1981 2843 DtCENDUM
2009 2807 2116 2855 quod
2144 2806 2214 2843 alia
2243 2806 2336 2843 ratio
2365 2813 2420 2843 est
2454 2807 2501 2844 de

1448 2858 1611 2900 scientia,
1642 2866 1677 2894 et
1704 2858 1752 2895 de
1779 2858 1947 2906 potentia
1975 2858 2112 2895 activa:
2142 2858 2419 2908 sicut-quidam
2448 2860 2501 2897 di-

1447 2918 1548 2948 cunt.
1579 2912 1682 2947 Nam
1701 2910 1869 2959 potentia
1888 2910 2010 2948 activa
2028 2910 2274 2959 consequitur
2293 2911 2417 2960 ipsam
2436 2924 2501 2950 na—

1446 2972 1573 3000 turam
1602 2963 1672 2999 rei:
1703 2975 1750 2999 eo
1779 2963 1886 3011 quod
1914 2962 2009 2999 actio
2038 2962 2299 3000 consideratur
2329 2972 2371 3001 ut
2399 2976 2501 3013 egre-

1447 3016 1555 3052 diens
1584 3015 1631 3051 ab
1652 3022 1794 3062 agente.
1825 3014 1987 3051 Scientia
2007 3022 2136 3052 autem
2155 3027 2234 3052 non
2263 3028 2415 3066 semper
2435 3017 2500 3054 ha-

1448 3068 1559 3105 betur
1586 3079 1654 3116 per
1682 3067 1803 3115 ipsam
1841 3067 2042 3104 essentiam
2071 3068 2236 3105 scientis:
2276 3069 2342 3105 sed
2378 3077 2502 3118 potest

1449 3119 1580 3157 haberi
1608 3131 1676 3167 per
1708 3119 2016 3156 assimilationem
2051 3120 2199 3157 scientis
2227 3122 2275 3158 ad
2306 3133 2364 3158 res
2393 3121 2501 3158 scitas

1449 3171 1663 3209 secundum
1691 3171 1953 3208 similitudines
1981 3181 2184 3222 susceptas.

1502 3224 1578 3261 Sed
1616 3225 1710 3260 haec
1747 3224 1840 3261 ratio
1874 3237 1952 3261 non
1989 3225 2139 3262 videtur
2175 3226 2359 3263 sufficere.
2399 3226 2501 3274 Quia

1448 3277 1543 3313 sicut
1571 3276 1705 3325 aliquis
1732 3283 1855 3325 potest
1883 3289 2110 3325 cognoscere
2129 3290 2198 3327 per
2216 3278 2500 3315 similitudinem

1448 3337 1664 3378 susceptam
1701 3330 1749 3366 ab
1777 3329 1870 3376 alio,
1900 3329 1949 3366 ita
1978 3331 2091 3368 etiam
2127 3339 2250 3380 potest
2286 3343 2395 3379 agere
2431 3343 2501 3380 per

1446 3382 1611 3418 formam
1639 3381 1687 3418 ab
1715 3381 1788 3419 alio
1818 3391 2050 3431 susceptam:
2090 3383 2184 3420 sicut
2212 3396 2311 3432 aqua
2338 3385 2399 3420 vel
2430 3384 2499 3420 fer-

1498 3512 1525 3547 γ)
1544 3514 1671 3539 omnium.
1688 3528 1707 3532 -
1725 3521 1827 3540 omnem
1847 3515 1924 3545 BCF5
1943 3522 2033 3540 eorum
2052 3522 2104 3540 om.
2124 3515 2204 3540 tertia.

1497 3547 1522 3582 ὃ)
1542 3556 1653 3574 omnem.
1670 3563 1690 3568 ·-
1708 3550 1823 3574 omnium
1844 3550 1871 3575 P.

2529 1758 2537 1768 ⁸
2552 1757 2579 1779 D.
2595 1764 2649 1785 944.

2528 1871 2538 1880 ¹⁸
2552 1870 2578 1891 D.
2594 1869 2645 1896 461.

2530 1924 2537 1931 “
2553 1922 2577 1944 S.
2591 1922 2634 1943 Th.
2656 1922 2707 1943 lect.
2723 1928 2737 1943 ¹.
