2872 3970
2425 245 2484 270 XLI

428 318 475 357 In
510 316 762 371 Appendice
797 315 909 369 Opp.
934 316 1048 370 Aug.
1075 315 1212 356 Serm.
1236 315 1412 363 XXXII,
1436 315 1487 355 al.
1510 314 1563 355 de
1609 315 1650 354 T
1643 317 1748 368 emp.
1773 315 1840 362 CI,
1865 320 2049 368 quatuor
2083 329 2134 357 ex
2167 316 2231 356 his
2271 317 2484 369 mysteriis

304 385 626 419 enumerantur:
659 377 762 418 nihil
794 390 900 417 vero
936 377 989 417 de
1024 377 1185 417 diluvio
1221 383 1262 417 et
1294 390 1391 417 arca
1422 377 1532 423 Noe,
1558 389 1635 418 nec
1662 376 1724 417 -de
1757 390 1852 417 arca
1885 377 2148 418 Testamenti
2183 377 2344 419 dicitur.

430 440 474 481 S.
498 441 682 480 Ioannes
715 440 1026 486 Damascenus,
1050 439 1120 479 lib.
1155 438 1214 478 IV
1248 438 1299 478 de
1331 438 1440 478 Fide
1478 438 1612 485 Orth„
1645 451 1734 492 cap.
1765 451 1827 486 XI,
1861 438 1969 481 inter
2001 439 2103 480 alias
2134 439 2271 481 crucis
2304 440 2484 494 figuras,

303 502 381 542 has
414 507 600 556 quatuor
633 500 805 542 exhibet
836 513 948 554 quae
982 500 1024 540 in
1054 500 1270 541 Sermone
1303 499 1735 554 Pseudo-Augustini
1768 500 1989 542 habentur.

428 623 511 676 Qu.
537 635 654 671 XLVI,
678 628 752 663 art.
785 635 798 662 I
816 635 850 670 1,
874 623 916 662 in
940 636 1073 676 corp.:
1113 639 1132 660 «
1161 623 1283 662 Duos
1305 622 1494 662 latrones
1525 622 1726 675 utrinque
1747 623 2062 675 crucfixerunt,
2089 622 2198 665 sicut
2225 623 2325 664 dicit
2344 623 2485 676 Chry-

302 690 537 732 sostomus,
561 690 608 724 ut
641 697 791 724 eorum
824 684 1081 738 suspicionis
1114 685 1235 724 fieret
1266 684 1490 738 particeps.
1535 683 1624 740 Sed
1659 697 1745 738 non
1780 684 1837 724 ita
1871 684 2024 724 evenit.
2074 685 2187 725 Nam
2228 684 2281 725 de
2315 685 2394 725 illis
2429 686 2485 725 nil

301 746 471 788 dicitur:
500 746 632 786 huius
665 751 810 787 autem
842 746 1004 799 ubique
1036 759 1140 786 crux
1171 746 1420 786 honoratur.
1471 746 1617 800 Reges
1652 745 1895 786 diademata
1934 746 2224 800 deponentes,
2261 753 2486 789 assumunt

302 821 484 850 crucem.
517 809 567 848 In
599 807 809 862 purpuris,
833 807 876 848 in
910 807 1237 855 diadematibus,
1261 807 1304 847 'in
1338 807 1478 855 armi-s,
1503 807 1545 848 in
1579 820 1729 848 mensa
1761 813 1936 856 sacrata,
1961 807 2122 861 ubique
2140 814 2349 850 terrarum
2380 823 2485 851 crux

301 869 458 911 emicat
483 886 520 910 ›.
550 869 675 911 Idem
706 869 888 910 omnino
920 869 964 910 in
1003 869 1093 910 Cat.
1123 869 1282 910 Aurea
1314 869 1358 909 in
1390 870 1570 916 Lucam,
1606 882 1696 923 cap.
1729 881 1847 917 XXIII,
1880 883 1914 910 e.

425 931 569 972 Prima
601 944 699 985 pars
732 931 858 972 huius
892 931 1104 971 citationis
1139 930 1376 970 desumitur
1408 943 1461 970 ex
1494 931 1640 971 homil.
1674 931 1935 979 LXXXVII,
1970 931 2020 972 al.
2044 932 2312 973 LXXXVIII
2342 932 2484 986 Chry-

300 993 486 1036 sostomi
519 993 564 1033 in
596 993 898 1033 Matthaeum:
948 993 1079 1033 altera
1122 1005 1233 1046 pars,
1279 1005 1446 1045 nempe,
1480 992 1601 1032 Nam
1628 992 1686 1032 de
1716 991 1885 1033 illis...
1919 993 2166 1040 honoratur,
2204 1007 2257 1035 ex
2285 994 2484 1035 ,eiusdem

300 1055 448 1097 homil.
482 1055 703 1102 LXXXV,
737 1055 789 1095 al.
823 1054 1064 1102 LXXXIV,
1098 1054 1152 1095 ,in
1193 1054 1417 1100 Ioannem,
1464 1059 1679 1096 contracte
1728 1059 1898 1094 tamen:
1942 1054 2071 1096 vtertia
2117 1069 2216 1109 pars
2255 1069 2312 1096 ex
2356 1068 2486 1110 opere

302 1117 606 1171 Chrysostomi
641 1116 864 1165 intitulato,
902 1115 1033 1167 Quod
1065 1115 1264 1156 Christus
1294 1115 1354 1155 sit
1381 1115 1515 1155 Deus.

426 1237 509 1289 Qu.
534 1248 666 1285 XLVII,
687 1242 765 1278 art.
791 1236 830 1284 5,
848 1250 943 1292 arg.
974 1250 1017 1277 I:
1057 1253 1075 1275 α
1104 1237 1191 1278 Ubi
1225 1236 1327 1277 dicit
1359 1236 1654 1290 Hieronymus
1682 1253 1700 1274 »
1740 1242 1817 1279 etc.
1852 1259 1902 1268 -
1935 1238 1984 1278 In
2018 1238 2233 1293 margine,
2256 1239 2484 1293 'inopinato

299 1312 416 1347 casu,
449 1298 632 1341 Rabam·
661 1310 820 1339 nomen
851 1298 1036 1339 excidit:
1073 1298 1112 1338 in
1148 1298 1269 1339 cuius
1309 1298 1538 1339 Comment.
1558 1299 1604 1338 in
1626 1298 1880 1344 Matth.‚1i1b.
1904 1299 1977 1347 VI,
2008 1300 2145 1341 <ver-ba
2178 1314 2203 1340 a
2231 1300 2280 1342 S.
2313 1301 2486 1342 Thoma

299 1361 426 1402 allata
469 1361 771 1408 inveniuntur;
821 1360 996 1401 minime
1037 1373 1143 1401 vero
1187 1360 1302 1414 apud
1345 1360 1683 1414 Hieronymum;
1729 1361 1926 1414 quamvis
1965 1367 2007 1401 et
2045 1361 2086 1401 in
2124 1361 2286 1402 Calena
2315 1363 2482 1411 Aurea,

299 1423 450 1463 Matth.
487 1436 578 1477 cap.
612 1435 700 1471 XXI,
722 1421 766 1476 fi
802 1422 1072 1476 Hieronymo
1115 1422 1430 1470 adscribantur,
1465 1422 1542 1463 sed
1582 1422 1623 1462 in
1657 1423 1711 1463 D.
1746 1422 1942 1463 Thomae
1981 1423 2207 1464 Comment.
2242 1424 2286 1464 z'n
2319 1425 2350 1464 l
2379 1425 2483 1472 Cor„

300 1498 391 1539 cap.
425 1497 466 1533 II,
498 1485 593 1526 lect..
626 1497 668 1532 II,
704 1484 1034 1538 Chrysostomo.
1073 1485 1120 1524 In
1155 1485 1314 1525 Glossa
1356 1484 1596 1532 Ordinaria,
1640 1485 1788 1525 Matth.
1833 1497 1923 1538 cap.
1957 1497 2044 1533 XXI,
2077 1486 2224 1526 verbis
2266 1487 2487 1540 paululum

299 1547 545 1595 immutatis,
580 1560 605 1587 a
635 1546 798 1587 Strabo
833 1546 986 1587 eadem
1019 1547 1231 1587 sententia
1263 1546 1481 1601 allegatur,
1516 1546 1633 1587 nullo
1667 1546 1842 1587 nomine
1875 1547 2078 1600 praefixo.

427 1670 510 1723 Qu.
533 1681 681 1718 XLVIII,
707 1675 780 1710 art.
805 1672 845 1719 6,
870 1683 958 1724 arg.
985 1682 1028 1710 2:
1069 1685 1087 1707 ‹
1115 1669 1244 1711 Unde
1278 1669 1405 1709 etiam
1439 1675 1482 1710 et
1515 1670 1710 1710 Christus
1743 1671 1963 1725 tangendo
1998 1672 2222 1713 mundavit
2254 1673 2484 1728 leprosum,

299 1735 352 1773 ut
379 1731 619 1773 ostenderet
640 1744 822 1772 camem
853 1745 980 1772 suam
1011 1730 1287 1785 salutg‘feram
1319 1731 1520 1771 virtutem
1553 1731 1721 1778 habere,
1746 1732 1855 1772 sieut
1888 1732 2226 1786 Chr-ysostomus
2261 1735 2362 1776 dicit
2388 1753 2423 1777 ».

424 1794 517 1835 Nec
544 1793 903 1847 <chrysostomus
938 1806 1017 1833 nec
1050 1799 1201 1833 auctor
1237 1793 1390 1847 Operis
1409 1793 1670 1847 Imperfecti
1697 1793 1740 1833 in
1774 1794 2060 1842 Matthaeum,
2092 1796 2211 1849 quod
2244 1797 2325 1838 sub
2350 1798 2486 1852 Chry-

296 1855 484 1897 sostomi
516 1855 693 1896 nomine
726 1854 1029 1903 circumfertur,
1063 1855 1146 1895 hoc
1180 1854 1317 1897 refert.

426 1917 612 1971 Cyrillus
645 1916 834 1971 quidem,
863 1916 1091 1957 Comment.
1116 1917 1160 1956 in
1194 1916 1364 1963 Matth„
1391 1930 1480 1970 cap.
1504 1929 1591 1964 V111,
1624 1930 1734 1957 vers.
1759 1919 1799 1965 3,
1829 1918 1889 1958 sic
1922 1918 1999 1959 ait:
2047 1934 2064 1955 ‹
2093 1920 2310 1961 Dominus
2344 1929 2487 1964 autem

298 1991 376 2034 per
409 1985 653 2020 contactum
701 1992 853 2020 manus
899 1978 1059 2033 leprosi
1106 1978 1231 2019 huius
1278 1978 1605 2020 mundationem
1650 1985 1853 2033 operatu-s
1892 1986 1973 2028 est,
2019 1981 2253 2023 ostendens
2296 1991 2487 2026 sanctam

300 2053 474 2082 carnem
515 2054 639 2081 suam
682 2040 829 2081 utilem
867 2053 963 2081 esse
997 2040 1052 2080 ad
1086 2040 1468 2081 sanctificationem
1497 2057 1531 2081 ».
1569 2041 1631 2081 Cf.
1666 2054 1778 2095 quae
1813 2041 1914 2081 dicit
1945 2042 2063 2090 ibid.,
2095 2043 2149 2083 ad
2182 2057 2292 2085 verS.
2334 2045 2398 2094 15,
2434 2047 2488 2088 de

300 2103 524 2146 sanatione
557 2115 707 2146 socrus
740 2102 880 2147 Petri:
919 2118 938 2140 «κ
967 2102 1206 2145 Sani-tatem
1239 2107 1389 2156 utpote
1422 2102 1544 2144 Deus
1583 2103 1774 2151 contulit,
1809 2104 2006 2157 propr-iae
2049 2118 2201 2147 manus
2243 2113 2486 2150 contactum

299 2165 454 2207 iacenti
485 2165 743 2220 gratificans.
780 2164 1112 2216 Quamobrem?
1156 2164 1216 2206 Ut
1247 2164 1446 2218 propriae
1488 2170 1681 2213 natu-rae,
1717 2164 1888 2208 divinae
1931 2166 2127 2220 inquam,
2162 2181 2287 2221 pares
2325 2169 2487 2213 habere

300 2228 414 2269 vires
448 2240 605 2281 corpus
648 2239 775 2269 suum
802 2226 1066 2274 ostenderet,
1106 2231 1314 2280 quantum
1357 2225 1506 2268 attinet
1542 2226 1596 2267 ad
1630 2226 1922 2269 sanandorum
1963 2241 2195 2285 aegrorum
2240 2230 2484 2274 efficaciam.

300 2290 358 2330 Et
389 2289 553 2336 iterum,
589 2294 636 2328 ut
668 2287 945 2336 demonstret,
984 2301 1141 2342 corpus
1174 2287 1303 2331 etiam
1338 2287 1458 2342 quod
1491 2299 1569 2342 pro
1603 2288 1730 2330 nobis
1769 2289 2012 2343 assumpsit,
2037 2302 2112 2344 per
2135 2303 2183 2331 se
2207 2304 2302 2332 esse
2330 2293 2486 2335 efficax

301 2357 478 2406 propter
507 2349 754 2392 inhabitans
787 2350 983 2393 Verbum
1013 2366 1048 2390 ».

424 2413 789 2467 Theophylactus,
813 2413 858 2452 in
890 2413 996 2453 Luc.
1020 2412 1191 2465 Evang.
1215 2413 1439 2459 Enarrat„
1465 2425 1556 2466 cap.
1580 2423 1621 2459 V,
1645 2412 1984 2454 commentando
2018 2413 2168 2461 verba,
2202 2416 2344 2468 tetzgrzr
2369 2430 2481 2465 eum,

301 2474 419 2516 dicit:
459 2491 477 2512 α
503 2475 605 2516 Hoc
638 2473 844 2522 indicans,
870 2473 991 2528 quod
1024 2479 1172 2516 sancta
1205 2474 1296 2515 eius
1331 2487 1430 2515 caro
1465 2473 1655 2516 divinam
1699 2474 1856 2517 habeat
1886 2475 2098 2523 virtutem,
2138 2481 2179 2516 et
2211 2477 2405 2530 purificet
2436 2493 2485 2520 ac

299 2537 501 2585 vivificet,
526 2542 676 2591 utpote
698 2549 812 2590 quae
831 2536 889 2579 siit
911 2550 1010 2577 caro
1034 2536 1169 2579 Verbi
1191 2535 1276 2580 Dei
1305 2552 1339 2577 ».
1367 2535 1501 2588 Quae
1520 2536 1670 2583 verba,
1689 2536 1736 2576 in
1763 2536 1925 2577 Calena
1945 2537 2111 2585 Aurea,
2136 2538 2242 2579 Luc.
2260 2552 2356 2593 cap.
2376 2551 2417 2588 v,
2443 2541 2503 2588 d,-

300 2599 383 2641 sub
425 2598 734 2653 Theophylactz'
761 2598 936 2641 nomine
970 2598 1193 2641 habentur.

427 2721 509 2774 Qu.
534 2733 650 2770 XLIX,
668 2727 748 2763 art.
773 2723 814 2770 3,
838 2735 928 2776 arg.
952 2734 992 2762 I:
1022 2737 1040 2758 α
1068 2722 1115 2764 In
1139 2721 1303 2763 inferno
1324 2721 1442 2764 nulla
1460 2727 1530 2764 ,est
1551 2720 1789 2774 redemptio
1819 2737 1854 2761 ³».
1879 2745 1938 2751 —
1961 2721 2073 2762 Vide
2101 2735 2211 2776 quae
2234 2723 2481 2777 scripsimus

298 2796 441 2838 supra,
476 2783 532 2838 ad
565 2797 636 2837 qu.
667 2795 756 2832 VIII,
791 2789 866 2824 art.
902 2785 943 2832 3,,
976 2784 1221 2828 Commeat.
1256 2796 1370 2824 num.
1404 2796 1460 2824 111.

427 2906 510 2958 Qu.
534 2918 589 2954 LI,
624 2911 699 2946 art.
726 2918 764 2954 2,
799 2905 854 2947 ad
883 2918 938 2958 4:
977 2922 996 2943 ‹
1025 2906 1072 2950 Si
1107 2906 1236 2947 etiam
1269 2906 1462 2960 sepultus
1495 2905 1644 2949 fuisset
1677 2906 1717 2945 in
1751 2911 1872 2952 terra,
1907 2904 2048 2948 dicere
2080 2910 2303 2958 poterant:
2335 2906 2483 2949 ,Suffo-

301 2967 456 3012 derunt
487 2974 655 3016 terram,
691 2973 733 3009 et
764 2968 888 3009 furati
921 2974 1021 3009 sunt
1053 2981 1164 3016 eum,
1200 2968 1310 3009 sicut
1342 2967 1616 3023 Augustinus
1651 2966 1750 3007 dicit
1777 2983 1812 3006 ».
2281 2988 2283 2992 -

431 3030 593 3071 eatena
625 3030 790 3078 Aurea,
825 3030 974 3075 Matth.
1008 3043 1099 3084 cap.
1134 3041 1267 3078 XXVII,
1303 3030 1327 3077 l,
1363 3029 1489 3077 idem,
1524 3029 1676 3069 iisdem
1708 3028 1794 3068 fere
1826 3027 1983 3075 verbis,
2014 3028 2143 3071 refert
2183 3029 2264 3071 sub
2308 3030 2482 3073 nomine

299 3092 546 3145 Augustini
568 3093 617 3134 ‚in
650 3092 788 3132 Serm.
823 3091 876 3133 de
908 3092 1098 3134 §abbate
1131 3092 1301 3132 Sancto.
1346 3092 1448 3132 Non
1482 3089 1663 3131 occurrit
1695 3088 1810 3143 apud
1843 3089 2150 3144 Augustinum.

428 3213 511 3266 Qu.
534 3225 621 3262 LIV,
656 3220 731 3255 art.
763 3228 796 3264 I,
820 3215 875 3256 ad
905 3228 920 3256 1
946 3229 954 3256 :
993 3231 1012 3253 ι
1041 3214 1297 3261 Dicendum,
1333 3212 1452 3266 quod
1486 3224 1641 3265 corpus
1670 3211 1831 3253 'Christi
1864 3218 1965 3265 post
1993 3212 2360 3260 resurrect-ionem,
2394 3226 2481 3253 non

301 3288 357 3316 ex
379 3275 598 3324 miraculo,
615 3276 699 3318 :sed
723 3290 776 3319 ex
794 3276 1047 3318 conditione
1079 3276 1254 3332 gloriae,
1279 3275 1388 3316 sicut
1420 3273 1596 3327 quidam
1622 3272 1786 3321 dicunt,
1811 3273 1966 3315 clausis
1999 3274 2136 3315 ianuis
2169 3273 2224 3315 ad
2248 3274 2481 3328 discipulos

305 3337 506 3386 introivit,
540 3337 666 3381 simul
701 3351 798 3380 cum
831 3339 914 3380 alio
949 3351 1131 3392 corpore
1165 3338 1206 3377 in
1240 3335 1396 3377 eodem
1429 3335 1527 3376 loco
1561 3335 1749 3377 existen-s
1777 3351 1812 3376 ›.
1847 3335 1980 3384 Idem,
2015 3336 2106 3377 aliis
2147 3341 2289 3379 tamen
2323 3336 2479 3384 Verbis,

302 3398 482 3442 dicits.
518 3399 723 3449 Thomas,
763 3400 991 3442 Comment.
1025 3401 1069 3440 in
1102 3399 1232 3445 [οιιφιυ
1269 3411 1358 3452 cap.
1393 3409 1464 3445 XX,
1499 3397 1592 3438 lect.
1620 3408 1683 3439 IV.

426 3461 848 3515 Autissiodorensis„
872 3462 1077 3503 Summae
1109 3460 1179 3501 lib.
1203 3460 1276 3507 IV,
1309 3460 1379 3500 De
1407 3459 1577 3500 dotibus
1606 3460 1933 3512 resurgentem&
1969 3473 2039 3513 qu.
2063 3472 2103 3508 11,
2127 3460 2289 3508 asser-it,
2324 3473 2480 3514 corpus

301 3522 588 3577 glorificatum
621 3537 752 3578 posse
785 3529 1008 3577 penetrare
1042 3535 1198 3576 corpus
1232 3535 1319 3562 non
1352 3521 1651 3576 glorificatum,
1677 3521 1755 3564 sed
1789 3534 1876 3562 non
1909 3534 2040 3575 posse
2074 3522 2128 3562 ab
2153 3535 2206 3563 eo
2241 3522 2480 3576 penetrari;

302 3590 347 3625 et
379 3584 462 3628 hoc
495 3598 549 3626 ex
575 3585 824 3627 <subtilitatis
858 3585 970 3625 dote.
