2872 3970
279 427 479 475 qutimcapmt

357 451 461 504 ιςὸΑιίο

277 459 343 507 phgr.
351 484 418 506 ειμι

293 1760 301 1768 ·
310 1758 357 1780 Ver

360 1765 378 1780 ε.
392 1758 427 1786 38.

437 2712 483 2728 *νυ
530 2702 706 2739 dixerunt
723 2701 755 2747 ⁸¹⁵,
775 2702 895 2738 Nobis
923 2713 997 2738 non
1024 2701 1105 2738 licet
1131 2702 1339 2750 interficere
1357 2711 1590 2750 quemquam,
1646 2700 1738 2750 quia
1765 2700 1947 2737 volebant
1974 2708 2066 2738 eum
2094 2699 2236 2746 occidi,
2265 2712 2347 2739 non
2377 2695 2619 2751 tanqua&i

523 302 599 349 458
1181 297 1444 344 QUAESTIO
1474 296 1626 342 XLVII,
1655 294 1948 333 ARTICULUS
1975 295 2026 332 IV

1639 385 1685 410 ex
1713 371 1974 422 cupiditate,
1934 372 1956 395 ⁴⁸
2002 371 2132 409 Iudaei
2159 383 2206 409 ex
2234 371 2379 409 invidia
2395 371 2445 397 ⁴*
2444 366 2739 419 ,Pilawsf'fflsi

1638 425 1775 462 timore
1794 425 2007 471 mundano,
2023 436 2103 474 quo
2121 423 2248 461 timuit
2266 424 2472 462 Caesarem
2487 423 2529 462 *ε
2549 429 2602 495 et'
2696 427 2700 436 ‘
2717 422 2721 430 ‘

1639 476 1711 526 ipsi
1738 476 2013 527 vituperantur.

521 379 628 429 quod
647 391 693 415 ex
713 377 863 415 diversa
892 376 1018 413 radice
1038 375 1220 425 procedit.
1251 374 1363 411 Pater
1390 373 1494 410 enim
1513 381 1583 410 tra-

485 431 615 468 :didit
650 430 866 476 Christum,
897 437 933 466 et
961 429 1040 478 ipse
1070 427 1256 478 seipsum,
1286 439 1333 463 ex
1365 425 1515 463 caritate
1541 425 1580 462 *ε

488 492 557 521 et
583 483 671 521 ideo
709 482 923 520 laudantur.
961 481 1074 518 ludas
1108 487 1238 517 autem
1273 478 1424 516 tradidit
1455 477 1584 527 ipsum

1192 574 1527 607 Commentario,
1548 572 1802 605 Cardinalis
1822 572 2026 606 Caietam

581 667 687 688 nunus
704 656 816 687 clarus.
831 673 854 678 -
873 655 908 685 ln
932 663 1067 694 corpore
1086 663 1151 683 una
1173 652 1354 683 conclusio.
1379 651 1469 682 Deus
1487 651 1613 702 Pater!
1637 651 1672 681 in
1695 650 1807 682 ordine
1831 650 1871 682 ad
1892 651 2017 687 Deum,
2042 651 2134 682 cuius
2157 656 2231 682 sunt
2252 651 2316 682 vita
2339 655 2371 681 et
2388 656 2492 688 mors,
2516 645 2577 694 qui

522 669 715 732 Ttradidit
737 699 906 740 tripliciter
929 698 1092 728 Christum
1109 696 1267 737 passioni.
1299 696 1463 726 Probatur.
1493 695 1584 726 Chri·
1609 651 1613 761 ΙΙ
1638 694 1759 745 absque
1773 694 1937 736 impietate
1953 700 1984 725 et
1999 694 2183 726 crudelitate
2198 693 2412 726 innocentem
2419 693 2594 726 invitum<-

519 752 585 777 stus
609 754 719 786 passus
741 748 787 774 est
810 752 848 774 ex
872 741 1052 772 obedientia
1068 741 1176 771 Patris.
1200 740 1296 780 Ergo.
1308 757 1332 762 —-
1353 739 1395 770 Et
1410 739 1585 770 declaratur
1637 739 1779 779 passioni
1794 744 1826 769 et
1840 739 1950 775 morti3
1973 739 2057 770 sicut
2079 742 2186 779 potest
2207 747 2268 779 pro
2283 737 2374 769 libito
2396 738 2495 769 talem
2522 752 2526 763 ε
2544 755 2549 764 »
2567 753 2571 765 ι
2590 751 2605 765 »ι

521 790 686 821 conclusio
711 786 818 828 quoad
849 786 958 816 omnia
989 785 1151 815 membra:
1185 783 1314 819 scilicet,
1338 782 1584 819 ordinationem,
1638 782 1745 814 Utitur
1767 788 1875 814 autem
1897 761 2020 813 Auctor
2042 782 2265 823 propositione
2286 781 2346 813 ista
2366 780 2538 819 &mdo
2543 780 2603 821 (hl

520 833 771 874 inspirationem,
784 839 866 860 non·
867 829 1112 870 protectionem.
1126 828 1214 858 Haec
1231 828 1317 858 enim
1333 827 1391 857 tria
1407 826 1586 858 inferuntur
1638 832 1674 856 ut
1697 826 1843 857 ostendat
1865 826 1955 867 quod
1977 825 2104 857 traditio
2127 826 2246 857 Christi
2266 826 2301 856 in
2323 831 2463 856 mortem
2483 825 2524 856 ab
2541 824 2613 877 ipso
2671 860 2677 865 ,

521 887 559 908 ex
583 875 763 907 obedientia
787 873 947 904 ordinate.
979 882 1054 903 nam
1078 871 1258 902 obedientia
1281 870 1468 902 huiusmodi
1490 870 1585 902 infert
1637 879 1705 900 non
1721 875 1768 900 est
1782 869 1961 901 secundum
1977 879 2011 901 se
2026 870 2170 901 absolute
2185 869 2312 907 iniusta,
2328 869 2404 911 quia
2417 877 2486 901 non
2500 868 2548 901 in
2631 873 2650 882 ⁴'
2674 871 2688 877 ’“

520 922 553 951 in
577 925 784 960 praeceptore
807 917 1057 952 institutionem,
1082 916 1114 946 in
1139 914 1310 945 obediente
1333 915 1586 955 inspirationem,
1637 914 1836 945 voluntarius
1865 913 1997 944 traditus
2021 919 2068 945 est
2085 914 2119 944 in
2141 918 2294 950 mortem,
2317 918 2432 954 sponte
2455 907 2641 945 obem<

521 966 553 995 in
578 969 746 994 executore
770 961 1023 1001 permissionem.
1638 958 1678 990 ad
1693 958 1767 989 hoc.
1784 958 1967 999 Decuitque
1983 958 2090 989 Deum
2112 967 2179 988 non
2195 957 2430 1008 omnipotentia
2445 966 2503 988 sua
2521 957 2569 988 uti
2583 954 2642 1002 in

577 1008 612 1038 11.
638 1007 673 1036 In
697 1006 904 1046 responsione
929 1004 968 1034 ad
991 1005 1147 1044 primum,
1172 1008 1249 1033 nota
1276 1002 1366 1043 quod
1389 1001 1442 1032 illa
1464 1011 1585 1042 propo-
1639 1002 1760 1033 ditione
1776 1001 1973 1038 huiusmodi,
1986 1002 2042 1042 qui
2058 1001 2223 1032 definierat
2234 1001 2320 1033 vinci
2335 1001 2498 1032 diabolum
2514 1010 2649 1044 nonp

521 1053 606 1087 sitio,
633 1051 838 1081 Innocentem
861 1048 1020 1079 hominem
1038 1047 1187 1088 passioni
1210 1052 1242 1078 et
1263 1046 1362 1077 morti
1384 1046 1514 1077 tradere
1537 1046 1586 1077 in·
1639 1047 1685 1079 tia
1707 1045 1764 1077 sed
1785 1046 1908 1077 iustitia
1923 1047 1950 1077 ⁴.
1974 1046 2016 1076 Et
2029 1051 2200 1086 propterea
2214 1055 2292 1076 usus
2308 1051 2355 1076 est
2377 1045 2467 1079 suavi
2480 1044 2568 1081 dis·

521 1096 620 1127 vitum
644 1099 691 1126 est
703 1093 844 1134 .impium
868 1097 899 1123 et
921 1091 1060 1126 crudele,
1077 1091 1264 1131 intelligitur
1282 1090 1444 1122 absolute:
1469 1096 1500 1121 et
1518 1099 1586 1121 non
1638 1089 1794 1121 tradendo
1807 1089 1972 1121 Christum
1987 1090 2206 1121 voluntarium
2221 1089 2262 1120 ad
2275 1088 2490 1140 huiusmodi·

2622 1077 2655 1100 ῖ-,ῑ

1301 1243 1619 1286 ARTICULUS
1649 1242 1924 1294 QUARTUS

938 1339 1093 1370 UTRUM
1118 1337 1278 1370 FUERrr
1301 1336 1580 1368 CONVENIENS
1604 1336 1831 1368 CHRISTUM
1854 1336 1954 1367 PATI
1978 1337 2007 1367 A
2031 1336 2291 1368 GENT1Llnus

574 1480 583 1488 υ
640 1458 689 1488 ‚ff
734 1449 755 1473 n
776 1447 948 1478 QUARTUM
967 1447 1020 1472 Sic
1039 1446 1276 1472 PROCEDlTUR.
1297 1432 1460 1471 Videtur
1479 1433 1587 1493 quod

623 1483 711 1590 ἔθει,
734 1501 814 1526 ιιοιι
842 1487 953 1525 fuerit
981 1499 1081 1524 conv
1085 1487 1216 1524 eniens
1242 1486 1440 1524 Christum
1467 1485 1545 1536 pati
1564 1498 1587 1523 a

706 1539 721 1575 .“
734 1541 948 1590 gentilibus,
969 1541 1072 1587 Quia
1087 1540 1191 1577 enim
1213 1551 1282 1590 per
1295 1547 1462 1576 mortem
1478 1538 1587 1576 Chri-

657 1628 660 1629 .
712 1594 780 1631 sti
808 1593 987 1631 homines
1015 1601 1121 1630 erant
1149 1606 1171 1630 a
1198 1600 1355 1652 peccato
1389 1591 1587 1638 liberandi,

525 1647 760 1685 conveniens
778 1646 974 1683 videretur
992 1654 1034 1683 ut
1052 1645 1272 1696 paucissimi
1301 1645 1340 1682 in
1363 1652 1486 1682 morte
1507 1644 1589 1682 eius
1642 1644 1802 1682 veniens
1820 1644 1890 1682 fuit
1917 1651 1959 1682 ut
1987 1643 2161 1682 Christus
2189 1656 2211 1682 a
2238 1621 2392 1683 Iudaeis
2405 1643 2532 1730 Ρειιὶῖᾖ

524 1708 736 1751 peccarent.
766 1701 1027 1736 Peccaverunt
1050 1706 1181 1736 autem
1209 1698 1248 1735 in
1275 1705 1400 1735 morte
1429 1697 1510 1734 eius
1529 1698 1588 1735 Iu·
1643 1705 1680 1735 et
1706 1704 1852 1747 postea,
1872 1697 2022 1735 Iudaeis
2048 1696 2297 1744 tradentibus,
2325 1709 2396 1747 per
2421 1708 2490 1736 ιιι·

525 1753 628 1795 daei,
658 1765 703 1790 ex
731 1763 902 1801 quorum
930 1763 1095 1801 persona
1123 1739 1280 1797 dicitur,
1310 1750 1587 1788 Matth.xx1*:
1643 1750 1740 1788 lium
1768 1749 1852 1787 eius
1878 1749 2007 1800 passio
2034 1749 2219 1787 finiretur.
2444 1769 2446 1772 ν
2501 1745 2555 1832 ᾗ,

524 1808 603 1844 Hic
621 1811 672 1842 est
699 1807 822 1843 heres:
848 1807 978 1843 venite
998 1804 1210 1842 occidamus
1229 1815 1326 1840 eum.
1356 1804 1459 1852 Ergo
1483 1802 1589 1840 vide·
1701 1804 1755 1840 At>
1774 1814 1909 1840 ramum
1929 1814 2028 1840 ERGO
2046 1814 2228 1841 mmmmm
2247 1800 2538 1865 quod,qu1afl‡3³
2607 1841 2613 1848 Β

525 1867 587 1896 tur
606 1857 841 1895 conveniens
868 1857 983 1894 fuisse
1011 1856 1146 1905 quod
1137 1868 1176 1893 ιιι
1204 1863 1362 1905 peccato
1390 1855 1590 1892 occisionis
1643 1855 1693 1892 ad
1722 1855 2000 1893 OStendendam
2029 1854 2303 1906 abundantiam
2332 1851 2514 1894 caritatis*
2526 1841 2556 1888 ⁴¹¹.
2591 1861 2607 1885 Ἴ
2623 1850 2640 1884 ”
2651 1886 2653 1888 -
2707 1886 2710 1887 ⁷

528 1911 668 1949 Christi
695 1909 850 1958 gentiles
878 1921 959 1946 non
985 1908 1282 1958 implicarentur.
1644 1919 1723 1957 qua
1749 1906 2004 1957 patiebatur,
1995 1919 2034 1945 m
2053 1919 2166 1945 cruce
2185 1908 2332 1958 positus
2349 1907 2521 1947 venian:
2615 1913 2641 1927 ι’

582 1975 616 2000 2.
638 1964 870 2007 PRAETEREA,
891 1961 1029 1999 veritas
1048 1961 1162 1998 debet
1180 1960 1413 2010 respondere
1431 1960 1588 2008 figurae.
1644 1959 1791 1997 toribus
1818 1960 2025 2010 postulavit
2049 1961 2086 2007 ⁵¹⁰3
2121 1969 2165 1998 ut
2191 1961 2308 1998 huius
2340 1960 2445 2010 peti
2454 1978 2464 1995 υ
2494 1968 2524 1996 s..
2573 1986 2579 1994 .

529 2017 606 2054 Sed
633 2015 807 2064 figuralia
835 2014 1027 2057 sacrificia,
1046 2013 1184 2052 veteris
1206 2013 1296 2062 legis
1324 2025 1404 2050 non
1423 2012 1590 2061 gentiles,
1644 2013 1693 2050 ad
1712 2013 1875 2050 ludaeos
1894 2021 1930 2050 et
1957 2013 2118 2062 gentiles
2136 2013 2364 2063 perveniret,
2383 2013 2547 2082 voluit}
2543 2020 2569 2048 ir}
2576 2020 2601 2048 ·‘

527 2069 595 2106 sed
622 2067 752 2105 Iudaei
780 2067 1004 2104 offerebant.
1034 2068 1136 2115 Ergo
1164 2078 1292 2115 neque
1324 2065 1452 2115 passio
1481 2065 1590 2103 Chri·
1645 2066 1693 2102 ab
1721 2066 1893 2115 utrisque
1921 2066 2009 2115 pati.

527 2122 583 2168 sti,
605 2133 704 2170 quae
739 2120 808 2157 fuit
833 2132 972 2156 verum
999 2119 1252 2167 sacrificium,
1282 2118 1431 2168 impleri
1458 2117 1591 2155 debuit
1697 2119 1755 2155 An
1783 2130 1972 2156 SECUNDUM
1990 2130 2172 2157 mammon
2205 2119 2311 2168 quod
2330 2118 2459 2169 passio
2476 2124 2529 2153 &t

526 2187 596 2223 per
622 2185 762 2210 manus
789 2172 998 2221 gentilium.
1645 2170 1819 2208 sacrificii
1845 2171 1987 2208 oblatio
2013 2170 2244 2221 inquantum
2265 2171 2485 2210 Christus·-

583 2227 616 2263 3.
646 2227 887 2270 PRAETEREA,
917 2225 1013 2262 sicut
1040 2224 1178 2262 dicitur
1209 2226 1312 2262 Ioan.
1341 2236 1365 2261 v
1392 2223 1430 2270 ⁴²,
1459 2223 1593 2260 Iudaei
1645 2225 1787 2262 luntate
1815 2231 1983 2261 mortem
2011 2223 2188 2262 sustinuit
2215 2237 2262 2262 ex
2281 2225 2463 2263 caritate.

527 2281 752 2329 quaerebant
783 2279 967 2316 Christum
1001 2279 1224 2326 interficere,
1253 2290 1328 2314 non
1355 2277 1476 2314 solum
1504 2278 1590 2326 quia
1646 2285 1777 2315 autem
1805 2289 1827 2314 a
1853 2277 2164 2327 persecutoribus
2191 2285 2248 2315 est
2273 2284 2420 2338 passus,
2446 2290 2493 2316 n
2510 2297 2533 2326 ιῦ
2607 2303 2623 2308 .,
2647 2319 2650 2322 ⁴

526 2333 688 2370 solvebat
713 2333 926 2377 sabbatum,
955 2331 1021 2367 sed
1046 2333 1156 2368 etiam
1192 2332 1278 2380 quia
1305 2331 1454 2367 Patrem
1482 2341 1590 2366 suum
1645 2329 1846 2378 crificium,
1867 2329 1935 2367 sed
1962 2337 2164 2379 peccatum
2190 2330 2472 2391 gravissimum.
2501 2330 2553 2356 ΧΨ
2606 2342 2638 2359 ⁴

527 2386 668 2422 dicebat
693 2386 828 2430 Deum,
848 2384 1041 2433 aequalem
1059 2396 1099 2420 se
1117 2385 1198 2420 Deo
1206 2384 1369 2431 faciens.
1399 2382 1475 2420 Sed
1495 2383 1592 2419 haec
1698 2385 1754 2420 An
1781 2394 1940 2420 ‘marum
1974 2394 2157 2421 mesanum
2184 2384 2318 2434 quod,
2345 2383 2442 2422 sicut
2485 2398 2583 2458 ἯἎ
2603 2402 2606 2409 ·

527 2438 756 2475 videbantur
771 2442 788 2458 ²
807 2449 889 2474 esse
909 2438 1037 2473 solum
1051 2444 1184 2474 contra
1198 2437 1321 2484 legem
1335 2436 1589 2473 Iudaeorum:
1645 2435 1734 2473 dicit
1751 2435 1934 2482 *‚1udaei
1953 2435 2140 2473 dicentes.
2153 2436 2291 2474 Nobis
2308 2448 2383 2475 non
2402 2437 2521 2475 liceis:

528 2491 632 2528 unde
652 2498 688 2527 et
707 2490 777 2539 ipsi
797 2490 940 2535 dicunt,
961 2491 1064 2526 Ioan.
1086 2501 1145 2526 xm
1162 2489 1199 2526 *z
1230 2489 1440 2526 Secundum
1468 2488 1590 2538 legem
1646 2501 1881 2538 quemquam,
1901 2488 2166 2527 intellexerunt
2183 2498 2258 2526 non
2281 2490 2354 2527 sibi
2371 2490 2517 2527 lic-en?

529 2545 630 2581 debet
648 2544 747 2580 mori
752 2573 762 2589 ,
793 2545 878 2592 quia
896 2543 1033 2580 Filium
1053 2543 1127 2579 Dei
1142 2554 1181 2579 se
1189 2543 1294 2590 fecit.
1322 2541 1483 2579 Videtur
1500 2552 1590 2588 ergo
1646 2554 1868 2592 quemquam
1889 2547 2047 2592 propter
2058 2543 2151 2591 sesti
2168 2539 2253 2580 ἀΐει·
2257 2544 2506 2593 sanctitatem

529 2595 763 2634 conveniens
798 2595 912 2632 fuisse
941 2595 1048 2644 quod
1084 2594 1258 2632 Christus
1290 2606 1370 2631 non
1399 2606 1421 2631 a
1448 2593 1591 2642 gentili·
1645 2596 1792 2632 lebrare
1819 2597 1895 2632 iam
1923 2600 2131 2643 coeperant.
2502 2594 2547 2619 ³
2630 2619 2651 2631 «2

529 2650 613 2695 bus⁷
634 2649 701 2686 sed
721 2661 743 2685 a
761 2647 910 2685 Iudaeis
929 2655 1140 2697 pateretur:
1171 2655 1207 2685 et
1225 2647 1363 2685 falsum
1383 2659 1464 2684 esse
1484 2646 1591 2696 quod
1698 2648 1770 2684 Vel
1807 2648 1882 2684 hoc
1919 2647 2115 2694 dicebant,
2144 2655 2187 2686 ut
2215 2611 2538 2699 chrysostomus
2645 2681 2650 2687 .

1638 1433 1722 1470 buit
1748 1432 1789 1470 in
1817 1433 1976 1481 Iudaeis,
1997 1444 2168 1483 quorum
2195 1433 2352 1483 plurimi
2380 1433 2419 1471 in
2447 1440 2591 1484 morte

1641 1485 1686 1523 sti
1713 1485 1892 1536 baptizati
1919 1494 2024 1529 sunt
2051 1494 2094 1524 ut
2120 1493 2223 1536 patet
2249 1486 2472 1524 Act.11¹‘²et
2496 1497 2546 1525 tv
2540 1481 2601 1511 ¹⁶*

1641 1539 1771 1576 cundo
1796 1550 1903 1585 vero,
1923 1538 2073 1576 Iudaeis
2093 1538 2415 1598 praedicantibuS,
2435 1538 2594 1579 effectus

1642 1591 1760 1629 sionis
1780 1590 1920 1629 Christi
1947 1590 2118 1630 transivit
2140 1591 2189 1630 ad
2214 1599 2344 1640 gentes
2361 1590 2392 1629 ⁴⁸.
2422 1592 2473 1630 Et
2494 1590 2632 1654 ideoq«
2645 1591 2701 1640 Βῇξ’

530 2767 620 2792 cum
648 2755 769 2791 multa
796 2761 950 2803 peccata
979 2753 1196 2791 secundum
1223 2755 1347 2802 legem
1368 2761 1492 2790 morte
1521 2764 1592 2802 pu·
1618 2774 1620 2810 ᾗ
1645 2765 1857 2801 gressorem
1886 2752 1988 2802 legis,
2009 2753 2077 2790 sed
2102 2761 2291 2803 tanquam
2314 2753 2561 2804 publicatas

531 2807 695 2855 niantur,
716 2815 758 2844 ut
785 2814 887 2856 patet
915 2808 1029 2845 Levit.
1050 2819 1108 2843 xx.
1647 2805 1737 2855 quia
1757 2818 1886 2854 regem
1905 2818 1946 2843 se
1964 2806 2103 2844 fecerat
2118 2806 2157 2844 *ε
2186 2806 2235 2844 de
2262 2818 2343 2856 quo
2366 2811 2448 2844 no'n
2472 2796 2608 2845 efflf'
2572 2853 2574 2855 ‚
2617 2855 2620 2856 ⁷
2648 2851 2650 2855 y

586 2861 658 2898 SED
675 2872 819 2897 CONTRA
834 2871 899 2897 EST
914 2859 1044 2908 quod
1035 2871 1115 2908 ipse
1131 2859 1325 2896 Dominus
1340 2858 1440 2904 dicit,
1455 2859 1591 2896 Matth.
1647 2858 1826 2896 iudicare.
1864 2859 1935 2896 Vel
1962 2858 2054 2908 quia
2090 2870 2171 2897 non
2207 2858 2343 2897 licebat
2378 2858 2450 2897 eis
2473 2876 2491 2890 ι·
2518 2869 2538 2891 εἰ·

531 2926 579 2950 xx
596 2913 633 2950 *ε
669 2914 831 2950 Tradent
850 2925 933 2949 eum
953 2914 1123 2962 gentibus
1150 2913 1202 2949 ad
1219 2912 1446 2949 illudendum
1474 2917 1508 2949 et
1517 2913 1593 2961 fla-
1647 2912 1755 2961 quod
1783 2911 2000 2961 cupiebant,
2019 2912 2088 2949 sed
2107 2911 2293 2962 lapidare.
2321 2911 2429 2962 quod
2448 2911 2514 2975 in

531 2966 747 3016 gellandum
776 2972 808 3002 et
835 2966 1141 3016 crucifigendum.
1646 2965 1818 3002 fecemnt
1835 2964 1867 3001 ²⁸³.
2517 2968 2547 3010 ἱ]
2584 2987 2586 2989 v

586 3020 809 3056 Rsssrorsnsso
835 3030 1016 3056 mesanum
1045 3019 1152 3068 quod
1180 3017 1220 3054 in
1248 3018 1332 3067 ipso
1361 3017 1482 3055 modo
1509 3029 1594 3067 pas·
1701 3018 1771 3054 Vel
1798 3017 1936 3054 melius
1959 3017 2168 3055 dicendum
2187 3025 2244 3056 est
2271 3018 2378 3068 quod
2401 3029 2472 3068 per
2508 3024 2517 3034 ⁵
2541 3025 2651 3069 ·’··.»Β,4

533 3070 650 3108 sionis
685 3071 825 3108 Christi
860 3071 1137 3120 praefiguratus
1174 3078 1230 3107 est
1266 3070 1425 3108 effectus
1462 3069 1592 3119 ipsius.
1648 3069 1790 3119 quibus
1818 3077 1925 3108 erant
1952 3069 2123 3118 subiecti,
2143 3078 2223 3108 erat
2243 3070 2297 3108 eis
2324 3076 2502 3121 potestas
2517 3079 2558 3105 ἰ
2671 3106 2689 3119 ᾖ

535 3123 663 3160 Primo
693 3124 796 3160 enim
833 3124 960 3173 passio
990 3123 1128 3161 Christi
1163 3124 1344 3160 effectum
1372 3122 1502 3160 salutis
1529 3123 1596 3160 ha·
1650 3123 1858 3160 interdicta.
2655 3127 2673 3133 ‘⁴

589 3259 615 3282 α)
635 3255 698 3280 haec
712 3255 877 3280 videbantur.
887 3269 906 3274 -
918 3255 966 3280 hoc
980 3255 1119 3280 videbatur
1131 3255 1150 3279 F
1165 3260 1190 3279 et
1202 3255 1275 3280 tertia
1289 3260 1390 3287 praeter
1403 3255 1421 3285 1,
1431 3255 1480 3280 hoc
1492 3255 1599 3280 videtur
1623 3254 1627 3320 Ι
1708 3253 1734 3289 β)
1752 3255 1855 3288 quia.—
1835 3255 1928 3280 —()m.
1942 3254 1984 3279 EF
1997 3260 2022 3280 et
2035 3255 2107 3280 tertia
2122 3260 2224 3288 praeter
2236 3253 2261 3284 1;
2280 3259 2340 3287 post
2353 3252 2503 3288 postulavit
2513 3250 2652 3294 addtpt

536 3295 560 3314 et
579 3298 632 3315 om.
652 3296 706 3315 esse
728 3292 768 3315 ed.
787 3297 812 3314 a.
1653 3293 1679 3316 et
1698 3290 1758 3316 ideo
1777 3291 1821 3315 ΕΗ
1840 3295 1866 3316 et
1883 3290 2019 3315 editiones.

1210 3367 1541 3402 Commentario.
1563 3368 1814 3402 Garamans
1836 3368 2039 3402 Caietam

543 3465 705 3526 Tmrws
735 3456 845 3486 clarus.
870 3473 890 3478 -
923 3455 956 3485 ln
982 3465 1116 3495 corpore
1141 3457 1235 3486 unica
1258 3457 1441 3487 conclusio:
1473 3457 1596 3488 Conve-
1651 3458 1815 3509 passionis.
1851 3457 1914 3489 Sed
1938 3457 2058 3489 fructus
2088 3457 2253 3489 inchoavit
2270 3457 2304 3488 in
2327 3450 2468 3494 Iudaeis,
2493 3446 2528 3488 ει
2536 3450 2605 3498 ‘pel‘
2629 3445 2722 3528 2&ss

601 3499 690 3529 niens
712 3500 784 3540 fuit
811 3505 845 3529 ut
874 3499 993 3529 Christi
1022 3500 1132 3539 passio
1160 3509 1180 3529 a
1205 3500 1334 3531 Iudaeis
1361 3501 1531 3541 inciperet,
1557 3506 1596 3537 et,
1651 3511 1727 3552 perv
1729 3502 1794 3532 enit
1817 3500 1857 3532 ad
1877 3501 2021 3542 gentiles.
2046 3501 2131 3542 Ergo
2151 3501 2345 3533 conveniens
2361 3481 2477 3532 modu’s
2494 3501 2553 3532 fuit
2567 3505 2604 3532 ut
2626 3504 2669 3527 *T-

541 3541 749 3573 mediantibus
773 3543 857 3583 ipsis,
870 3552 932 3583 per
945 3542 1082 3583 gentiles
1086 3543 1255 3582 jmtretur
1280 3544 1444 3575 Probatur
1469 3545 1597 3575 Conve-
1651 3545 1690 3575 sti
1713 3545 1817 3585 passio
1841 3554 1860 3575 a
1884 3544 2005 3576 ludaeis
2021 3546 2183 3586 inciperet,
2207 3550 2239 3576 et
2261 3545 2419 3585 {ru-ipsos
2441 3554 2464 3575 a·
2481 3542 2662 3587 gentiiibn
2681 3529 2739 3591 '¹³3⁴

541 3585 662 3616 nic-nter
686 3586 815 3616 effectus
839 3586 992 3626 passionis
1016 3584 1243 3625 praefiguratus
1263 3593 1309 3617 cst
1332 3588 1363 3617 in
1380 3587 1480 3618 modo
1500 3589 1597 3627 ipsius
1652 3589 1781 3619 nitetur.
2701 3599 2710 3614 ’-
2737 3589 2742 3594 ’
