2872 3970
192 617 290 639 cundum
297 622 359 645 quae
366 618 403 638 at-

192 643 311 670 tendatur,
325 649 405 670 nempe

192 659 316 691 secundum
347 675 403 691 con-

192 696 341 717 trarietatem
363 695 404 717 017-

192 722 311 748 uelorum
327 723 352 743 ut
365 728 404 743 νο·
432 718 642 759 respondetur
664 717 849 758 quaesito&

190 748 269 774 lentis,
295 738 382 770 nolenti
365 748 404 776 tis,

191 777 217 796 et
228 765 345 796 seminum.

192 800 253 823 ‘CC
268 807 332 823 num.
346 806 377 822 ux.

429 300 503 337 238

1099 301 1362 350 QUAESTIO
1390 301 1526 347 XVIII,
1556 299 1848 338 ARTICULUS
1875 300 1927 337 VI

1104 441 1438 478 comment-‚aria
1460 439 1711 473 Garamans
1731 436 1935 472 Caietam

434 551 599 616 Tri-utus
623 542 725 573 clarus
749 540 857 582 quoad
878 540 956 582 quid
983 538 1142 570 nominis:
1170 539 1204 569 in
1227 547 1362 578 corpore
1384 542 1492 568 autem

191 590 318 612 Ῥιάἀίι-
334 592 357 611 et
365 596 402 611 se-

492 587 710 625 manifestatur
732 585 810 626 quid
832 585 871 615 sit
895 585 1096 615 contrarietas
1118 583 1320 613 voluntatum
1336 583 1362 612 ἦ

487 631 523 662 In
546 639 681 681 corpore
708 629 830 660 articuli
860 628 925 659 duo
955 627 1053 664 fiunt:
1084 628 1207 667 primo,
1238 631 1432 656 monstratur
1458 625 1492 655 in

433 675 599 706 communi
609 675 644 704 in
656 683 722 714 quo
736 673 878 703 consistit
890 672 1092 702 contrarietas
1104 671 1320 705 voluntatum,
1338 668 1492 705 secundo,

874 715 992 766 Quoad
1006 715 1156 755 primum,
1181 713 1346 744 conclusio
1363 718 1425 743 est:
1443 712 1493 743 Ad

431 762 693 794 contrarietatem
717 761 917 791 voluntatum
941 760 973 790 in
995 759 1104 799 aliquo
1128 757 1307 799 requiritur
1328 757 1415 797 quod
1438 766 1493 797 op-

424 807 546 848 positio
571 806 771 837 voluntatum
793 804 836 834 sit
857 808 888 834 et
909 803 997 834 circa
1021 802 1112 838 idem,
1136 807 1168 832 et
1190 802 1222 832 in
1246 801 1356 832 eadem
1379 801 1492 832 volun-

432 855 506 881 tate.
529 850 694 885 Probatur,
718 848 833 888 pn'mo,
850 847 1016 878 conclusio
1031 847 1110 877 haec
1134 855 1172 876 ex
1188 845 1355 876 communi
1370 845 1493 875 ratione

433 893 669 929 contrarietatis»,
694 901 791 932 quam
814 890 900 922 addit
921 900 1016 931 supra
1032 890 1253 920 diversitatem.
1279 888 1493 920 Contrarietas

432 938 518 969 enim
541 937 662 977 species
686 941 733 966 est
756 935 957 966 diversitatis:
991 933 1047 964 sed
1072 935 1154 964 inter
1181 933 1435 963 contrarietatem
1463 938 1494 963 et

432 981 643 1012 diversitatem
672 980 736 1010 hoc
759 980 902 1014 interest,
935 978 1023 1019 quod
1054 978 1256 1008 contrarietas
1283 976 1370 1007 addit
1399 985 1494 1017 supra

432 1025 644 1055 diversitatem
668 1023 908 1073 oppositionem
935 1021 1113 1052 secundum
1135 1021 1221 1051 idem
1249 1026 1280 1051 et
1309 1021 1342 1051 in
1366 1020 1492 1051 eodem.

430 1068 578 1099 Procedit
600 1077 675 1107 ergo
698 1067 800 1097 littera
822 1066 876 1096 sic.
902 1065 1115 1096 Contrarietas
1139 1066 1234 1106 exigit
1253 1065 1493 1105 oppositionem

430 1113 464 1143 in
489 1112 603 1143 eodem
626 1110 804 1142 secundum
826 1110 922 1140 idem.
956 1110 1040 1150 Ergo
1065 1110 1268 1140 contrarietas
1291 1109 1494 1140 voluntatum

431 1157 465 1187 in
488 1157 596 1196 aliquo
620 1155 715 1195 exigit
730 1155 970 1195 oppositionem
984 1154 1188 1184 voluntatum
1203 1152 1382 1184 secundum
1396 1153 1493 1190 idem,

433 1205 464 1231 et
485 1201 519 1230 in
543 1199 655 1230 eadem
677 1199 851 1229 voluntate.
875 1215 896 1221 -
919 1197 1121 1229 Antecedens
1144 1198 1306 1238 probatur.
1339 1197 1440 1236 Quia,
1469 1198 1494 1228 si

432 1244 593 1275 diversitas
616 1244 655 1273 sit
681 1244 715 1274 in
739 1242 867 1273 diversis
897 1247 951 1272 aut
981 1241 1159 1272 secundum
1186 1241 1323 1278 diversa,
1353 1250 1422 1272 non
1449 1247 1495 1272 est

433 1289 644 1319 contrarietas
669 1287 839 1317 Probatur:
865 1287 940 1326 quia
962 1296 1029 1317 non
1049 1291 1096 1316 est
1119 1285 1346 1322 contradictio;
1371 1291 1495 1316 contra-

432 1333 525 1363 rietas
546 1341 687 1372 namque
711 1331 997 1361 contradictionem
1020 1331 1053 1360 in
1076 1339 1109 1360 se
1133 1329 1261 1361 claudit.

488 1375 612 1406 Deinde
635 1375 809 1406 declaratur
832 1374 944 1406 eadem
967 1375 1132 1405 conclusio
1160 1373 1267 1414 quoad
1289 1374 1378 1405 illam
1399 1374 1495 1414 parti-

433 1420 553 1456 culam,
577 1419 750 1450 secundum
774 1419 872 1455 idem,
901 1429 939 1449 ex
962 1418 1090 1449 diversis
1113 1419 1289 1449 rationibus
1311 1417 1441 1449 volendi
1465 1423 1496 1448 et

431 1463 564 1494 nolendi
579 1473 682 1494 unum
698 1469 729 1493 et
744 1463 839 1499 idem,
859 1468 937 1503 puta
951 1468 1090 1493 mortem
1106 1462 1243 1493 Socratis
1259 1467 1390 1502 propter
1405 1471 1495 1492 com-

431 1517 530 1538 mune
553 1508 603 1538 vel
626 1507 784 1548 privatum
807 1507 941 1543 bonum,
965 1506 1134 1547 dupliciter
1156 1516 1190 1536 se
1213 1506 1420 1536 habentibus:
1445 1506 1496 1536 vel

431 1557 468 1582 ut
490 1551 618 1582 diversis
641 1556 782 1588 tantum;
806 1551 857 1581 vel
880 1561 947 1581 non
970 1551 1077 1581 solum
1098 1556 1133 1581 ut
1149 1550 1288 1586 diversis,
1313 1550 1368 1581 sed
1391 1559 1495 1590 oppo—

431 1596 515 1632 sitis;
547 1601 583 1626 ut
606 1600 692 1635 patet
713 1595 747 1625 in
771 1595 918 1635 exemplo
942 1595 1062 1625 litterae
1095 1594 1134 1625 de
1157 1594 1323 1625 voluntate
1344 1594 1496 1634 principis

433 1641 515 1670 circa
538 1645 675 1670 mortem
699 1639 835 1670 Socratis
858 1639 988 1669 latronis
1011 1644 1141 1679 propter
1163 1639 1288 1669 bonum
1310 1638 1495 1679 publicum,

433 1689 465 1714 et
486 1684 651 1714 voluntate
681 1684 818 1723 parentis
853 1689 889 1713 ut
918 1693 985 1713 non
1019 1683 1174 1713 moriatur
1208 1688 1340 1723 propter
1373 1683 1496 1713 bonum

432 1728 610 1768 proprium.
635 1726 774 1765 Quando
799 1727 885 1757 enim
907 1727 960 1757 hic
983 1727 1097 1757 sistunt
1113 1727 1224 1757 ambae
1239 1727 1429 1763 voluntates,
1450 1726 1497 1757 di-

432 1781 541 1802 versae
565 1771 695 1811 quidem
718 1776 808 1807 sunt,
840 1770 896 1801 sed
925 1771 993 1801 non'
1022 1771 1269 1801 contrariantur:
1305 1771 1399 1810 quia,
1423 1770 1498 1800 licet

434 1816 590 1846 contraria
611 1815 720 1850 velint,
745 1815 863 1845 scilicet
885 1815 969 1845 mori
990 1814 1083 1844 illum
1106 1820 1137 1844 et
1151 1823 1219 1844 non
1234 1814 1317 1844 mon'
1331 1813 1433 1850 illum,
1451 1813 1497 1844 di-

433 1869 523 1889 versa
545 1864 653 1889 tamen
677 1864 723 1888 est
746 1859 825 1888 ratio
840 1857 970 1888 volendi
985 1863 1122 1888 mortem
1139 1863 1170 1888 et
1184 1857 1314 1888 volendi
1329 1867 1396 1888 non
1411 1867 1498 1888 mor-

434 1908 510 1938 tem,
535 1912 571 1932 ae
594 1912 651 1942 per
673 1903 746 1937 hoc,
770 1911 838 1932 non
854 1907 901 1932 est
920 1902 1083 1942 oppositio
1106 1901 1284 1932 secundum
1300 1901 1435 1932 eandem
1450 1911 1498 1932 ra-

434 1947 558 1976 tionem
580 1946 719 1976 volendi.
745 1945 807 1976 Sed
830 1946 855 1976 si
877 1955 945 1976 non
969 1946 1086 1976 sistitur
1108 1946 1170 1982 hic,
1194 1945 1250 1976 sed
1271 1945 1420 1976 voluntas
1442 1955 1498 1986 pa-

434 1991 532 2021 rentis
556 1990 638 2020 circa
660 1999 727 2020 non
750 1990 832 2019 mori
855 1994 986 2030 propter
1009 1990 1133 2020 bonum
1155 1989 1336 2030 proprium,
1361 1990 1499 2029 opponit

435 2035 560 2064 bonum
583 2034 749 2074 proprium
773 2034 861 2063 bono
886 2034 1062 2069 communi,
1085 2034 1149 2063 iarn
1167 2043 1235 2063 non
1251 2033 1319 2063 sola
1335 2039 1382 2064 est
1397 2032 1498 2063 diver-

436 2079 509 2108 sitas
531 2078 692 2108 rationum
715 2077 855 2113 volendi,
879 2078 999 2108 scilicet
1021 2078 1202 2107 communis
1227 2082 1258 2107 et
1280 2077 1418 2117 proprii,
1443 2077 1498 2107 sed

437 2127 484 2152 est
506 2122 669 2162 oppositio
694 2121 884 2151 earundem:
917 2122 993 2161 quia
1022 2130 1196 2151 commune
1227 2122 1351 2151 bonum
1377 2121 1499 2151 tollitur

436 2175 493 2206 per
515 2166 682 2206 proprium
704 2166 738 2195 in
762 2166 884 2195 ratione
906 2164 1051 2201 volendi;
1078 2165 1178 2195 vincit
1200 2165 1286 2194 enim
1310 2174 1401 2195 amor
1423 2174 1498 2204 pro-

435 2210 523 2250 prius
546 2219 689 2239 amorem
713 2210 894 2239 communis
917 2209 1005 2245 boni,
1030 2214 1061 2239 et
1084 2208 1212 2248 expellit
1233 2208 1312 2238 illud
1335 2218 1353 2238 a
1375 2209 1498 2239 ratione

435 2253 575 2290 volendi,
601 2259 631 2284 et
653 2253 721 2283 vult
743 2252 845 2283 filium
868 2262 935 2283 non
954 2253 1047 2288 mori,
1072 2253 1167 2283 etiam
1191 2258 1301 2283 contra
1324 2262 1498 2283 commune

436 2298 570 2334 bonum,
594 2298 636 2328 ob
659 2297 796 2327 nimium
819 2306 962 2327 amorem
985 2297 1106 2337 proprii
1128 2297 1215 2327 boni.

492 2342 632 2371 Demum
655 2341 830 2371 declaratur
853 2340 964 2371 eadem
987 2340 1153 2371 conclusio
1185 2339 1294 2381 quoad
1315 2340 1403 2371 illam
1426 2350 1497 2381 par-

435 2386 576 2421 ticulam,
602 2386 634 2415 in
658 2385 768 2415 eadem
791 2385 965 2421 voluntate,
991 2394 1028 2415 ex
1052 2385 1180 2415 diversis
1204 2385 1414 2425 appetitibus,
1439 2384 1497 2415 du-

435 2429 559 2469 pliciter
574 2430 669 2459 etiam
693 2429 865 2469 dispositis:
889 2429 940 2459 vel
959 2439 1034 2459 cum
1050 2428 1118 2459 sola
1133 2429 1328 2465 diversitate3
1348 2429 1399 2459 vel
1422 2438 1497 2460 cum

436 2473 613 2503 diversitate
636 2473 824 2503 habentibus
855 2474 950 2503 etiarn
978 2473 1227 2513 oppositionem.
1262 2473 1359 2503 Verbi
1389 2474 1496 2513 gratia,

435 2518 594 2557 appetitus
610 2517 770 2547 rationalis
786 2517 854 2547 vult
868 2517 992 2547 bonum
1008 2517 1153 2547 rationis:
1171 2517 1330 2557 appetitus
1345 2517 1497 2547 sensualis

435 2561 504 2591 vult
525 2562 650 2591 bonum
674 2560 858 2591 delectabile
881 2561 1059 2591 secundum
1075 2570 1214 2591 sensum.
1238 2560 1271 2591 Si
1294 2561 1346 2591 hic
1369 2562 1496 2598 sistitur,

436 2604 596 2635 diversitas
618 2605 819 2644 appetituum
843 2610 889 2635 est
912 2605 989 2635 sola.
1013 2604 1076 2636 Sed
1099 2605 1125 2635 si
1140 2604 1221 2635 ultra
1243 2604 1443 2645 progreditur
1459 2615 1497 2636 ex

434 2654 523 2689 parte
546 2649 680 2679 subiecti
703 2649 862 2689 appetitus
885 2649 963 2679 boni
986 2648 1189 2685 delectabilis,
1212 2654 1249 2679 ut
1270 2649 1420 2680 immutet
1442 2659 1496 2690 ap-

434 2698 598 2733 petentem
620 2693 671 2723 vel
695 2693 734 2723 ad
751 2692 940 2723 tardandum
954 2693 1005 2723 vel
1020 2692 1211 2724 mutandum
1226 2694 1403 2733 appetitum
1419 2694 1497 2724 boni

435 2737 575 2773 rationis,
599 2737 663 2767 iam
686 2746 754 2767 non
776 2737 844 2767 sola
867 2736 1026 2767 diversitas
1050 2742 1096 2768 est
1119 2738 1335 2777 appetituum,
1360 2737 1416 2768 sed
1439 2747 1497 2778 op-

436 2781 570 2821 positio:
596 2782 671 2821 quia
694 2782 831 2821 opponit
854 2790 887 2811 se
911 2781 1068 2821 appetitus
1092 2780 1284 2812 delectabilis
1308 2787 1419 2812 contra
1442 2792 1496 2822 ap-

436 2825 572 2864 petitum
595 2826 725 2855 rationis
748 2830 780 2855 et
801 2825 900 2855 vincit
921 2825 1029 2861 illum,
1062 2824 1139 2855 dum
1162 2825 1310 2855 immutat
1332 2825 1423 2856 illum
1445 2827 1497 2856 vel

437 2869 630 2899 annullando
654 2870 704 2900 vel
728 2868 921 2899 debilitando
944 2869 1036 2900 illum
1063 2879 1100 2900 ex
1124 2874 1211 2909 parte
1235 2870 1430 2909 appetentis,
1461 2876 1498 2900 ut

437 2912 556 2943 scilicet
578 2913 628 2943 vel
653 2923 719 2943 non
743 2913 819 2943 velit
849 2914 972 2944 bonum
1002 2914 1132 2944 rationis
1155 2919 1248 2950 tunc,
1279 2914 1331 2944 vel
1354 2913 1498 2944 debiliter

436 2955 511 2986 velit
533 2956 621 2987 illud.
644 2975 667 2980 —
690 2958 763 2988 Hoc
779 2963 886 2988 autem
909 2956 998 2998 quod
1014 2957 1148 2988 dicimus
1165 2957 1204 2988 de
1220 2958 1426 2998 oppositione
1442 2968 1497 2998 ap-

437 3001 553 3039 petitus
576 3002 715 3031 sensitivi
739 3001 778 3032 ad
800 3002 1005 3038 rationalem,
1028 3001 1270 3042 intelligendum
1294 3011 1427 3042 quoque
1451 3008 1497 3033 est

437 3043 546 3074 locum
568 3045 683 3075 habere
706 3046 787 3075 inter
810 3051 917 3076 actum
939 3045 1111 3076 voluntatis
1133 3056 1190 3086 per
1205 3045 1340 3076 modum
1355 3051 1496 3083 naturae,

439 3092 469 3116 et
492 3093 597 3118 actum
622 3089 794 3120 electionis.
819 3089 911 3126 Nam,
937 3099 1011 3120 curn
1033 3090 1067 3120 in
1091 3089 1212 3120 diversa
1230 3089 1375 3127 tendunt,
1399 3090 1425 3120 si
1440 3099 1497 3121 vo-

435 3130 541 3162 luntas
563 3132 712 3162 naturalis
734 3133 767 3163 in
790 3139 914 3164 tanturn
936 3134 1136 3174 protenditur
1159 3139 1194 3165 ut
1218 3139 1362 3175 opponat
1385 3143 1418 3165 se
1434 3134 1497 3165 ele-

1545 537 1644 568 ctioni
1667 541 1699 567 et
1720 538 1827 567 vincat
1847 537 1949 572 illam,
1974 536 2177 567 contrarietas
2198 536 2402 567 voluntatum
2428 532 2491 567 est:
2521 542 2558 567 ut
2577 537 2608 568 si

1545 582 1616 621 quis
1640 581 1798 611 electurus
1821 580 2025 620 dispendium
2047 580 2190 616 honoris,
2214 579 2317 611 famae
2333 589 2370 611 ac
2384 580 2467 611 vitae
2489 580 2532 611 ob
2547 581 2610 612 bo-

1544 634 1625 655 num
1647 625 1780 661 virtutis,
1804 634 1823 654 a
1837 624 1972 655 naturali
1986 624 2151 654 voluntate
2166 625 2259 661 vitae,
2274 624 2407 655 honoris
2421 623 2612 665 gloriaeque

1545 670 1700 699 vincatur.

1600 713 1637 743 11.
1663 712 1756 743 Circa
1777 712 1860 743 hanc
1876 711 2129 748 conclusionem,
2153 716 2230 743 nota
2245 711 2335 753 quod
2349 712 2384 743 in
2399 711 2608 743 conclusione

1545 766 1613 787 non
1629 756 1744 787 dicitur
1758 755 1798 786 ad
1814 757 2067 787 contrarietatem
2078 755 2414 796 voluntatum'requiri
2428 755 2507 789 haec
2522 755 2588 787 duo
2599 765 2611 787 τ

1545 800 1602 831 sed
1624 800 1738 831 dicitur
1760 801 1839 830 haec
1859 800 1924 831 duo
1948 800 2067 840 requiri
2082 799 2122 830 ad
2137 801 2390 831 contrarietatem
2405 799 2611 831 voluntatum

1546 845 1579 875 in
1603 845 1724 885 aliquo·
1747 845 1910 884 Apposuit
1925 844 2084 884 siquidem
2098 844 2222 875 Auctor
2235 844 2269 885 ly
2284 844 2317 875 in
2333 844 2443 885 aliquo
2460 843 2499 875 ad
2514 853 2610 875 mon·

1545 888 1709 919 strandum
1732 887 1822 929 quod
1845 887 1884 919 de
1907 889 2127 919 contrarietate
2149 889 2352 919 voluntatum
2373 889 2408 919 in
2422 897 2490 919 uno
2506 893 2538 919 et
2553 897 2612 919 eo-

1546 932 1620 963 dem
1643 933 1776 963 homine
1798 932 1951 972 loquitur.
1983 932 2024 963 Et
2047 931 2124 962 dixit
2145 933 2226 969 hoc,
2250 932 2327 973 quia
2348 932 2483 969 sciebat,
2505 933 2611 963 immo

1547 977 1642 1008 etiam
1664 977 1699 1007 in
1721 977 1780 1007 hac
1804 975 1905 1007 littera
1925 975 2029 1013 docet,
2046 975 2136 1016 quod
2159 975 2199 1007 ad
2221 975 2476 1007 contrarietatem
2493 976 2612 1007 volun-

1546 1026 1648 1051 tatum
1671 1020 1856 1061 simpliciter
1878 1026 1910 1051 et
1932 1020 2076 1051 absolute
2105 1029 2174 1051 non
2196 1020 2401 1061 requiruntur
2422 1020 2502 1051 haec
2525 1019 2609 1057 duo,

1546 1064 1602 1096 sed
1625 1065 1759 1095 alterum
1781 1069 1906 1095 tantum
1929 1063 2060 1095 sufficit:
2091 1069 2128 1095 ut
2150 1069 2237 1104 patet
2261 1065 2296 1095 in
2319 1063 2466 1104 exemplo
2489 1064 2613 1095 litterae

1547 1109 1587 1140 de
1609 1109 1774 1140 voluntate
1801 1109 1953 1149 principis
1981 1113 2012 1140 et
2036 1108 2202 1139 voluntate
2227 1109 2366 1148 parentis
2395 1108 2491 1139 nimis
2512 1108 2611 1145 vitam

1546 1153 1604 1184 filii
1627 1153 1770 1184 amantis.
1803 1152 1884 1184 Sunt
1907 1153 1994 1183 enim
2016 1162 2090 1184 vere
2112 1157 2191 1183 tunc
2214 1152 2389 1183 contrariae
2410 1151 2612 1189 voluntates,
2651 1165 2678 1186 :¹
2700 1173 2701 1181 1

1547 1198 1692 1238 quamvis
1715 1197 1778 1228 sint
1793 1196 1992 1227 diversorum
2006 1197 2188 1227 hominum.
2211 1196 2253 1227 Et
2268 1197 2332 1227 hoc
2346 1195 2447 1227 modo
2462 1195 2613 1228 voluntas

1546 1247 1754 1282 peccatorum
1778 1246 1825 1272 est
1848 1238 2004 1271 contraria
2025 1240 2184 1271 voluntati
2207 1240 2348 1277 divinae;
2373 1245 2404 1271 et
2424 1245 2536 1271 contra
2549 1238 2613 1271 Dei

1546 1285 1746 1316 voluntatem
1769 1294 1862 1326 agere
1885 1284 2044 1316 dicuntur.
2068 1285 2126 1315 Est
2140 1284 2298 1325 siquidem
2313 1285 2392 1315 haec
2408 1284 2613 1315 contrarietas

1546 1329 1751 1360 voluntatum
1774 1329 1942 1365 obiective,
1965 1338 2034 1360 non
2057 1329 2242 1360 subiective.
2273 1328 2337 1360 Sed
2359 1329 2484 1359 Auctor
2504 1328 2539 1359 in
2559 1327 2614 1359 'lit-

1547 1379 1613 1404 tera
1635 1373 1780 1414 loquitur
1810 1373 1850 1404 de
1871 1373 2075 1404 voluntatum
2099 1373 2319 1404 contrarietate
2347 1378 2379 1404 et
2401 1372 2559 1404 obiectiva
2580 1377 2613 1403 et

1548 1418 1732 1449 subiectiva.
1756 1417 1798 1448 Et
1818 1417 1893 1448 ideo
1917 1417 2060 1448 adiunxit
2081 1417 2114 1458 ly
2137 1417 2170 1448 in
2187 1417 2317 1458 aliquo:
2340 1422 2372 1448 ct
2387 1415 2464 1448 dixit
2478 1415 2520 1448 ad
2533 1425 2613 1448 eone

1547 1462 1739 1493 trarietatem
1761 1461 1965 1492 voluntatum
1979 1461 2014 1492 in
2029 1461 2149 1502 aliquo,
2166 1462 2229 1492 hoc
2245 1466 2301 1498 est,
2319 1460 2476 1492 obiective
2492 1464 2524 1491 et
2538 1460 2614 1492 sub-

1548 1507 1672 1542 iective,
1697 1506 1779 1546 exigi
1803 1504 1884 1541 duo,
1907 1505 2028 1536 scilicet
2051 1505 2291 1545 oppositionem
2315 1503 2494 1536 secundum
2515 1502 2613 1542 idem,

1550 1556 1582 1581 et
1604 1550 1846 1590 oppositionem
1868 1550 1902 1579 in
1926 1549 2038 1580 eadem
2061 1549 2236 1580 voluntate.

1605 1594 1656 1624 111.
1681 1593 1799 1632 Quoad
1822 1593 2002 1624 secundum
2019 1594 2046 1630 “,
2071 1593 2238 1624 conclusio
2261 1593 2447 1633 responsiva
2468 1592 2615 1633 quaesito
2642 1592 2654 1605 ⁸

1550 1643 1612 1669 est:
1637 1638 1676 1669 In
1703 1637 1832 1669 Christo
1857 1637 1948 1668 nulla
1963 1637 2038 1679 suit
2059 1637 2276 1668 contrarietas
2298 1637 2511 1669 voluntatum.
2537 1635 2616 1674 Pto-

1549 1683 1642 1713 batur
1667 1682 1790 1723 primo,
1822 1691 1860 1712 ex
1885 1686 1975 1722 parte
2005 1682 2127 1722 primae
2153 1680 2347 1712 conditionis
2376 1679 2616 1722 requisitaead

1551 1727 1805 1757 contrarietatem
1820 1725 2034 1762 voluntatum,
2050 1726 2115 1756 hoc
2131 1730 2187 1762 est,
2205 1725 2419 1766 oppositionis
2437 1723 2616 1762 secundum

1549 1770 1646 1807 idem,
1671 1779 1728 1800 seu
1752 1769 1886 1800 eandem
1901 1770 2068 1800 rationem.
2092 1769 2248 1800 Probatur
2269 1775 2377 1800 autem
2392 1769 2447 1800 sic.
2470 1767 2616 1804 lactina

1550 1819 1600 1844 sto
1616 1823 1676 1844 nec
1691 1814 1839 1844 voluntas
1858 1813 2018 1850 naturalis,
2034 1823 2095 1844 nec
2114 1813 2262 1844 voluntas
2285 1813 2505 1850 sensualitatis,
2520 1812 2616 1854 repu-

1551 1858 1657 1888 diabat
1685 1858 1844 1888 rationem
1872 1857 2004 1888 volitam
2035 1867 2054 1890 a
2080 1857 2187 1888 divina
2216 1863 2248 1888 et
2276 1858 2418 1888 humana
2447 1856 2615 1888 electione.

1550 1901 1636 1941 Ergo
1667 1902 1701 1931 in
1724 1901 1852 1932 Christo
1882 1910 1950 1931 non
1972 1901 2084 1932 habuit
2105 1901 2215 1932 locum
2237 1901 2447 1942 repugnantia
2467 1901 2616 1933 volum·

1551 1951 1621 1976 tum
1644 1944 1823 1976 secundum
1845 1944 1941 1975 idem.
1964 1962 1988 1967 —
2014 1945 2217 1976 Antecedens
2246 1945 2400 1986 probatur
2427 1944 2536 1986 quoad
2555 1951 2616 1977 vo—

1551 1989 1707 2020 luntatem
1729 1989 1915 2019 naturalem.
1940 1988 2025 2027 Quia
2049 1989 2144 2019 etiam
2166 1989 2332 2020 voluntate
2354 1989 2500 2020 absoluta
2522 1987 2617 2020 Chri-

1552 2039 1618 2064 stus
1641 2033 1769 2063 volebat
1792 2033 1927 2063 salutern
1949 2033 2081 2063 humani
2103 2034 2244 2073 generis:
2269 2033 2414 2074 quamvis
2437 2042 2506 2064 non
2519 2032 2617 2065 vellet

1550 2078 1615 2108 hoc
1637 2078 1671 2107 in
1695 2076 1806 2107 ordine
1830 2076 1869 2107 ad
1893 2076 1988 2113 aliud,
2012 2077 2076 2108 hoc
2099 2082 2155 2114 est,
2180 2078 2325 2117 quamvis
2344 2086 2413 2108 non
2427 2077 2525 2108 vellet
2541 2085 2616 2109 eam

1551 2126 1588 2151 ut
1602 2122 1759 2152 rationem
1773 2120 1904 2151 volendi
1918 2126 2057 2151 mortem
2072 2121 2252 2161 propriam
2271 2121 2347 2161 quia
2362 2120 2402 2152 ad
2415 2121 2616 2153 voluntatem

1551 2170 1588 2195 ut
1610 2170 1756 2196 naturam
1782 2174 1851 2195 non
1873 2170 1994 2205 spectat
2016 2165 2098 2195 velle
2121 2165 2242 2205 aliquid
2263 2165 2298 2196 in
2321 2165 2432 2196 ordine
2455 2164 2495 2196 ad
2516 2164 2618 2203 eliud,

1552 2208 1608 2240 sed
1630 2209 1736 2239 solum
1758 2208 1840 2239 velle
1863 2209 1914 2239 vel
1935 2209 2023 2240 nolle
2041 2209 2162 2249 aliquid
2177 2209 2332 2240 absolute.
2355 2227 2379 2232 -
2400 2208 2526 2241 Deinde
2538 2217 2619 2254 pro-

1551 2253 1643 2283 batur
1659 2252 1849 2283 antecedens
1865 2252 1974 2293 quoad
1988 2253 2188 2284 voluntatem
2203 2253 2423 2284 sensualitatis.
2446 2252 2543 2297 Quia
2545 2251 2620 2298 eliu]

1551 2303 1659 2327 motus
1682 2306 1743 2328 nec
1765 2296 1805 2327 ad
1828 2296 2060 2337 acceptandum
2082 2306 2144 2328 nec
2167 2294 2207 2328 ad
2224 2297 2459 2338 repudiandum
2478 2293 2557 2334 tam
2561 2290 2616 2329 dx·-

1552 2342 1674 2372 celsum
1696 2339 1839 2377 bonum,
1870 2340 1960 2381 quod
1984 2346 2031 2371 est
2053 2342 2177 2372 bonum
2201 2350 2376 2372 commune
2397 2344 2547 2386 aeternae
2565 2338 2619 2373 8⁴⁸ss

1551 2385 1625 2416 lutis
1648 2385 1772 2425 generis
1794 2385 1938 2421 humani,
1962 2394 1995 2416 se
2018 2385 2168 2416 extendit.

1606 2429 1756 2460 Secundo
1779 2430 1933 2480 probatur
1959 2429 2126 2460 conclusio
2149 2439 2198 2460 ex
2210 2434 2299 2470 parte
2321 2429 2481 2461 secundae
2501 2407 2619 2463 cendi-

1550 2474 1646 2504 tionis
1678 2474 1848 2514 requisitae
1871 2473 1911 2504 ad
1933 2474 2188 2504 contrarietatem
2210 2474 2414 2505 voluntatum
2435 2474 2470 2504 in
2489 2473 2614 2516 aliquo,

1550 2519 1614 2548 hoc
1638 2523 1693 2554 est,
1718 2518 1932 2558 oppositionis
1954 2518 1988 2548 in
2012 2517 2123 2548 eadem
2138 2518 2312 2548 voluntate.
2336 2517 2492 2552 Probatur
2506 2520 2616 2554 autem

1551 2563 1605 2592 sic.
1629 2562 1749 2592 Neutra
1770 2562 1974 2592 voluntatum
1997 2562 2180 2602 coniugatio
2205 2571 2243 2592 ex
2265 2562 2362 2592 altera
2382 2551 2620 2604 impediebam

1550 2611 1605 2636 aut
1627 2605 1850 2637 retardabatur.
1885 2606 1971 2646 Ergo
1994 2606 2028 2636 in
2051 2605 2179 2637 Christo
2209 2615 2278 2636 non
2300 2606 2412 2637 habuit
2427 2606 2554 2638 locum
2565 2607 2615 2638 tbi

1550 2651 1725 2691 pugnantia
1746 2650 1950 2681 voluntatum
1975 2651 2010 2680 in
2034 2650 2145 2681 eadem
2166 2650 2342 2681 voluntate.
2365 2666 2390 2674 ·-
2410 2649 2618 2683 Antecedens

1550 2694 1767 2725 manifestatur
1795 2699 1826 2725 et
1849 2693 1957 2734 quoad
1978 2694 2178 2725 voluntatem
2207 2693 2348 2725 divinam
2374 2694 2396 2726 h

1551 2739 1726 2775 electivam,
1750 2739 1826 2779 quia
1847 2748 1908 2769 nec
1930 2737 2172 2779 impediebatur,
2195 2748 2256 2770 nec
2274 2731 2488 2771 retardabatur
2502 2747 2616 2771 exve-

1550 2783 1670 2813 luntate
1694 2783 1828 2813 naturali
1851 2788 1906 2813 aut
1929 2782 2151 2814 sensualitatis:
2180 2789 2212 2814 et
2235 2792 2252 2813 e
2273 2792 2429 2814 converso
2452 2782 2542 2826 quia
2551 2780 2617 2815 n'et':

1550 2827 1697 2857 voluntas
1719 2827 1868 2857 naturalis
1894 2836 1954 2857 nec
1978 2826 2187 2858 sensualitatis
2213 2826 2447 2867 impediebatur
2468 2836 2487 2858 a
2506 2819 2619 2862 divina,

1551 2877 1605 2901 aut
1620 2871 1759 2902 humana
1775 2871 1916 2902 electiva.
1939 2870 2087 2901 Placebat
2105 2836 2281 2912 siquidemp
2280 2870 2418 2908 Christo,
2434 2869 2614 2903 secundum

1551 2915 1690 2946 divinam
1713 2915 1912 2946 voluntatem
1936 2920 1968 2946 et
1989 2915 2177 2946 rationalem
2199 2915 2416 2952 voluntatem,
2442 2920 2480 2947 ut
2500 2920 2534 2946 et
2552 2923 2618 2947 vo*

1550 2959 1654 2990 luntas
1677 2969 1734 2990 sua
1756 2960 1896 2990 humana
1925 2969 1982 3000 per
2003 2959 2140 2990 modum
2162 2965 2293 2992 naturae
2319 2964 2519 2996 moveretur,
2547 2959 2613 2999 hos

1551 3009 1606 3039 est,
1630 3004 1759 3034 haberet
1780 3013 1852 3035 suas
1867 3003 2024 3034 naturales
2039 3004 2211 3035 velleitates
2229 3009 2376 3044 respectu
2391 3003 2483 3040 vitae,
2505 3005 2619 3045 respe-

1551 3052 1604 3077 ctu
1627 3048 1811 3088 integritatis
1832 3048 1986 3088 corporis,
2009 3053 2155 3088 respectu
2170 3048 2312 3085 honoris,
2336 3052 2482 3088 respectu
2497 3045 2614 3084 famae,

1549 3097 1696 3131 respectu
1718 3092 1847 3132 gloriae,
1865 3098 1942 3128 etc.;
1967 3097 1998 3123 et
2021 3093 2180 3133 appetitus
2195 3092 2363 3123 sensitivus
2385 3092 2511 3122 timeret
2523 3089 2619 3122 fistu-

1549 3145 1631 3172 rum,
1655 3137 1893 3177 tristareturque
1916 3135 1955 3167 de
1978 3137 2136 3177 praesenti
2158 3136 2244 3168 malo
2268 3135 2422 3178 corporis,
2438 3140 2499 3167 etc.

1044 3335 1999 3415 &esaei——
