2872 3970
158 2251 168 2261 ⁸
182 2250 238 2277 Cap.
254 2256 291 2271 xv.

162 3203 171 3212 ·
186 3201 251 3226 Vers.
270 3211 275 3225 ι
282 3219 286 3224 .

414 263 487 299 124

407 331 483 360 titur
506 329 625 369 aliquid
648 331 750 360 maius
774 340 831 361 seu
854 332 968 361 melius
992 340 1042 362 se:
1074 331 1147 362 ideo
1178 332 1344 363 manifeste
1371 332 1472 362 littera

407 374 466 404 ista
499 373 594 404 docet
625 374 757 413 gratiam
788 374 905 406 Christi
940 375 1108 415 dupliciter
1143 385 1237 415 posse
1269 375 1470 406 considerari.

407 418 524 453 Primo,
549 417 726 448 secundum
750 417 782 448 id
806 418 895 458 quod
919 419 951 448 in
975 429 1008 449 se
1032 425 1094 449 est:
1119 419 1181 449 hoc
1206 425 1269 455 est,
1293 419 1471 450 secundum

406 462 567 501 propriam
591 462 792 492 intrinsecam
810 463 982 498 entitatem,
1000 471 1063 502 qua
1080 468 1126 492 est
1141 462 1202 493 tale
1219 472 1274 493 ens
1290 463 1372 493 inter
1387 464 1471 494 entia

406 505 554 535 universi.
578 505 620 535 Et
643 506 687 536 sic
710 511 816 546 potest
831 506 951 546 aliquid
968 515 1034 536 esse
1058 506 1197 536 nobilius
1213 515 1270 537 ens
1289 516 1387 546 quam
1403 507 1471 547 ipsa

406 550 454 579 sit.
478 549 581 579 Immo
607 550 712 580 omnis
727 550 900 580 substantia
923 555 969 580 est
991 549 1140 585 nobilior,
1158 550 1336 581 secundum
1351 552 1401 581 sui
1416 560 1470 591 ge—

405 594 488 624 neris
511 593 677 629 rationem,
701 594 770 624 illa:
796 603 871 624 cum
887 594 926 623 sit
949 593 1154 624 essentialiter
1169 594 1325 625 accidens.
1349 613 1372 617 -
1394 595 1469 626 Alio

405 636 516 673 modo,
541 637 718 668 secundum
741 637 773 667 id
797 637 836 667 ad
859 636 949 677 quod
972 638 1040 677 ipsa
1059 647 1116 667 sua
1132 638 1254 674 entitas,
1278 643 1382 669 tantae
1398 648 1469 679 per—

405 680 562 716 fectionis,
575 681 738 711 ordinatur
753 686 789 710 ut
805 680 843 711 ad
859 681 1025 721 proprium
1042 680 1149 713 finem.
1167 681 1208 711 Et
1219 683 1264 712 sic
1279 691 1348 712 non
1363 688 1470 722 potest

406 723 473 755 fieri
497 724 616 764 aliquid
639 725 741 755 maius
764 730 818 754 aut
836 725 950 754 melius
966 724 1034 755 illa:
1060 725 1215 764 quoniam
1231 732 1342 766 suapte
1357 731 1469 757 natura

405 774 660 799 commensurata
675 774 721 798 est
737 769 850 798 unioni
866 768 1024 808 personali
1040 769 1101 799 Dei
1120 775 1155 799 ut
1172 765 1304 810 proprio
1322 769 1388 806 fini,
1405 780 1469 811 qua

404 813 483 842 nihil
507 822 574 843 esse
597 818 704 852 potest
727 812 851 842 melius.

459 857 500 886 Et
523 862 558 886 ut
589 856 703 886 melius
733 857 888 896 percipias
920 866 1002 896 quae
1030 857 1061 887 in
1089 857 1191 888 littera
1221 858 1467 898 subiunguntur,

404 900 625 940 perspicaciter
648 899 876 930 attendendum
900 905 946 930 est
970 910 988 930 a
1003 899 1108 931 divina
1124 901 1277 941 sapientia
1300 901 1468 942 dupliciter

403 943 523 984 aliquid
548 943 738 979 ordinatum,
765 949 921 983 quantum
941 949 987 974 est
1011 954 1049 975 ex
1068 950 1156 985 parte
1174 946 1220 975 rei
1236 945 1408 982 ordinatae,
1428 945 1468 976 ad

404 989 558 1018 unionem
582 987 783 1027 personalem
806 987 878 1018 Filii
903 988 979 1018 Dei:
1005 988 1055 1019 vel
1086 998 1142 1029 per
1165 999 1216 1025 se,
1247 995 1283 1020 ut
1313 989 1466 1029 perfectio

402 1032 518 1071 gratiae
537 1031 714 1062 secundum
734 1041 784 1068 se;
810 1031 859 1062 vel
878 1041 935 1072 per
951 1031 1106 1069 accidens,
1131 1038 1167 1063 ut
1190 1033 1330 1064 humana
1345 1039 1466 1064 natura.

402 1077 461 1106 Per
485 1075 631 1106 accidens
654 1075 812 1116 siquidem
838 1076 958 1112 evenit,
984 1082 1140 1116 quantum
1165 1082 1212 1108 est
1235 1087 1273 1108 ex
1296 1083 1384 1118 parte
1407 1078 1467 1109 hu-

402 1129 514 1150 manae
537 1126 677 1155 naturae,
702 1125 737 1150 ut
761 1120 974 1160 complaceret
990 1120 1061 1151 Deo
1081 1121 1167 1151 illam
1184 1121 1299 1161 eligere
1315 1121 1354 1152 ad
1373 1122 1467 1152 unio-

401 1173 476 1194 nem
499 1164 701 1204 personalem
720 1164 784 1194 sui:
810 1165 964 1204 quoniam
981 1165 1048 1205 ipsa
1064 1171 1175 1196 natura
1190 1165 1330 1196 humana
1354 1175 1466 1196 secun-

402 1207 480 1238 dum
491 1218 524 1238 se
540 1208 661 1238 nullam
677 1209 772 1238 habet
787 1209 1032 1249 proportionem
1049 1215 1103 1239 aut
1119 1210 1467 1240 commensurationem

401 1251 440 1282 ad
463 1252 781 1292 assumptibilitatem,
807 1253 883 1293 quia
906 1253 1027 1283 nullam
1050 1253 1146 1284 habet
1168 1254 1346 1294 potentiam
1369 1255 1467 1294 passi-

400 1306 473 1327 vam
496 1295 536 1326 ad
560 1306 596 1327 ea
620 1306 701 1336 quae
721 1305 853 1327 omnem
869 1297 1043 1328 naturalem
1060 1297 1206 1328 ordinem
1229 1297 1466 1335 transcendunt,

400 1340 456 1371 sed
480 1339 585 1371 divina
609 1341 717 1371 caritas
749 1350 784 1370 ac
811 1341 965 1381 sapientia
996 1341 1128 1372 elevavit
1151 1341 1254 1378 illam,
1287 1341 1465 1373 ordinando

400 1385 502 1424 ipsam
526 1390 561 1414 ut
584 1390 805 1415 assumeretur.
831 1384 939 1416 Gratia
955 1391 1062 1416 autem
1079 1385 1256 1416 secundum
1272 1395 1306 1416 se
1329 1386 1467 1417 totaliter

400 1428 539 1468 perfecta
562 1429 637 1468 quia
661 1438 698 1459 ex
722 1429 842 1468 proprii
867 1428 1000 1464 ordinis,
1026 1435 1138 1469 utpote
1161 1429 1407 1470 supernaturalis
1430 1440 1466 1461 ac

400 1473 512 1508 divini,
539 1473 661 1502 ratione
686 1472 725 1502 ad
748 1473 986 1512 supernaturale
1011 1483 1046 1503 ac
1071 1473 1215 1504 divinum
1239 1474 1317 1513 quid
1341 1473 1466 1504 ordina—

399 1522 466 1553 tur;
491 1526 548 1556 par
572 1522 618 1546 est
643 1522 676 1546 ut
700 1523 811 1557 suapte
836 1522 947 1547 natura
970 1516 1009 1547 ad
1026 1518 1182 1548 unionem
1197 1518 1409 1557 personalem,
1434 1519 1468 1549 in

1107 254 1371 301 QUAESTIO
1400 255 1483 302 VII,
1514 255 1806 296 ARTICULUS
1834 259 1915 296 XlII

1525 334 1574 364 sui
1594 343 1720 365 summa
1735 335 1830 375 plena
1844 336 2051 376 perfectione,
2070 337 2233 369 ordinetur
2249 348 2285 369 ac
2301 345 2587 373 commensuretur.

1524 377 1572 407 Ac
1596 387 1652 417 per
1675 379 1755 415 hoc,
1786 389 1854 410 non
1878 390 1935 421 per
1957 381 2120 416 accidens,
2152 382 2208 412 sed
2230 392 2287 422 per
2310 392 2344 414 se
2369 393 2390 414 a
2411 383 2516 415 divina
2538 394 2587 415 sa-

1523 421 1642 460 pientia
1665 421 1706 453 ad
1728 423 1883 454 unionem
1905 424 2106 464 personalem
2131 425 2302 456 ordinatur.
2327 425 2368 456 Et
2390 425 2464 458 ideo
2488 428 2521 458 in
2537 427 2586 458 lit-

1523 470 1589 495 tera
1604 465 1718 496 dicitur
1734 466 1823 506 quod
1835 467 1949 499 unioni
1957 469 2128 508 personali
2146 470 2375 511 correspondet
2388 469 2589 511 sufficienter

1523 508 1599 539 talis
1621 518 1773 541 mensura
1787 511 1927 552 gratiae,
1944 512 2007 542 hoc
2029 518 2086 548 est,
2102 514 2200 554 gratia
2214 514 2247 543 in
2263 522 2392 544 summo
2408 514 2586 546 secundum

1522 561 1566 588 se,
1580 553 1763 584 ,secundum
1786 554 1914 586 divinae
1935 556 2112 596 sapientiae
2135 557 2290 593 ordinem,
2310 566 2378 597 quo
2401 559 2508 588 omnia
2523 558 2586 589 dis—

1522 597 1631 636 posuit
1653 597 1692 627 ab
1709 603 1838 629 aeterno
1853 599 1998 630 suaviter.
2023 599 2194 638 Quocirca,
2210 606 2508 642 quantumcumque
2529 602 2585 633 ali-

1523 639 1613 679 quod
1633 650 1689 671 ens
1710 642 1744 672 in
1759 651 1792 672 se
1815 642 1993 675 secundum
2009 653 2099 675 suam
2114 645 2317 675 intrinsecam
2333 645 2494 676 entitatem
2518 655 2585 679 me-

1522 683 1583 714 lius
1605 685 1703 724 gratia
1727 694 1808 726 quae
1833 685 1880 716 est
1902 687 1936 717 in
1952 686 2080 718 Christo
2096 687 2196 724 fieret,
2212 698 2280 718 non
2296 686 2385 719 fieret
2403 694 2511 720 tamen
2529 699 2586 720 ens

1521 734 1633 767 suapte
1656 734 1768 759 natura
1791 729 1973 760 ordinatum
1995 740 2053 771 per
2068 740 2101 762 se
2124 731 2164 762 ad
2179 732 2293 762 melius
2309 741 2406 772 quarn
2423 731 2586 764 ordinetur

1520 771 1675 811 perfectio
1692 782 1774 813 quae
1790 774 1823 803 in
1840 773 1967 804 Christo
1984 780 2031 805 est
2045 775 2171 815 gratiae.
2193 776 2234 806 Et
2249 776 2311 806 hoc
2328 782 2436 816 aperte
2451 776 2586 808 intendit

1521 815 1622 846 littera
1645 824 1702 855 per
1725 826 1758 847 se
1781 817 1949 848 intellecta.

1575 859 1642 890 Vll.
1668 859 1703 890 In
1726 861 1934 900 responsione
1951 861 1990 892 ad
2005 863 2143 898 tertium,
2162 862 2290 894 adverte
2305 863 2396 904 quod
2410 863 2584 900 similitudo

1520 903 1683 943 profectus
1707 903 1824 935 Christi
1847 904 1956 945 quoad
1979 906 2176 946 sapientiam,
2195 908 2328 946 gratiam
2343 913 2374 938 et
2390 913 2535 945 aetatem,
2552 909 2585 941 in

1520 947 1622 978 littera
1646 948 1793 979 asseritur
1820 948 1928 989 quoad
1951 955 2073 989 partem
2096 949 2329 981 affirmativam:
2354 951 2473 983 scilicet
2495 952 2585 993 quod

1519 990 1707 1031 proficiebat
1730 992 1838 1032 quoad
1862 991 1993 1023 effectus
2017 994 2125 1024 aetatis
2148 994 2229 1024 sicut
2252 994 2361 1034 quoad
2384 995 2514 1027 effectus
2537 1006 2585 1026 sa-

1519 1035 1658 1075 pientiae
1681 1041 1712 1066 et
1735 1036 1861 1076 gratiae.
1886 1036 1927 1067 Et
1949 1037 2013 1068 hoc
2036 1043 2160 1068 constat
2179 1047 2246 1068 esse
2262 1038 2477 1070 verissimum:
2502 1049 2585 1080 quo-

1519 1080 1606 1110 niam
1631 1088 1729 1119 opera
1751 1089 1807 1110 sua
1831 1089 1975 1111 consona
1990 1081 2083 1112 aetati
2107 1080 2250 1113 faciebat.
2275 1082 2338 1113 Sed
2355 1092 2424 1114 non
2439 1083 2588 1116 asseritur

1521 1122 1629 1163 quoad
1659 1129 1781 1163 partem
1813 1124 2008 1164 negativam:
2040 1125 2159 1156 scilicet
2190 1125 2280 1166 quod
2309 1135 2377 1157 non
2399 1126 2586 1167 proficiebat

1521 1166 1700 1198 secundum
1723 1172 1859 1198 aetatem
1880 1167 1994 1208 ipsam,
2010 1169 2093 1200 sicut
2108 1179 2175 1200 non
2197 1169 2385 1210 proficiebat
2407 1170 2586 1204 secundum

1521 1212 1622 1251 ipsam
1639 1211 1827 1252 sapientiam
1842 1221 1899 1243 seu
1914 1213 2055 1253 gratiam.
2080 1212 2244 1251 Quoniam
2260 1219 2384 1245 constat
2400 1214 2490 1255 quod
2505 1220 2587 1248 esset

1521 1254 1636 1285 falsum
1666 1255 1746 1285 hoc:
1778 1265 1854 1286 narn
1884 1255 2029 1288 Christus
2052 1266 2125 1288 vere
2154 1257 2343 1298 proficiebat
2372 1259 2441 1299 ipsa
2463 1264 2584 1296 aetate3

1521 1300 1676 1339 quoniam
1698 1299 1876 1330 secundum
1899 1301 2008 1331 aetatis
2035 1310 2218 1332 mensuram
2244 1303 2418 1342 corporalis
2440 1312 2585 1344 progres-

1521 1353 1574 1374 sus
1598 1349 1654 1373 est.
1680 1343 1815 1374 Constat
1831 1344 1916 1374 enim
1941 1343 2105 1376 Christum
2120 1355 2194 1376 vere
2217 1346 2322 1386 primo
2341 1346 2506 1384 infantem,
2530 1346 2585 1379 de·-

1520 1386 1594 1417 inde
1618 1396 1766 1427 puerum,
1790 1386 1863 1419 inde
1888 1387 2133 1425 adolescentem,
2155 1395 2250 1430 atque
2273 1390 2307 1420 in
2330 1390 2434 1421 virum
2455 1390 2585 1422 tandem

1520 1430 1697 1471 perfectum
1722 1432 1895 1467 emersisse,
1911 1433 1993 1463 sicut
2016 1438 2138 1464 ceteros
2159 1434 2317 1470 homines,
2334 1435 2451 1465 sensim
2475 1439 2507 1466 et
2528 1444 2586 1476 per

1520 1476 1716 1506 incrementa
1736 1481 1939 1516 temporum,
1964 1483 2100 1517 augente
2123 1477 2258 1508 naturali
2286 1479 2402 1509 virtute
2424 1479 2584 1516 membra,

1520 1519 1684 1559 roburque
1708 1519 1826 1550 viribus
1849 1521 2056 1552 ministrante.

1076 1669 1394 1712 ARTICULUS
1426 1669 1909 1714 DECIMUSTERTIUS

754 1763 911 1794 UTRUM
935 1762 1099 1793 GRATIA
1122 1762 1384 1794 HABITUALIS
1408 1763 1451 1793 IN
1475 1763 1664 1795 cnmsro
1689 1764 2007 1803 SUBSEQUATUR
2030 1765 2230 1797 UNIONEM

773 1842 863 1873 Supra.
883 1849 927 1874 qu.
946 1849 980 1872 vi,
1001 1846 1047 1865 art.
1067 1839 1083 1865 6
1090 1849 1097 1872 ;
1117 1840 1148 1865 111
1169 1841 1251 1869 Sent„
1272 1841 1330 1866 dist.
1350 1848 1403 1871 xm,
1422 1849 1467 1874 qu.
1487 1848 1523 1871 111,
1543 1847 1589 1867 art.
1611 1849 1634 1873 2,
1653 1842 1702 1874 qu¹
1724 1842 1752 1874 35
1776 1843 1919 1875 compend.
1942 1843 2040 1874 771201„
2060 1852 2116 1877 cap.
2134 1852 2218 1871 ccxiv.

454 1972 464 1980 η
518 1951 570 1980 μ’
612 1941 634 1965 D
662 1939 982 1965 nmmum-samium
1010 1939 1061 1964 s1c
1086 1939 1321 1965 paocnnrrua.
1351 1927 1465 1964 Vide—

443 1980 471 2003 '·
528 1982 587 2028 ’ἢ
612 1989 674 2018 tur
708 1981 814 2030 quod
849 1980 965 2029 gratia
1000 1980 1202 2018 habitualis
1237 1980 1275 2018 in
1312 1980 1464 2018 Christo

582 2046 693 2071 non
713 2034 968 2083 subsequatur
995 2033 1194 2070 unionem.
1224 2034 1331 2070 Idem
1359 2033 1465 2070 enim

613 2099 693 2124 non
713 2086 885 2136 sequitur
903 2087 951 2123 ad
971 2086 1152 2136 seipsum.
1175 2087 1252 2124 Sed
1271 2087 1367 2123 haec
1384 2098 1464 2134 gra-

397 2141 448 2178 tia
467 2140 669 2178 habitualis
688 2139 840 2177 videtur
858 2140 992 2177 eadem
1010 2152 1092 2176 esse
1107 2151 1197 2176 cum
1216 2139 1334 2187 gratia
1353 2139 1463 2176 unio-

398 2194 474 2231 nis:
505 2193 594 2231 dicit
622 2193 726 2231 enim
755 2192 1003 2241 Augustinus,
1034 2193 1072 2229 in
1092 2192 1188 2229 libro
1213 2193 1258 2229 de
1276 2193 1462 2229 Praedest.

397 2249 618 2284 Sanctorum
641 2246 677 2283 *ε
711 2248 770 2283 Εα
803 2247 928 2296 gratia
952 2247 1003 2294 fit
1037 2247 1084 2283 ab
1119 2247 1220 2283 initio
1244 2246 1343 2294 fidei
1373 2258 1464 2282 suae

396 2302 507 2338 homo
542 2301 761 2350 quicumque
798 2300 1048 2345 Christianus,
1085 2311 1158 2348 qua
1191 2300 1317 2348 gratia
1350 2299 1462 2336 homo

396 2354 456 2390 ille
483 2354 530 2390 ab
549 2354 650 2390 initio
669 2365 735 2389 suo
751 2352 874 2398 factus
892 2357 942 2388 est
965 2353 1148 2396 Christus‚·
1176 2363 1346 2400 quorum
1365 2351 1462 2388 duo-

395 2418 484 2443 rum
511 2405 683 2455 primum
707 2404 869 2454 pertinet
888 2405 937 2442 ad
958 2404 1118 2452 gratiam
1138 2404 1384 2450 habitualem,
1405 2417 1461 2441 se-

395 2459 569 2496 cundum
598 2459 646 2495 ad
674 2457 833 2507 gratiam
861 2457 1028 2494 unionis.
1058 2458 1160 2505 Ergo
1180 2456 1333 2493 videtur
1353 2457 1461 2506 quod

394 2512 512 2560 gratia
539 2511 741 2549 habitualis
769 2522 849 2548 non
878 2510 1135 2560 subsequatur
1162 2509 1361 2547 unionem.

451 2577 485 2602 2.
507 2565 738 2612 PRAETEREA,
759 2563 956 2613 dispositio
976 2562 1168 2612 praecedit
1187 2563 1461 2612 perfectionem

395 2627 582 2667 tempore,
611 2618 673 2654 vel
701 2618 835 2654 saltem
863 2616 1065 2653 intellectu.
1105 2615 1182 2653 Sed
1209 2615 1326 2664 gratia
1353 2615 1460 2653 habi-

395 2671 506 2708 tualis
534 2670 686 2708 videtur
713 2682 795 2707 esse
824 2669 920 2706 sicut
948 2669 1142 2718 quaedam
1161 2668 1360 2717 dispositio
1388 2669 1460 2705 hu-

396 2735 533 2761 manae
569 2731 725 2760 naturae
761 2723 810 2759 ad
845 2721 1032 2759 unionem
1060 2723 1314 2771 personalem.
1358 2722 1460 2770 Ergo

395 2777 547 2814 videtur
581 2777 688 2826 quod
715 2775 832 2824 gratia
858 2774 1061 2812 habitualis
1096 2786 1176 2812 non
1205 2774 1461 2824 subsequatur

396 2829 594 2876 unionem,
625 2830 692 2866 sed
720 2828 840 2877 magis
868 2828 1080 2878 praecedat.

453 2883 486 2919 3.
508 2884 739 2926 PRAETEREA,
760 2893 970 2919 commune
991 2888 1046 2918 est
1065 2880 1171 2930 prius
1190 2879 1359 2930 proprio.
1384 2880 1462 2918 Sed

397 2935 514 2984 gratia
548 2935 749 2972 habitualis
785 2942 840 2972 est
868 2934 1088 2971 communis
1125 2934 1277 2971 Christo
1312 2941 1349 2971 et
1381 2933 1461 2970 aliis

398 2987 638 3025 hominibus:
659 2988 776 3037 gratia
796 2995 925 3024 autem
945 2986 1100 3024 unionis
1115 2994 1169 3024 est
1183 2986 1339 3036 propria
1355 2986 1461 3024 Chri-

398 3049 466 3078 sto.
497 3042 598 3089 Ergo
626 3041 731 3091 prior
750 3048 816 3087 est,
846 3040 1061 3078 secundum
1081 3039 1324 3083 intellectum,
1344 3039 1462 3088 gratia

398 3094 599 3131 habitualis
640 3106 759 3143 quam
801 3094 883 3142 ipsa
923 3093 1029 3130 unio.
1077 3093 1170 3130 Non
1208 3105 1298 3141 ergo
1335 3092 1460 3142 sequi-

398 3155 459 3184 tur
487 3159 585 3184 eam.

454 3200 527 3237 SED
543 3210 686 3236 CONTRA
701 3210 766 3235 EST
785 3198 893 3247 quod
916 3198 1053 3235 dicitur
1078 3198 1194 3236 Isaiae
1214 3211 1284 3236 xm
1303 3198 1334 3246 ²¹⁶,
1363 3200 1461 3236 Ecce

398 3265 523 3290 servus
550 3263 669 3296 meus,
697 3252 893 3300 suscipiam
922 3263 1026 3287 eum:
1053 3259 1089 3288 et
1117 3260 1248 3300 postea
1276 3251 1458 3301 sequitur,

400 3305 495 3341 Dedi
522 3305 696 3354 Spiritum
724 3315 848 3340 meum
881 3315 992 3351 super
1019 3315 1122 3350 eum,
1158 3305 1265 3353 quod
1301 3304 1460 3354 quidem

401 3358 448 3394 ad
477 3358 625 3394 donum
653 3355 792 3404 gratiae
821 3355 1021 3392 habitualis
1049 3356 1220 3404 pertinet.
1263 3357 1374 3395 Unde
1404 3369 1460 3395 re-

454 3494 470 3510 α
502 3487 604 3512 unione.
623 3501 641 3505 -
661 3486 782 3511 unfonem
802 3486 830 3515 F,
850 3485 978 3510 unitatem
998 3485 1079 3509 tertia.

401 3556 419 3581 d
454 3486 481 3555 βξ
498 3522 566 3582 sigga
587 3523 688 3547 ordine.
702 3535 720 3541 -
738 3521 757 3546 F
771 3527 796 3547 et
814 3521 885 3546 tertia
905 3525 1005 3554 praeter
1019 3520 1051 3550 G,
1067 3518 1141 3553 (quia
1160 3521 1203 3551 sC,
1216 3521 1284 3546 sicut
1303 3522 1352 3556 sG)
1366 3529 1459 3548 secun—

421 3564 463 3581 um
482 3564 514 3582 or
534 3564 611 3583 mem.

1520 1928 1705 1978 linquitur
1745 1930 1852 1979 quod
1889 1931 2081 1980 susceptio
2117 1939 2275 1970 naturae
2313 1934 2508 1972 humanae
2544 1934 2584 1973 in

1519 1982 1664 2019 unione
1685 1988 1702 2004 ²
1729 1994 1917 2032 personae
1945 1984 2148 2033 praecedat
2168 1985 2327 2034 gratiam
2348 1987 2583 2026 habitualem

1519 2033 1558 2071 in
1588 2034 1751 2072 Christo.

1571 2088 1795 2126 Rasponmzo
1823 2101 2004 2127 manDUM
2036 2090 2143 2139 quod
2171 2090 2265 2128 unio
2293 2092 2488 2131 humanae
2515 2106 2582 2133 na-

1518 2147 1625 2178 turae
1653 2141 1702 2178 ad
1721 2140 1895 2179 divinam
1914 2154 2134 2191 personam,
2163 2155 2283 2192 quam
2307 2157 2423 2194 supra
2441 2145 2462 2168 *
2489 2146 2582 2184 dixi—
2634 2147 2659 2176 Q

1518 2205 1607 2230 mus
1635 2205 1717 2230 esse
1745 2194 1868 2243 ipsam
1896 2194 2055 2243 gratiam
2083 2195 2253 2243 unionis,
2281 2198 2474 2246 praecedit
2500 2210 2583 2248 gra-

1516 2245 1609 2282 tiam
1629 2246 1864 2284 habitualem
1883 2247 1923 2284 in
1943 2247 2106 2295 Christo,
2132 2261 2213 2286 non
2232 2250 2366 2288 ordine
2385 2251 2583 2302 temporis,

1517 2299 1584 2336 sed
1612 2307 1769 2337 naturae
1799 2307 1838 2345 et,
1853 2300 2073 2338 intellectus.
2104 2302 2153 2338 Et
2175 2302 2252 2340 hoc
2269 2302 2404 2352 triplici
2422 2304 2580 2343 ratione.

1517 2351 1648 2390 Primo
1668 2352 1840 2402 quidem,
1869 2354 2087 2391 secundum
2105 2353 2282 2393 ordinem
2300 2355 2582 2406 principiorum

1516 2405 1727 2454 utriusque.
1757 2405 1996 2455 Principium
2023 2406 2128 2444 enim
2150 2407 2305 2445 unionis
2332 2416 2389 2446 est
2414 2421 2582 2458 persona

1516 2457 1598 2494 Filii
1627 2470 1828 2495 assumens
1856 2460 2071 2496 humanam
2098 2467 2288 2508 naturam,
2316 2473 2417 2510 quae
2445 2474 2580 2501 secun-

1516 2510 1609 2547 dum
1640 2512 1716 2548 hoc
1743 2511 1881 2549 dicitur
1906 2513 2019 2549 missa
2053 2524 2131 2549 esse
2157 2514 2194 2549 in
2225 2514 2406 2551 mundum
2425 2514 2445 2536 *
2472 2515 2581 2565 quod
2608 2517 2618 2528 '

1516 2564 1730 2601 humanam
1749 2572 1928 2602 naturam
1947 2564 2162 2614 assumpsit.
2193 2565 2431 2616 Principium
2449 2575 2581 2609 autem

1515 2616 1654 2664 gratiae
1683 2616 1905 2664 habitualis,
1937 2629 2037 2666 quae
2065 2619 2157 2655 cum
2184 2618 2336 2656 caritate
2365 2620 2494 2668 datur,
2523 2628 2580 2660 est

1516 2669 1678 2718 Spiritus
1699 2670 1871 2716 Sanctus,
1901 2669 1969 2719 qui
1987 2671 2205 2708 secundum
2224 2672 2300 2709 hoc
2327 2672 2466 2710 dicitur
2482 2673 2582 2712 mitti

1515 2722 1622 2771 quod
1650 2734 1720 2771 per
1747 2722 1940 2759 caritatem
1973 2731 2144 2760 mentem
2171 2724 2356 2762 inhabitat
2377 2725 2407 2763 *.
2444 2725 2581 2764 Missio

1515 2782 1645 2812 autern
1674 2774 1775 2822 Filii,
1812 2775 2027 2813 secundum
2056 2776 2234 2814 ordinem
2261 2786 2439 2826 naturae,
2502 2778 2581 2818 rior

1515 2835 1570 2864 est
1605 2827 1786 2864 missione
1816 2827 1978 2877 Spiritus
2007 2829 2152 2867 Sancti:
2188 2830 2285 2868 sicut
2316 2830 2451 2870 ordine
2511 2843 2579 2870 na-

1514 2888 1621 2918 turae
1651 2880 1814 2930 Spiritus
1843 2881 2004 2918 Sanctus
2031 2882 2205 2931 procedit
2232 2896 2255 2921 a
2282 2883 2381 2922 Filio
2405 2891 2442 2923 et
2466 2896 2490 2922 a
2506 2884 2579 2926 ΡΩ·
2611 2910 2614 2917 .

1514 2941 1569 2971 tre
1589 2939 1604 2961 Υ
1627 2933 1789 2971 dilectio.
1821 2934 1932 2972 Unde
1951 2942 1987 2971 et
2006 2934 2101 2972 unio
2119 2936 2341 2984 personalis,
2361 2937 2578 2974 secundum

1515 2998 1634 3036 quam
1663 2986 1879 3035 intelligitur
1912 2987 2044 3024 missio
2072 2987 2175 3036 Filii,
2205 2996 2260 3026 est
2286 2988 2408 3038 prior,
2441 2989 2576 3027 ordine

1514 3047 1684 3087 naturae,
1713 3039 1830 3088 gratia
1858 3039 2052 3087 habituali,
2081 3041 2297 3079 secundum
2324 3053 2442 3092 quam
2470 3041 2577 3080 intel—

1515 3092 1640 3141 ligitur
1667 3091 1798 3129 missio
1828 3092 1990 3142 Spiritus
2020 3093 2159 3132 Sancti.

1569 3145 1763 3192 Secundo,
1792 3145 1976 3196 accipitur
2003 3146 2098 3184 ratio
2126 3146 2242 3184 huius
2262 3145 2407 3184 ordinis
2433 3158 2481 3185 ex
2508 3147 2575 3185 ha-

1514 3198 1686 3236 bitudine
1714 3198 1852 3247 gratiae
1887 3199 1937 3236 ad
1964 3211 2076 3237 suam
2103 3211 2272 3237 causam.
2313 3199 2443 3236 Gratia
2470 3199 2575 3237 enim

1515 3259 1693 3289 causatur
1711 3250 1750 3288 in
1770 3251 1928 3289 homine
1948 3263 1994 3289 ex
2013 3251 2227 3302 praesentia
2243 3251 2458 3298 divinitatis,
2479 3252 2575 3290 sicut

1515 3306 1646 3342 lumen
1676 3303 1714 3340 in
1742 3316 1828 3341 aere
1858 3317 1903 3342 ex
1930 3304 2143 3354 praesentia
2170 3303 2276 3342 solis:
2305 3304 2409 3343 unde
2437 3304 2575 3343 dicitur

1515 3357 1653 3394 Ezech.
1674 3369 1755 3394 xmu
1774 3356 1810 3394 *t
1836 3357 1966 3395 Gloria
1984 3357 2059 3395 Dei
2074 3356 2192 3395 Israel
2209 3357 2486 3407 ingrediebatur
2502 3370 2575 3408 per

1564 3486 1591 3521 γ)
1611 3488 1701 3514 Patre.
1717 3502 1735 3507 -
1756 3488 1839 3513 Patre
1857 3490 1887 3512 ut
1905 3487 1942 3518 D;
1962 3486 2044 3512 Patre
2059 3488 2086 3512 ee
2103 3492 2122 3510 a
2139 3485 2272 3517 sapientia
2281 3485 2302 3511 1²·
2308 3493 2315 3516 ς
2334 3487 2468 3519 sapientia
2486 3489 2572 3518 tertia3

1512 3522 1632 3554 Spiritus
1650 3523 1770 3549 Sancti...
1788 3523 1885 3548 ordina
1903 3525 2087 3565 naturoe'om.
2105 3527 2132 3547 a.

2601 3362 2611 3372 ⁴
2626 3361 2692 3384 Vera.
2706 3368 2730 3385 a.
