2912 4030
464 240 511 265 XX

466 316 579 338 corum
611 311 826 345 receptorem,
858 301 1077 333 defendendus
1111 306 1205 336 esset,
1233 300 1371 330 rationes
1402 298 1534 328 convin-

467 358 574 382 centes
599 360 616 380 a
639 354 804 388 tamrapta
828 353 859 378 et
882 353 947 377 tam
971 346 1086 377 decora
1114 346 1266 375 brevitate
1296 344 1362 383 peti
1392 348 1533 382 possent.

467 395 542 425 Ideo
567 395 614 424 his
637 393 764 423 duobus
787 391 867 422 locis
891 391 915 421 si
940 391 1034 421 lectio
1052 390 1182 429 antiqua
1198 389 1299 418 brevis
1324 393 1370 417 est
1387 387 1465 426 quin
1489 386 1534 416 rei

467 438 586 478 aliquid
610 437 745 472 deficiat,
762 436 913 466 brevitate
938 445 1013 474 ergo
1038 435 1069 464 S.
1087 434 1115 463 T
1117 434 1234 463 homae
1258 432 1361 462 brevis
1385 436 1441 466 est,
1466 439 1533 460 non

467 482 717 513 condensatione
742 486 969 511 correctorum.
999 479 1026 508 E
1043 487 1210 512 converso,
1227 477 1252 506 si
1269 476 1363 506 lectio
1381 475 1392 504 l
1409 474 1535 514 plenior

467 537 534 558 esse
559 526 691 561 videtur,
710 535 747 555 ea
770 523 968 564 plenitudine
993 528 1099 552 tamen
1124 531 1187 561 qua
1203 521 1247 551 rei
1271 519 1349 550 nihil
1374 518 1533 554 accrescit,

467 578 497 602 et
513 580 610 611 quam
627 569 859 609 correctoribus
875 568 1026 607 attingere
1043 574 1233 596 concessum
1249 570 1305 595 est.
1323 564 1415 595 Hanc
1431 563 1534 603 ipsam

466 614 698 655 plenitudinem
733 622 881 649 recensor
914 617 1017 642 textus
1042 610 1053 640 1
1078 610 1191 646 lucrari
1225 607 1404 646 intendens,
1438 607 1535 637 verba

467 659 652 699 exemplaris
679 658 729 688 sui
752 657 977 697 magistrorum
1009 654 1110 692 modo
1143 653 1316 694 ampliavit,
1341 658 1376 682 ut
1403 660 1534 689 sensum
1559 648 1562 702 Ι

466 703 613 738 firmaret.
650 701 712 733 Sed
735 702 760 732 si
783 701 836 741 ille
870 699 1016 731 lectionis
1050 697 1218 736 variandae
1253 706 1382 728 causam
1412 695 1533 731 habuit,

466 754 578 786 auctor
593 756 668 786 vero
685 746 808 786 antiqui
824 750 927 783 textus
943 752 1071 777 causam
1092 741 1313 782 assignabilern
1329 750 1396 772 non
1412 740 1533 776 habuit,

466 791 712 822 authenticitatis
746 789 964 830 praesumptio
997 797 1065 818 non
1093 792 1152 817 stat
1175 796 1192 816 a
1216 786 1355 823 lectione
1380 784 1391 815 1
1415 782 1472 814 sed
1494 783 1533 814 ab

466 837 607 877 antiqua.

523 880 574 920 28.
598 879 663 919 Alii
682 883 876 917 correctores
893 877 960 908 aliis
976 876 1054 914 locis
1070 875 1241 914 attigerunt
1264 872 1399 905 eandem
1417 872 1534 910 oratio-

466 925 514 955 nis
530 922 774 965 plenitudinem,
800 921 944 963 quamvis
968 919 1159 951 infeliciores
1184 927 1251 948 esse
1267 917 1371 949 solent
1395 915 1533 958 quaml.

466 969 528 1008 Hic
544 967 646 1007 codex
669 968 750 997 inter
773 966 897 1002 tertiam
921 965 1053 996 classem
1070 969 1101 994 et
1116 962 1339 1003 prudentiores
1363 961 1534 997 correctio—

465 1022 521 1043 nes
541 1010 680 1045 ostendit
703 1016 734 1041 et
757 1010 926 1051 pretiosior
949 1009 1151 1049 antiquarum
1176 1007 1354 1044 lectionum
1377 1006 1464 1040 testis
1488 1011 1535 1036 est

466 1056 663 1096 (praesertim
687 1059 797 1085 contra
821 1053 1014 1093 singularem
1044 1052 1131 1083 illam
1161 1050 1318 1086 notatoris
1349 1050 1534 1089 lectionem,

465 1101 585 1142 quippe
621 1100 673 1129 cui
707 1097 809 1129 fidelis
839 1111 853 1125 ‹
874 1096 1034 1137 originalis
1069 1095 1170 1133 fratris
1204 1095 1316 1127 thome
1335 1107 1349 1122 ›
1379 1095 1534 1136 interpres

465 1145 560 1185 etiarn¹
585 1142 796 1183 contradicit).
820 1142 864 1179 At
886 1142 951 1173 suis
974 1141 1043 1183 ipse
1066 1141 1146 1170 locis
1169 1149 1227 1180 per
1250 1139 1329 1170 alios
1347 1139 1450 1170 'libros
1473 1145 1534 1171 ter-

463 1189 526 1228 tiae
550 1188 656 1227 classis
680 1187 719 1225 ab
743 1186 989 1224 authenticitatis
1019 1184 1176 1224 opinione
1198 1183 1371 1224 repellitur.
1395 1183 1535 1219 Alternis

464 1233 586 1264 vicibus
614 1230 741 1263 codices
771 1229 930 1270 secundae
954 1235 985 1260 et
1008 1229 1117 1259 tertiae
1141 1228 1246 1265 classis
1269 1228 1376 1263 socios
1400 1226 1534 1259 credibi-

465 1277 552 1317 litate
574 1276 721 1317 spoliant.
755 1275 788 1314 Si
811 1283 887 1305 vero
911 1274 975 1305 hoc
999 1272 1228 1309 inaestimabile
1252 1271 1396 1304 officium
1418 1271 1534 1309 millies

466 1322 575 1352 critico
606 1325 775 1360 praestant,
801 1328 898 1359 quare
930 1327 1005 1359 ergo
1036 1318 1096 1348 hae
1127 1323 1188 1348 tres
1218 1316 1373 1354 lectiones
1398 1316 1409 1349 I
1434 1315 1473 1354 ad
1497 1326 1535 1347 ea

466 1375 549 1406 quae
583 1364 797 1403 communiter
832 1363 1023 1403 contingunt
1055 1371 1122 1392 non
1155 1360 1372 1398 numerandae
1406 1358 1535 1399 essent?

465 1410 539 1448 Qua
555 1410 676 1447 ratione
693 1414 795 1447 cetera
811 1408 902 1438 tertia
926 1407 1031 1446 classis
1047 1406 1095 1437 his
1111 1406 1211 1443 tribus
1234 1405 1314 1444 locis
1333 1404 1534 1442 traditionale

465 1454 586 1494 antiqui
602 1458 705 1490 textus
721 1452 941 1489 testimonium
957 1461 1024 1481 non
1040 1451 1191 1481 roborare
1208 1447 1384 1488 diceretur?
1400 1449 1534 1491 Propter

465 1507 647 1537 sermonem
668 1496 787 1535 scilicet
810 1492 988 1529 notatoris?
1011 1494 1044 1525 Si
1060 1500 1168 1533 tamen
1191 1494 1242 1524 vel
1265 1494 1324 1532 hae
1348 1499 1410 1524 tres
1433 1494 1534 1534 magis

465 1549 496 1573 et
512 1542 626 1582 melius
649 1550 747 1581 quam
771 1540 925 1579 lectiones
949 1539 1099 1578 antiquae
1115 1538 1162 1568 his
1178 1539 1278 1569 tribus
1297 1537 1376 1575 locis
1392 1538 1533 1578 speciem

465 1586 710 1625 authenticitatis
733 1593 809 1625 prae
825 1594 859 1614 se
875 1583 1010 1614 ferrent!
1036 1582 1098 1613 Sed
1122 1582 1308 1622 suppositae
1331 1591 1398 1613 non
1414 1582 1532 1619 minus,

464 1641 530 1661 non
547 1629 730 1671 aequaliter,
747 1628 803 1660 sed
818 1629 918 1667 magis
942 1627 1140 1658 conveniunt
1155 1627 1313 1661 Thomae,
1331 1627 1534 1662 authenticae

465 1686 482 1706 e
505 1675 617 1715 bontra
639 1673 830 1714 methodum
854 1678 1072 1710 correctorum
1102 1670 1324 1702 manifestant:
1357 1672 1382 1703 si
1413 1671 1534 1710 scilicet

464 1719 695 1760 suppositionis
711 1723 742 1748 et
757 1717 940 1748 authentiae
955 1715 1095 1746 iudicem
1111 1721 1208 1746 notae
1224 1721 1389 1753 auctorem
1405 1715 1533 1756 accipis.

465 1764 498 1795 Si
521 1773 596 1803 eum
621 1771 704 1803 quae
735 1762 934 1795 asseritnon
957 1760 1022 1797 suis
1046 1759 1148 1790 oculis
1171 1758 1296 1796 vidisse,
1321 1758 1377 1798 sed
1401 1769 1534 1790 erronee

466 1814 497 1839 et
513 1808 619 1848 specie
643 1806 709 1836 veri
732 1805 903 1846 deceptum
928 1814 966 1835 ex
990 1804 1145 1846 opinione
1173 1804 1342 1835 asseruisse
1366 1805 1533 1844 supponis,

466 1862 514 1883 res
538 1851 578 1890 ad
601 1850 778 1889 naturalem
801 1858 892 1881 suam
916 1847 1136 1879 conditionem
1160 1847 1312 1879 redeunt:
1338 1858 1356 1879 a
1371 1857 1435 1889 qua
1459 1857 1534 1888 pro-

466 1896 550 1935 fecto
575 1905 632 1936 per
658 1893 779 1933 nudam
810 1894 905 1930 unius
935 1893 1076 1924 hominis
1110 1893 1265 1933 incogniti
1289 1891 1535 1931 affirmationem

466 1951 533 1971 non
558 1939 718 1970 decidunt.
754 1937 805 1968 Ad
829 1937 1005 1976 naturalem
1036 1942 1144 1968 autem
1174 1946 1281 1973 rerum
1313 1936 1535 1976 conditionem

467 1986 563 2022 etiam
596 1984 734 2024 pertinet
760 1988 805 2019 ut,
835 1982 946 2014 ceteris
981 1981 1120 2022 paribus,
1155 1991 1334 2021 paucorum
1370 1982 1534 2012 iuniorum

467 2029 618 2068 codicum
641 2028 813 2067 auctoritas
836 2036 854 2056 a
869 2026 1043 2066 largissima
1068 2031 1098 2056 et
1122 2026 1341 2067 antiquissima
1364 2025 1535 2056 traditione

466 2078 602 2113 regatur.

465 2164 493 2202 ξ.
513 2161 567 2194 VI.
586 2179 609 2183 -
630 2160 688 2200 DE
711 2158 1034 2198 RELATIONJBUS
1055 2157 1304 2196 EDITIONUM
1328 2157 1461 2197 INTER
1485 2157 1536 2198 SE

777 2209 835 2244 ET
860 2208 955 2240 CUM
979 2207 1224 2245 CODICIBUS.

523 2310 574 2340 29.
599 2299 785 2333 Editionem
808 2297 987 2337 principem
1010 2306 1031 2334 ιζ
1054 2305 1092 2326 ex
1116 2295 1229 2333 codice
1253 2295 1377 2335 antiqui
1400 2301 1505 2333 textus
1523 2302 1532 2318 ¹

466 2345 550 2385 typis
573 2353 723 2376 excusam
739 2352 817 2377 esse,
835 2341 963 2375 collatio
987 2340 1164 2377 lectionum
1180 2340 1250 2378 eius
1265 2349 1342 2377 eum
1365 2340 1535 2377 traditione

466 2389 680 2427 manuscripta
703 2387 881 2422 luculenter
904 2390 1046 2416 attestata
1070 2390 1126 2422 est.
1151 2384 1410 2424 Corruptionum,
1432 2386 1535 2422 maio-

466 2443 533 2466 rem
554 2438 676 2472 partem
699 2440 825 2466 summa
848 2429 913 2466 fide
935 2429 1141 2469 reproducit;
1169 2438 1271 2465 novas
1294 2429 1423 2469 propria
1440 2429 1536 2470 culpa

466 2476 594 2513 addidit,
618 2476 786 2516 pauciores
809 2481 917 2510 tamen
941 2483 1040 2514 quam
1063 2474 1096 2503 in
1120 2473 1370 2515 typographicae
1393 2473 1467 2510 artis
1486 2474 1535 2508 ine.

465 2521 563 2554 santia
578 2519 785 2553 inveniendas
808 2518 906 2554 fuisse
930 2518 1123 2558 experientia
1147 2518 1235 2554 docti
1251 2517 1426 2555 crederent.
1442 2519 1536 2554 Anti-

466 2575 569 2605 quum
592 2570 715 2597 textum
738 2564 793 2598 ubi
817 2563 941 2599 deserit,
966 2563 1136 2602 aliquoties
1163 2572 1239 2599 cum
1261 2567 1374 2599 nostro
1397 2563 1425 2599 Ε
1449 2562 1534 2600 facit,

466 2609 521 2640 sed
544 2609 642 2649 vulgo
667 2609 734 2638 sola
758 2614 804 2638 est
828 2613 860 2638 et
882 2607 1025 2647 perplexi
1057 2607 1246 2644 correctoris
1278 2607 1385 2644 crisim
1416 2607 1534 2647 prodit.

465 2654 641 2693 Nunquam
674 2662 784 2686 recusa
816 2661 883 2682 esse
911 2651 967 2687 sed
990 2653 1058 2683 sine
1088 2652 1179 2692 prole
1211 2651 1365 2689 mansisse
1387 2651 1534 2689 videtum

466 2704 573 2730 nostra
595 2703 703 2728 tamen
727 2696 835 2733 editi0‚
853 2697 932 2736 quin
955 2697 1018 2727 hoc
1035 2697 1205 2736 egerimus,
1222 2696 1290 2733 eius
1314 2701 1418 2732 textus
1439 2696 1538 2732 altera

468 2742 564 2773 editio
600 2742 706 2775 evasit.
742 2741 928 2775 Editionem
962 2741 1158 2781 principem,
1192 2741 1268 2781 quia
1302 2749 1379 2777 oum
1412 2740 1536 2781 reliqua

466 2786 634 2818 traditione
657 2785 886 2826 typographica
919 2791 1104 2821 contactum
1126 2795 1195 2822 non
1218 2785 1339 2822 babuit,
1363 2785 1398 2816 in
1421 2786 1536 2822 seriem

467 2832 587 2870 primae
611 2830 717 2861 classis
740 2830 930 2870 recepimus,
948 2835 979 2860 et
999 2840 1017 2860 a
1033 2830 1164 2870 reliquis
1187 2828 1382 2866 editionibus
1404 2838 1537 2869 prorsus

468 2875 698 2914 separavimus,
729 2875 772 2904 ita
805 2879 840 2905 ut
872 2875 931 2904 sub
966 2875 1126 2914 signatura
1159 2879 1268 2911 nostra
1303 2886 1316 2900 «
1341 2873 1500 2910 editiones
1518 2888 1532 2904 »

469 2918 566 2949 editio
590 2928 610 2951 a
634 2928 800 2958 nunquam
825 2918 1129 2959 comprehendenda
1152 2919 1202 2954 sit.

524 2963 575 2993 30.
599 2963 649 2996 Ab
674 2962 812 2997 editione
835 2963 853 3000 b
877 2963 974 3003 longa
995 2963 1110 3002 series,
1135 2963 1186 2994 v-el
1210 2963 1318 3003 potius
1349 2967 1417 2999 tota
1440 2963 1536 2995 series

469 3007 647 3039 editionum
669 3012 743 3046 post
766 3007 953 3047 principem,
970 3008 1098 3043 initium
1121 3007 1228 3045 sumit.
1252 3007 1440 3045 Valentiana
1464 3012 1496 3043 et
1519 3017 1536 3043 c

469 3058 499 3081 et
522 3051 666 3091 plurimis
689 3051 884 3085 inter-mediis
906 3051 941 3086 P,
959 3057 990 3082 et
1013 3061 1030 3082 a
1052 3052 1077 3085 P
1099 3053 1249 3092 inceptae
1270 3061 1384 3088 omnes
1407 3051 1536 3087 moder-

468 3105 528 3127 nae
551 3101 582 3126 et
597 3094 858 3129 modernissimae
881 3095 969 3128 nulla
989 3101 1121 3136 excepta
1144 3106 1239 3136 super
1261 3101 1350 3132 textu
1365 3096 1383 3132 b
1399 3101 1537 3132 structae

470 3145 552 3170 sunt.
576 3138 780 3171 Editionibus
803 3139 862 3172 sibi
885 3138 1129 3176 succedentibus
1151 3145 1255 3175 textus
1277 3140 1296 3175 b
1316 3140 1471 3180 paulatim
1487 3150 1535 3171 er-

470 3193 556 3215 rores
579 3182 830 3224 typographicos.
851 3181 1000 3222 perdidit,
1024 3183 1147 3223 antiqui
1170 3190 1274 3219 textus
1297 3194 1420 3221 errores
1441 3185 1475 3221 in
1499 3194 1536 3221 ea

471 3227 651 3267 superstites
674 3226 843 3266 pauciores
865 3225 992 3265 fiebant,
1009 3227 1065 3262 sed
1089 3232 1120 3260 et
1142 3228 1248 3264 bonae
1270 3229 1424 3265 lectiones
1447 3228 1536 3264 codi-

472 3272 560 3303 cibus
583 3271 680 3311 eique
709 3279 900 3304 communes
930 3271 1088 3305 liberrime
1120 3273 1342 3309 mutabantur,
1366 3272 1471 3310 donee
1495 3283 1536 3305 eo

471 3321 603 3347 ventum
619 3320 665 3347 est
688 3319 723 3345 ut
746 3314 811 3347 loci
826 3314 857 3347 S,
874 3314 1054 3354 Scripturae
1070 3315 1247 3350 secundum
1262 3317 1433 3357 vulgatam
1452 3319 1538 3359 typis

526 3418 533 3433 ¹
554 3419 611 3443 Non
631 3419 688 3444 dico
706 3418 873 3456 typographis
893 3418 987 3444 librum
1007 3419 1142 3452 antiquum
1157 3419 1191 3443 ob
1204 3420 1298 3444 oculos
1317 3399 1433 3452 positum*
1445 3422 1536 3450 fuisse.

472 3455 594 3480 Fortasse
610 3455 686 3480 valde
714 3458 807 3481 recens
830 3459 892 3480 erat.
921 3453 988 3481 Nam
1012 3461 1091 3487 quam
1116 3454 1220 3486 grandis
1238 3455 1279 3481 vel
1299 3457 1539 3485 recentissimorum.

1560 306 1562 313 ’
1589 300 1775 340 impressam
1792 305 1823 338 et
1846 299 1911 330 loci
1927 299 2006 330 luris
2023 299 2180 330 Canonici
2197 299 2375 330 secundum
2396 299 2581 338 Editionem
2594 302 2662 333 Ro-

1588 353 1717 374 manam
1740 343 1999 378 reformarentur.
2035 343 2157 376 Textus
2180 342 2444 382 reformationem
2473 344 2538 379 hoc
2560 345 2662 382 modo

1588 397 1789 427 progressam
1806 397 1874 418 esse
1890 389 2123 430 comperimus:
2148 388 2336 419 Valentiana
2352 387 2450 419 editio
2466 388 2661 430 simpliciter.

1588 441 1692 472 usque
1716 432 1755 462 ad
1778 432 1994 472 apertissimos
2018 441 2140 463 errores
2163 433 2424 475 typographicos,
2441 438 2564 471 textum
2579 433 2598 469 b
2613 443 2662 466 re-

1588 475 1755 516 produxit3
1779 475 1888 513 nullus
1911 476 2003 509 locus
2027 476 2162 513 collatus
2186 476 2316 514 editoris
2338 476 2498 516 influxum
2528 477 2663 511 subiisse

1589 521 1786 551 cernebatur.
1811 519 2004 562 Typothetis
2035 530 2111 561 ergo
2134 521 2274 562 magistri
2308 521 2470 555 Lamberti
2493 520 2573 556 liber
2596 520 2662 558 edi÷

1587 564 1685 595 tionis
1709 564 1894 603 Tarvisinae
1923 564 2086 607 exemplar
2109 564 2200 602 clatus
2229 571 2292 602 est;
2322 565 2402 597 nihil
2426 564 2516 606 quod
2548 566 2663 599 scirem

1588 614 1793 640 mutaverunt
1816 613 1940 651 praeter
1954 609 2259 650 interpunctionem.
2284 608 2360 641 Ideo
2381 610 2464 641 hanc
2486 609 2663 647 editionem

1588 653 1669 693 siglo
1693 662 1760 683 non
1785 652 1996 690 distinximus,
2013 652 2069 685 sed
2091 654 2221 685 missam
2245 653 2391 686 fecimus.
2422 653 2530 690 Editio
2554 664 2572 685 c
2594 664 2662 686 non

1589 697 1774 737 simpliciter
1797 697 1919 728 imitata
1942 703 1988 735 est
2012 698 2222 735 Tarvisinam,
2239 697 2295 729 sed
2317 698 2495 740 plurimum
2519 704 2550 732 et
2574 708 2663 740 egre-

1588 742 1639 782 gie
1664 741 1841 782 castigavit:
1876 741 1991 782 dignus
2024 747 2089 774 erat
2113 741 2216 774 editor
2239 743 2292 774 cui
2315 742 2430 774 melior
2462 752 2562 784 quam
2593 753 2661 785 quo

1588 796 1665 821 usus
1690 792 1737 816 est
1759 785 1861 817 codex
1885 787 2121 827 manuscriptus
2150 786 2306 825 auxilium
2335 787 2468 823 tulisset.
2499 787 2622 826 Textus
2645 797 2663 824 c

1588 831 1622 861 in
1655 830 1806 861 omnibus
1839 829 2034 867 editionibus
2057 830 2176 865 saeculi
2208 830 2324 869 decimi
2349 832 2453 872 quinti
2481 837 2535 869 aut
2558 831 2663 864 nullas

1589 881 1644 910 aut
1666 884 1785 916 paucas
1818 875 2058 909 immutationes
2091 879 2239 917 expertus
2263 880 2319 909 est,
2354 874 2468 912 Primis
2495 874 2663 914 decenniis
2717 894 2720 898 ·

1589 920 1751 960 sequentis
1767 919 1887 957 saeculi
1910 919 2024 959 aliquis
2040 917 2143 950 editor
2160 918 2284 958 (nescio
2300 929 2400 960 quem
2417 921 2586 958 nominem
2601 920 2664 957 nisi

1589 963 1745 998 editorem
1770 965 1826 1004 qui
1849 973 1935 995 anno
1964 963 2045 995 1523
2062 964 2186 1004 primus
2210 963 2452 1001 Commentariis
2467 963 2615 1005 Caietani
2629 965 2663 998 in

1588 1008 1696 1040 lucem
1720 1007 1835 1039 edidit:
1861 1007 1925 1042 vid.
1949 1017 2023 1050 pag.
2046 1007 2133 1046 xrm)
2158 1013 2262 1046 textus
2285 1017 2303 1042 c
2325 1009 2506 1040 recensioni
2529 1019 2662 1051 operam

1589 1052 1686 1091 dedit,
1703 1063 1767 1094 qua
1782 1058 1886 1083 textus
1902 1052 1927 1083 P
1944 1058 2033 1089 ortus
2049 1058 2112 1090 est:
2133 1062 2208 1089 nam
2225 1052 2276 1086 hic
2293 1053 2332 1085 ab
2348 1052 2402 1084 illa
2417 1062 2533 1094 parum
2548 1051 2663 1091 differt·

1645 1098 1710 1128 Sub
1735 1097 1953 1128 mutationum
1977 1096 2236 1133 accumulatione
2262 1102 2366 1129 textus
2388 1097 2407 1128 b
2431 1095 2548 1135 faciem
2571 1107 2663 1134 suam

1589 1148 1620 1172 et
1643 1142 1788 1174 colorem
1812 1141 1862 1172 vel
1886 1142 1920 1173 in
1943 1141 2064 1178 ultimis
2088 1140 2282 1177 editionibus
2306 1139 2455 1178 ostendit.
2491 1140 2663 1178 Editorum

1588 1186 1743 1223 industria
1765 1195 1834 1217 non
1858 1195 1898 1216 eo
1914 1185 2061 1226 pervenit
2083 1191 2120 1216 ut
2141 1185 2332 1218 relationem
2347 1186 2430 1217 inter
2452 1185 2470 1218 b
2494 1192 2526 1224 et
2548 1195 2663 1219 manua
2712 1196 2715 1199 “

1588 1231 1739 1272 scriptam
1772 1229 1976 1262 traditionem
2008 1230 2192 1262 notabiliter
2223 1230 2405 1268 mutaverit.
2443 1229 2542 1266 Diana
2571 1231 2662 1274 ipsa,

1589 1285 1672 1316 quae
1688 1284 1746 1316 per
1768 1284 1786 1307 c
1809 1280 1840 1307 et
1864 1280 1984 1310 ceteras
1999 1273 2203 1311 intermedias
2227 1273 2385 1306 editiones
2403 1275 2552 1311 omnium
2571 1284 2663 1317 prae-

1589 1319 1774 1359 cedentium
1797 1320 2015 1351 mutationum
2038 1318 2278 1360 receptaculum
2309 1317 2392 1350 facta
2415 1325 2472 1356 est,
2498 1320 2549 1355 vix
2573 1319 2664 1352 aliter

1589 1374 1686 1405 quam
1710 1364 1728 1395 b
1753 1363 1792 1394 ad
1816 1362 1943 1394 codices
1967 1373 2000 1394 se
2023 1363 2129 1394 habet.
2154 1363 2243 1394 Sicut
2267 1373 2344 1404 ergo
2360 1364 2578 1404 manuscripta
2601 1370 2663 1396 tra-.

1588 1408 1667 1440 ditio
1691 1418 1748 1450 per
1764 1417 1867 1443 unum
1891 1407 1999 1439 solum
2014 1408 2238 1449 apographum
2262 1417 2338 1439 curn
2359 1408 2559 1450 autographo
2583 1418 2663 1439 con-

1588 1454 1677 1485 tinua
1701 1458 1757 1489 est,
1773 1453 1826 1489 ita,
1843 1451 1984 1483 editione
2005 1452 2151 1493 principe
2167 1458 2309 1493 excepta,
2326 1457 2393 1485 tota
2416 1450 2543 1486 traditio
2567 1458 2663 1495 typo—

1588 1498 1737 1538 graphica
1761 1507 1818 1537 per
1841 1497 1944 1528 solam
1967 1496 1986 1527 b
2009 1507 2028 1527 a
2050 1497 2267 1538 manuscripta
2291 1494 2460 1537 dependet.

1645 1542 1696 1572 31.
1721 1541 1834 1572 Editor
1856 1541 1875 1572 b
1898 1541 2020 1581 aliquas
2036 1540 2192 1574 lectiones
2207 1550 2226 1571 a
2240 1550 2275 1578 se
2298 1550 2420 1572 creasse
2437 1540 2578 1577 videtur;
2601 1551 2664 1573 nos

1588 1586 1700 1622 saltem
1724 1595 1776 1616 eas
1800 1595 1841 1616 ne
1864 1585 1898 1616 in
1922 1584 2088 1618 codicibus
2108 1584 2240 1625 quidem
2256 1585 2356 1617 textui
2379 1584 2398 1616 b
2421 1585 2664 1627 cognatioribus

1587 1631 1780 1668 invenimus.
1797 1628 1881 1660 Inter
1897 1628 2025 1660 codices
2045 1629 2065 1661 b
2087 1629 2214 1661 socium
2229 1627 2453 1666 fidelissimum
2468 1629 2564 1661 habet
2578 1629 2664 1668 Nea-

1588 1674 1770 1715 politanum
1785 1679 1947 1704 recentem
1963 1673 2039 1710 bibl,
2052 1673 2230 1711 Nationalis
2241 1673 2310 1705 vll.
2322 1673 2359 1705 B.
2373 1683 2404 1714 7,
2418 1672 2499 1710 idest
2514 1680 2663 1716 nostrum,
2713 1680 2717 1683 “
2747 1647 2753 1651 l

1588 1719 1630 1754 H.
1647 1718 1733 1759 sigla
1748 1718 1799 1755 Hb
1815 1724 1881 1750 tam
1904 1717 2088 1759 frequenter
2103 1723 2134 1749 et
2149 1723 2216 1753 tam
2239 1723 2421 1750 constanter
2444 1719 2613 1757 uniuntur,
2627 1725 2664 1756 ut

1588 1763 1714 1796 nullum
1747 1762 1884 1794 dubium
1916 1772 1984 1794 esse
2016 1763 2118 1804 possit
2146 1762 2226 1804 quin
2257 1763 2362 1805 operis
2386 1761 2560 1800 Tarvisinis
2582 1760 2664 1795 liber

1588 1807 1803 1848 Neapolitano
1828 1812 1987 1847 quantum
2010 1805 2050 1837 ad
2073 1812 2197 1842 textum
2219 1806 2401 1844 simillimus
2424 1807 2508 1849 typis
2535 1807 2663 1845 imitan-

1589 1851 1648 1884 dus
1673 1857 1748 1889 erat.
1772 1851 1823 1881 Ab
1840 1851 1871 1883 H
1891 1860 1975 1891 pene
1999 1851 2106 1886 omnis
2128 1851 2308 1883 lectionum
2334 1851 2470 1887 societas
2493 1850 2663 1891 editionib

1589 1896 1733 1936 contigit.
1757 1895 1835 1926 Prae
1859 1895 1971 1928 ceteris
1994 1901 2103 1928 autem
2119 1895 2160 1926 ad
2174 1895 2217 1932 H,
2234 1894 2375 1936 ideoque
2392 1894 2432 1934 ‚ad
2447 1895 2509 1932 Hb,
2525 1895 2664 1939 vergunt

1589 1940 1821 1976 Ambrosianus
1853 1939 1895 1979 (R
1923 1940 1958 1970 in
1988 1939 2148 1976 schedulis
2178 1940 2326 1981 nostris),
2355 1939 2550 1975 Oxoniensis
2577 1938 2662 1986 (W).

1589 1984 1870 2024 Norimburgensis
1892 1993 1933 2023 29
1959 1983 2014 2024 (s),
2039 1984 2238 2016 Matritenses
2263 1984 2307 2025 (4.
2327 1983 2372 2024 5),
2395 1985 2539 2021 iuniores
2562 1984 2662 2026 Tol&

1589 2036 1682 2066 tanus
1700 2029 1748 2069 (7)
1766 2034 1797 2059 et
1812 2028 1982 2066 Escurialis
2002 2028 2062 2068 (9),
2077 2029 2250 2065 Brixiensis
2263 2029 2333 2069 (Q),
2347 2028 2388 2067 G,
2401 2035 2433 2060 et
2447 2028 2470 2060 I.
2488 2029 2538 2061 Ne
2553 2036 2663 2068 tamen

1589 2075 1692 2106 lector
1715 2072 1822 2109 credat
1845 2073 2040 2117 signaturam

1887 2116 2368 2161 GHIQRWe4.5.7.9.b
2629 2147 2633 2157 -.

1590 2172 1692 2203 aeque
1716 2161 1919 2202 frequentem
1942 2171 2011 2193 esse
2034 2161 2133 2202 quam
2155 2162 2363 2194 variationem
2386 2162 2468 2197 ixiter
2491 2164 2664 2207 antiquum

1589 2213 1712 2238 textum
1729 2212 1761 2237 et
1776 2206 1837 2242 Hb,
1855 2205 2073 2242 animadverto
2099 2205 2189 2247 quod
2212 2216 2279 2247 quo
2302 2205 2395 2248 plura
2418 2206 2497 2247 sigla
2519 2217 2596 2250 cum
2609 2206 2664 2252 Hb
2720 2232 2723 2233 ν

1589 2252 1683 2282 nobis
1708 2250 1785 2281 dum
1814 2249 2059 2281 conferebamus
2089 2249 2232 2281 notanda
2258 2251 2440 2288 veniebant,
2465 2261 2504 2283 eo
2528 2251 2664 2293 paucio-

1589 2297 1676 2326 ribus
1691 2295 1772 2326 locis
1788 2295 1982 2335 signaturam
2003 2294 2255 2335 correspondere
2271 2295 2419 2326 vidimus.
2443 2295 2572 2328 Nullius
2586 2297 2663 2334 loci,

1589 2341 1645 2379 ubi
1661 2339 1834 2370 duodecim
1858 2339 1936 2379 sigla
1960 2339 2070 2374 omnia
2093 2349 2191 2370 unam
2208 2340 2383 2371 variantem
2406 2340 2577 2385 signarent,
2593 2340 2664 2378 ine-

1589 2385 1726 2416 moriam
1749 2383 1891 2420 invenio,
1914 2383 1976 2414 nisi
2000 2393 2054 2425 qu.
2071 2393 2166 2420 mn,
2191 2389 2248 2421 art,
2264 2393 2296 2421 2,
2315 2383 2356 2415 ad
2373 2384 2390 2415 3
2410 2384 2456 2425 (z)
2474 2385 2662 2430 ignoratur,

1590 2428 1679 2470 quod
1703 2434 1811 2460 tamen
1826 2437 1895 2461 non
1910 2427 1978 2458 sola
2001 2428 2093 2463 tertia
2113 2427 2219 2462 classis
2235 2428 2265 2459 le
2289 2427 2322 2465 ἲ,
2345 2427 2561 2469 Frequentior
2575 2435 2664 2471 assffi

1590 2474 1685 2505 ciatio
1717 2472 1803 2513 siglis
1825 2471 2014 2507 HRst
2037 2473 2234 2514 exprimitur.
2297 2472 2424 2505 mnium
2454 2473 2663 2514 libentissime

1590 2528 1608 2550 a
1631 2518 1795 2554 consortio
1819 2517 1871 2554 Hb
1894 2517 2010 2553 absunt
2026 2515 2096 2553 G‚*1
2112 2526 2188 2554 cum
2211 2522 2300 2552 textu
2328 2518 2463 2558 antiquo
2487 2524 2543 2551 aut
2566 2511 2664 2558 atibus

1589 2562 1722 2603 proprio
1746 2560 1907 2601 stipendio
1930 2561 2071 2593 militans
2094 2566 2126 2592 et
2144 2561 2185 2599 Q,
2203 2562 2260 2602 qui
2283 2568 2368 2595 amat
2391 2562 2479 2594 solus
2503 2573 2583 2600 esse,
2606 2564 2664 2596 sed

1588 2606 1761 2642 interdum,
1786 2606 1882 2636 etiam
1905 2605 1961 2636 ubi
1984 2605 2158 2636 minimum
2181 2612 2375 2646 expectares,
2398 2607 2534 2648 antiquo
2561 2609 2664 2644 textui

1590 2651 1775 2682 associatur.

1644 2695 1809 2725 Variantes
1825 2694 1876 2725 Hb
1900 2700 1932 2725 et
1955 2695 2119 2725 sociorum
2141 2695 2252 2725 tertiae
2268 2695 2375 2726 classis
2396 2705 2507 2726 versus
2523 2697 2665 2740 antiqui-

1589 2745 1687 2770 tatem
1711 2739 1992 2780 prosequentibus,
2012 2738 2174 2773 interdum
2198 2739 2326 2770 obviam
2349 2740 2445 2772 nobis
2466 2741 2556 2775 venit
2577 2751 2663 2777 unus

1588 2784 1640 2823 vel
1663 2784 1741 2820 alter
1757 2783 1859 2821 codex
1882 2783 2003 2823 primae
2020 2783 2136 2821 classis,
2153 2783 2209 2821 sed
2231 2784 2312 2815 locis
2331 2790 2397 2816 tam
2415 2786 2527 2826 paucis
2550 2791 2587 2817 ut
2601 2783 2664 2828 presi>

1589 2828 1693 2860 nihilo
1715 2826 1891 2869 reputanda
1914 2828 1986 2866 sint.
2011 2827 2047 2865 ln
2071 2827 2183 2866 decem
2206 2829 2317 2869 Ptimis
2333 2829 2589 2869 Quaestionibus
2610 2835 2662 2870 'ea-

1590 2883 1644 2907 sus
1676 2878 1751 2910 sunt
1782 2882 1814 2908 11.
1833 2872 1862 2903 3.
1880 2868 1912 2908 θ,
1936 2882 1980 2902 111.
1999 2873 2028 2902 5.
2047 2882 2086 2909 ᾳ,
2110 2882 2164 2907 vu.
2181 2883 2212 2913 7.
2230 2883 2258 2909 ι,
2288 2881 2337 2904 12.
2353 2870 2390 2917 ζ,
2413 2884 2455 2910 nr.
2471 2883 2504 2917 4.
2519 2873 2550 2917 ζ.
2572 2874 2666 2918 Libri

1590 2917 1750 2955 secundae
1774 2916 1890 2954 classis,
1906 2926 1976 2953 non
1991 2926 2105 2954 omues
2128 2917 2184 2948 sed
2208 2917 2336 2956 alternis
2351 2919 2485 2956 vicibus,
2501 2916 2663 2958 remoti

1590 2967 1694 2993 textus
1717 2962 1759 2997 H,
1776 2960 1917 3001 ideoque
1941 2959 2054 2995 editori
2077 2961 2097 2992 b
2119 2962 2227 3001 plures
2249 2963 2408 2998 variantes
2435 2963 2665 3004 praebuerunt.

1591 3007 1676 3037 Tota
1707 3005 1868 3036 secundae
1897 3015 1974 3035 cum
1996 3006 2015 3036 b
2038 3005 2182 3037 facientis
2216 3007 2376 3047 signatum
2398 3006 2451 3048 (E,
2467 3006 2504 3043 F,
2521 3007 2552 3039 Ο
2569 3007 2664 3041 ΡΜ».

1590 3051 1666 3087 vini,
1681 3051 1712 3080 X
1730 3050 1761 3080 Y
1783 3049 2094 3090 Cantabrigensium‚
2116 3062 2139 3086 η
2163 3051 2347 3092 Lipsiensis,
2372 3051 2402 3082 3.
2427 3050 2665 3094 Corchium-te)

1590 3100 1700 3136 posset
1724 3103 1811 3125 esse:

1970 3139 1997 3169 E
2009 3139 2037 3170 F
2048 3139 2077 3170 O
2090 3139 2119 3170 X
2130 3139 2161 3170 Y
2170 3151 2192 3176 η
2206 3140 2236 3171 3.
2249 3139 2269 3170 b
2279 3145 2292 3170 .·

1591 3184 1716 3215 Additis
1739 3185 1834 3214 sociis
1857 3183 1967 3214 tertiae
1990 3190 2099 3225 posset
2122 3193 2207 3215 esse:
2544 3211 2549 3213 s

1729 3228 2236 3267 EFGHIOQRWXYon
2262 3227 2524 3269 a-4.5.7.9.b.·

1590 3273 1712 3304 Neutra
1733 3273 1784 3304 vel
1805 3273 1906 3304 semel
1929 3273 2077 3308 occurrit.
2092 3273 2128 3303 ni
2142 3271 2245 3308 fallor,
2260 3272 2322 3303 nisi
2337 3271 2424 3303 forte
2434 3273 2493 3304 ubi
2510 3274 2663 3315 antiquus

1590 3323 1696 3348 textus
1710 3323 1776 3348 tam
1793 3317 1950 3349 absurdus
1971 3323 2018 3348 est
2039 3322 2077 3348 ut
2090 3317 2158 3348 iam
2177 3315 2287 3357 plures
2301 3316 2430 3348 codices
2444 3318 2568 3358 primae
2582 3318 2664 3350 etas-

1591 3423 1710 3455 lirrensjs,
1726 3423 1842 3455 Vaticani
1861 3423 1991 3454 Palatinus
2009 3426 2036 3451 et
2053 3421 2178 3458 Urbinas⁸
2195 3426 2324 3454 quantum
2342 3429 2376 3453 ex,
2391 3422 2456 3454 loci*
2479 3423 2581 3455 collatis
2599 3431 2663 3454 con«

1591 3458 1659 3483 cludi
1678 3457 1746 3491 licet,
1766 3459 1880 3492 strictius
1906 3457 2094 3500 primogenitae
2121 3456 2275 3495 autographi
2301 3457 2492 3491 transcriptioni
2520 3458 2663 3490 adhaerent

473 3490 596 3531 epdicum'
609 3490 748 3530 multjuido
766 3489 936 3530 antiquissimi
957 3489 1084 3526 cuiusque
1101 3489 1197 3523 codicis
1217 3494 1315 3530 ῑρᾈῐψη
1333 3489 1444 3523 fideliter
1461 3493 1503 3525 trel
1515 3492 1539 3525 si
1592 3501 1672 3526 quam
1699 3498 1787 3525 noster
1806 3494 1826 3519 E
1846 3499 1871 3527 et
1889 3487 2033 3527 Lipsiensis
2059 3497 2145 3525 vetus,
2170 3490 2220 3517 illis
2248 3499 2295 3526 per
2319 3493 2454 3525 saeculum
2480 3498 2506 3523 et
2525 3493 2661 3526 dimidium

471 3533 514 3557 vui,
531 3525 656 3557 serviliter
684 3530 771 3559 ²³.chOE
790 3530 831 3557 tit.
850 3532 896 3557 per
914 3525 1012 3557 multos
1037 3532 1119 3559 annos
1145 3530 1240 3558 experri
1266 3533 1362 3559 sumus
1378 3524 1439 3558 dum
1458 3534 1537 3559 opera
1591 3533 1651 3556 nutu
1676 3529 1796 3559 maiores.
1823 3529 1885 3554 Ideo
1911 3529 1977 3554 inter
2003 3527 2099 3558 librum
2126 3527 2262 3561 antiquum
2282 3532 2308 3554 et
2325 3527 2421 3553 librum
2450 3529 2549 3564 antiqui
2575 3534 2664 3555 textus

472 3561 499 3585 S.
518 3559 637 3595 'rhomae
655 3560 855 3593 recudebnmus.
875 3553 901 3584 ln
921 3560 1049 3593 praesenti
1069 3567 1130 3594 casu
1150 3560 1254 3590 codices
1271 3560 1444 3591 Basileenses„
1458 3561 1536 3587 Bero-

1591 3563 1719 3588 distinetio
1738 3564 1814 3590 valet.
