<?xml version="1.0" encoding="UTF-8"?>
<!DOCTYPE html PUBLIC "-//W3C//DTD XHTML 1.0 Transitional//EN"
    "http://www.w3.org/TR/xhtml1/DTD/xhtml1-transitional.dtd">
<html xmlns="http://www.w3.org/1999/xhtml" xml:lang="en" lang="en">
 <head>
  <title>
</title>
<meta http-equiv="Content-Type" content="text/html;charset=utf-8" />
  <meta name='ocr-system' content='tesseract 3.04.00' />
  <meta name='ocr-capabilities' content='ocr_page ocr_carea ocr_par ocr_line ocrx_word'/>
</head>
<body>
  <div class='ocr_page' id='page_1' title='image "./operaomniaiussui11thom_0467.png"; bbox 0 0 2872 3970; ppageno 0'>
   <div class='ocr_carea' id='block_1_1' title="bbox 0 0 234 2624">
    <p class='ocr_par' dir='ltr' id='par_1_1' title="bbox 0 0 234 2624">
     <span class='ocr_line' id='line_1_1' title="bbox 0 0 234 451; baseline 0 -16"><span class='ocrx_word' id='word_1_1' title='bbox 0 0 234 451; x_wconf 95' lang='lat' dir='ltr'>   </span> 
     </span>
     <span class='ocr_line' id='line_1_2' title="bbox 0 451 194 606; baseline 0 0"><span class='ocrx_word' id='word_1_2' title='bbox 0 451 194 606; x_wconf 95' lang='lat' dir='ltr'>     </span> 
     </span>
     <span class='ocr_line' id='line_1_3' title="bbox 0 606 194 762; baseline 0 0"><span class='ocrx_word' id='word_1_3' title='bbox 0 606 194 762; x_wconf 95' lang='lat' dir='ltr'>  </span> 
     </span>
     <span class='ocr_line' id='line_1_4' title="bbox 0 762 194 867; baseline 0 0"><span class='ocrx_word' id='word_1_4' title='bbox 0 762 194 867; x_wconf 95' lang='lat' dir='ltr'>     </span> 
     </span>
     <span class='ocr_line' id='line_1_5' title="bbox 0 867 189 1020; baseline 0 -111"><span class='ocrx_word' id='word_1_5' title='bbox 0 867 189 1020; x_wconf 95' lang='lat' dir='ltr'>   </span> 
     </span>
     <span class='ocr_line' id='line_1_6' title="bbox 0 1020 234 1178; baseline 0.004 -1"><span class='ocrx_word' id='word_1_6' title='bbox 0 1020 234 1178; x_wconf 95' lang='lat' dir='ltr'>     </span> 
     </span>
     <span class='ocr_line' id='line_1_7' title="bbox 0 1178 192 1380; baseline 0.052 -105"><span class='ocrx_word' id='word_1_7' title='bbox 0 1178 192 1380; x_wconf 95' lang='lat' dir='ltr'>    </span> 
     </span>
     <span class='ocr_line' id='line_1_8' title="bbox 0 1380 234 1767; baseline 0 -44"><span class='ocrx_word' id='word_1_8' title='bbox 0 1380 234 1767; x_wconf 95' lang='lat' dir='ltr'>   </span> 
     </span>
     <span class='ocr_line' id='line_1_9' title="bbox 0 1767 234 2463; baseline 0 -523"><span class='ocrx_word' id='word_1_9' title='bbox 0 1767 234 2463; x_wconf 95' lang='lat' dir='ltr'>    </span> 
     </span>
     <span class='ocr_line' id='line_1_10' title="bbox 0 2463 227 2624; baseline 0 0"><span class='ocrx_word' id='word_1_10' title='bbox 0 2463 227 2624; x_wconf 95' lang='lat' dir='ltr'>   </span> 
     </span>
    </p>
   </div>
   <div class='ocr_carea' id='block_1_2' title="bbox 122 374 1250 1314">
    <p class='ocr_par' dir='ltr' id='par_1_2' title="bbox 119 374 1247 995">
     <span class='ocr_line' id='line_1_11' title="bbox 130 374 1245 427; baseline -0.004 -12"><span class='ocrx_word' id='word_1_11' title='bbox 130 382 150 416; x_wconf 75' lang='lat' dir='ltr'><strong>j</strong></span> <span class='ocrx_word' id='word_1_12' title='bbox 194 376 480 427; x_wconf 56' lang='lat' dir='ltr'>dfamfitealur.</span> <span class='ocrx_word' id='word_1_13' title='bbox 498 376 558 413; x_wconf 91' lang='lat' dir='ltr'>Et</span> <span class='ocrx_word' id='word_1_14' title='bbox 582 375 670 413; x_wconf 88' lang='lat' dir='ltr'>ideo</span> <span class='ocrx_word' id='word_1_15' title='bbox 696 381 782 411; x_wconf 87' lang='lat' dir='ltr'>ante</span> <span class='ocrx_word' id='word_1_16' title='bbox 801 374 1020 422; x_wconf 88' lang='lat' dir='ltr'>passionem</span> <span class='ocrx_word' id='word_1_17' title='bbox 1038 386 1150 411; x_wconf 92' lang='lat' dir='ltr'>suam</span> <span class='ocrx_word' id='word_1_18' title='bbox 1176 386 1245 411; x_wconf 91' lang='lat' dir='ltr'>no-</span> 
     </span>
     <span class='ocr_line' id='line_1_12' title="bbox 165 426 1246 486; baseline -0.004 -19.204"><span class='ocrx_word' id='word_1_19' title='bbox 165 439 170 446; x_wconf 82' lang='lat'><strong>·</strong></span> <span class='ocrx_word' id='word_1_20' title='bbox 195 427 265 471; x_wconf 71' lang='lat' dir='ltr'>tuit</span> <span class='ocrx_word' id='word_1_21' title='bbox 280 426 453 486; x_wconf 74' lang='lat' dir='ltr'>gentibus</span> <span class='ocrx_word' id='word_1_22' title='bbox 471 426 680 476; x_wconf 77' lang='lat' dir='ltr'>praedicari</span> <span class='ocrx_word' id='word_1_23' title='bbox 697 438 813 463; x_wconf 86' lang='lat' dir='ltr'>suam</span> <span class='ocrx_word' id='word_1_24' title='bbox 827 426 1053 463; x_wconf 85' lang='lat' dir='ltr'>doctrinam.</span> <span class='ocrx_word' id='word_1_25' title='bbox 1075 426 1142 462; x_wconf 93' lang='lat' dir='ltr'>sed</span> <span class='ocrx_word' id='word_1_26' title='bbox 1160 434 1246 474; x_wconf 91' lang='lat' dir='ltr'>post</span> 
     </span>
     <span class='ocr_line' id='line_1_13' title="bbox 122 477 1243 532; baseline -0.002 -16"><span class='ocrx_word' id='word_1_27' title='bbox 122 498 136 506; x_wconf 29' lang='grc' dir='ltr'>ν·</span> <span class='ocrx_word' id='word_1_28' title='bbox 194 478 437 532; x_wconf 58' lang='lat' dir='ltr'>monem</span> <span class='ocrx_word' id='word_1_29' title='bbox 442 489 561 518; x_wconf 81' lang='lat' dir='ltr'>suam</span> <span class='ocrx_word' id='word_1_30' title='bbox 594 477 686 515; x_wconf 81' lang='lat' dir='ltr'>dixit</span> <span class='ocrx_word' id='word_1_31' title='bbox 717 477 930 526; x_wconf 86' lang='lat' dir='ltr'><strong>discipulis,</strong></span> <span class='ocrx_word' id='word_1_32' title='bbox 958 478 1092 515; x_wconf 86' lang='lat' dir='ltr'>Matth.</span> <span class='ocrx_word' id='word_1_33' title='bbox 1121 479 1187 515; x_wconf 92' lang='lat' dir='ltr'>ult.</span> <span class='ocrx_word' id='word_1_34' title='bbox 1206 477 1243 499; x_wconf 79' lang='lat'>*-</span> 
     </span>
     <span class='ocr_line' id='line_1_14' title="bbox 192 526 1246 588; baseline -0.005 -16.388"><span class='ocrx_word' id='word_1_35' title='bbox 192 526 343 581; x_wconf 57' lang='lat' dir='ltr'>m,</span> <span class='ocrx_word' id='word_1_36' title='bbox 350 530 481 569; x_wconf 71' lang='lat' dir='ltr'>docete</span> <span class='ocrx_word' id='word_1_37' title='bbox 504 541 632 567; x_wconf 83' lang='lat' dir='ltr'>omnes</span> <span class='ocrx_word' id='word_1_38' title='bbox 648 535 786 588; x_wconf 80' lang='lat' dir='ltr'><strong><em>gentes.</em></strong></span> <span class='ocrx_word' id='word_1_39' title='bbox 814 530 974 578; x_wconf 90' lang='lat' dir='ltr'>Propter</span> <span class='ocrx_word' id='word_1_40' title='bbox 1001 530 1118 588; x_wconf 83' lang='lat' dir='ltr'>quod,</span> <span class='ocrx_word' id='word_1_41' title='bbox 1138 537 1180 566; x_wconf 92' lang='lat' dir='ltr'>ut</span> <span class='ocrx_word' id='word_1_42' title='bbox 1198 531 1246 566; x_wconf 90' lang='lat' dir='ltr'>le-</span> 
     </span>
     <span class='ocr_line' id='line_1_15' title="bbox 137 580 1246 639; baseline -0.004 -18"><span class='ocrx_word' id='word_1_43' title='bbox 137 582 191 639; x_wconf 42' lang='lat'>“3</span> <span class='ocrx_word' id='word_1_44' title='bbox 304 582 423 622; x_wconf 61' lang='lat' dir='ltr'>„loan‘</span> <span class='ocrx_word' id='word_1_45' title='bbox 436 592 494 622; x_wconf 70' lang='lat' dir='ltr'>xit</span> <span class='ocrx_word' id='word_1_46' title='bbox 511 581 543 626; x_wconf 72' lang='lat'>²⁸⁸,</span> <span class='ocrx_word' id='word_1_47' title='bbox 569 593 672 625; x_wconf 88' lang='lat' dir='ltr'>cum,</span> <span class='ocrx_word' id='word_1_48' title='bbox 697 580 921 619; x_wconf 82' lang='lat' dir='ltr'>imminente</span> <span class='ocrx_word' id='word_1_49' title='bbox 948 581 1136 630; x_wconf 88' lang='lat' dir='ltr'>passione,</span> <span class='ocrx_word' id='word_1_50' title='bbox 1164 581 1246 630; x_wconf 91' lang='lat' dir='ltr'>qui-</span> 
     </span>
     <span class='ocr_line' id='line_1_16' title="bbox 139 632 1250 695; baseline -0.001 -24.952"><span class='ocrx_word' id='word_1_51' title='bbox 139 633 377 695; x_wconf 46' lang='lat' dir='ltr'>m</span> <span class='ocrx_word' id='word_1_52' title='bbox 376 633 457 671; x_wconf 81' lang='lat' dir='ltr'>tiles</span> <span class='ocrx_word' id='word_1_53' title='bbox 474 634 614 672; x_wconf 81' lang='lat' dir='ltr'>vellent</span> <span class='ocrx_word' id='word_1_54' title='bbox 630 632 760 671; x_wconf 87' lang='lat' dir='ltr'>videre</span> <span class='ocrx_word' id='word_1_55' title='bbox 779 634 916 679; x_wconf 85' lang='lat' dir='ltr'>Iesum,</span> <span class='ocrx_word' id='word_1_56' title='bbox 931 633 1142 681; x_wconf 88' lang='lat' dir='ltr'>respondit:</span> <span class='ocrx_word' id='word_1_57' title='bbox 1162 634 1250 670; x_wconf 88' lang='lat' dir='ltr'>Nisi</span> 
     </span>
     <span class='ocr_line' id='line_1_17' title="bbox 158 684 1246 739; baseline -0.003 -14.896"><span class='ocrx_word' id='word_1_58' title='bbox 158 696 361 739; x_wconf 59' lang='lat' dir='ltr'>mum</span> <span class='ocrx_word' id='word_1_59' title='bbox 375 686 562 733; x_wconf 81' lang='lat' dir='ltr'>frumenti</span> <span class='ocrx_word' id='word_1_60' title='bbox 587 684 722 722; x_wconf 80' lang='lat' dir='ltr'>cadens</span> <span class='ocrx_word' id='word_1_61' title='bbox 740 686 778 721; x_wconf 89' lang='lat' dir='ltr'>in</span> <span class='ocrx_word' id='word_1_62' title='bbox 796 690 936 721; x_wconf 85' lang='lat' dir='ltr'>terram</span> <span class='ocrx_word' id='word_1_63' title='bbox 963 691 1149 722; x_wconf 86' lang='lat' dir='ltr'>mortuum</span> <span class='ocrx_word' id='word_1_64' title='bbox 1157 685 1246 731; x_wconf 84' lang='lat' dir='ltr'>fue-</span> 
     </span>
     <span class='ocr_line' id='line_1_18' title="bbox 147 735 1245 786; baseline -0.004 -8.819"><span class='ocrx_word' id='word_1_65' title='bbox 147 735 410 786; x_wconf 44' lang='lat' dir='ltr'>&amp;mum</span> <span class='ocrx_word' id='word_1_66' title='bbox 423 737 545 776; x_wconf 76' lang='lat' dir='ltr'>solum</span> <span class='ocrx_word' id='word_1_67' title='bbox 562 742 707 774; x_wconf 85' lang='lat' dir='ltr'>manet:</span> <span class='ocrx_word' id='word_1_68' title='bbox 731 738 765 773; x_wconf 88' lang='lat' dir='ltr'>si</span> <span class='ocrx_word' id='word_1_69' title='bbox 780 743 902 774; x_wconf 86' lang='lat' dir='ltr'>autem</span> <span class='ocrx_word' id='word_1_70' title='bbox 920 742 1106 774; x_wconf 83' lang='lat' dir='ltr'>mortuum</span> <span class='ocrx_word' id='word_1_71' title='bbox 1114 737 1245 783; x_wconf 84' lang='lat' dir='ltr'>fuerit,</span> 
     </span>
     <span class='ocr_line' id='line_1_19' title="bbox 142 787 1247 840; baseline -0.007 -8.661"><span class='ocrx_word' id='word_1_72' title='bbox 142 789 536 840; x_wconf 54' lang='lat' dir='ltr'>mumsmctum</span> <span class='ocrx_word' id='word_1_73' title='bbox 551 788 672 837; x_wconf 82' lang='lat' dir='ltr'>affert.</span> <span class='ocrx_word' id='word_1_74' title='bbox 701 789 760 833; x_wconf 91' lang='lat' dir='ltr'>Et,</span> <span class='ocrx_word' id='word_1_75' title='bbox 781 787 877 825; x_wconf 88' lang='lat' dir='ltr'>sicut</span> <span class='ocrx_word' id='word_1_76' title='bbox 898 788 1134 836; x_wconf 89' lang='lat' dir='ltr'>Augustinus</span> <span class='ocrx_word' id='word_1_77' title='bbox 1159 788 1247 826; x_wconf 89' lang='lat' dir='ltr'>dicit</span> 
     </span>
     <span class='ocr_line' id='line_1_20' title="bbox 145 838 1246 890; baseline -0.006 -7.722"><span class='ocrx_word' id='word_1_78' title='bbox 145 838 337 886; x_wconf 53' lang='lat' dir='ltr'>m</span> <span class='ocrx_word' id='word_1_79' title='bbox 354 839 387 886; x_wconf 65' lang='lat'>*0</span> <span class='ocrx_word' id='word_1_80' title='bbox 404 852 447 878; x_wconf 76' lang='lat' dir='ltr'>se</span> <span class='ocrx_word' id='word_1_81' title='bbox 468 841 610 879; x_wconf 74' lang='lat' dir='ltr'>dicebat</span> <span class='ocrx_word' id='word_1_82' title='bbox 635 851 800 890; x_wconf 83' lang='lat' dir='ltr'>granum</span> <span class='ocrx_word' id='word_1_83' title='bbox 818 841 1116 888; x_wconf 70' lang='lat' dir='ltr'>mortificandum</span> <span class='ocrx_word' id='word_1_84' title='bbox 1135 842 1172 877; x_wconf 85' lang='lat' dir='ltr'>in</span> <span class='ocrx_word' id='word_1_85' title='bbox 1191 842 1246 876; x_wconf 84' lang='lat' dir='ltr'>in-</span> 
     </span>
     <span class='ocr_line' id='line_1_21' title="bbox 130 892 1246 957; baseline -0.003 -24.851"><span class='ocrx_word' id='word_1_86' title='bbox 130 892 365 957; x_wconf 60' lang='lat' dir='ltr'>Jfflate</span> <span class='ocrx_word' id='word_1_87' title='bbox 394 893 640 937; x_wconf 80' lang='lat' dir='ltr'>Iudaeorum,</span> <span class='ocrx_word' id='word_1_88' title='bbox 669 892 983 941; x_wconf 78' lang='lat' dir='ltr'>multiplicandum</span> <span class='ocrx_word' id='word_1_89' title='bbox 1017 894 1054 929; x_wconf 88' lang='lat' dir='ltr'>in</span> <span class='ocrx_word' id='word_1_90' title='bbox 1075 893 1160 940; x_wconf 88' lang='lat' dir='ltr'>fide</span> <span class='ocrx_word' id='word_1_91' title='bbox 1179 905 1246 941; x_wconf 83' lang='lat' dir='ltr'>po-</span> 
     </span>
     <span class='ocr_line' id='line_1_22' title="bbox 136 943 376 999; baseline -0.011 -15.401"><span class='ocrx_word' id='word_1_92' title='bbox 136 943 376 999; x_wconf 70' lang='lat' dir='ltr'>palorum</span> 
     </span>
    </p>

    <p class='ocr_par' dir='ltr' id='par_1_3' title="bbox 192 995 1247 1151">
     <span class='ocr_line' id='line_1_23' title="bbox 207 995 1247 1044; baseline 0 -12"><span class='ocrx_word' id='word_1_93' title='bbox 207 997 304 1033; x_wconf 79' lang='lat' dir='ltr'>An</span> <span class='ocrx_word' id='word_1_94' title='bbox 335 1007 470 1033; x_wconf 65' lang='lat' dir='ltr'>immun</span> <span class='ocrx_word' id='word_1_95' title='bbox 502 1007 600 1032; x_wconf 69' lang='grc'><strong>111100</strong></span> <span class='ocrx_word' id='word_1_96' title='bbox 635 1007 816 1033; x_wconf 66' lang='lat' dir='ltr'>memnon</span> <span class='ocrx_word' id='word_1_97' title='bbox 844 997 951 1044; x_wconf 92' lang='lat' dir='ltr'>quod</span> <span class='ocrx_word' id='word_1_98' title='bbox 980 996 1151 1033; x_wconf 89' lang='lat' dir='ltr'>Christus</span> <span class='ocrx_word' id='word_1_99' title='bbox 1178 995 1247 1032; x_wconf 84' lang='lat' dir='ltr'>fuit</span> 
     </span>
     <span class='ocr_line' id='line_1_24' title="bbox 156 1015 1245 1097; baseline -0.003 -9.894"><span class='ocrx_word' id='word_1_100' title='bbox 156 1015 241 1087; x_wconf 70' lang='lat' dir='ltr'>in</span> <span class='ocrx_word' id='word_1_101' title='bbox 254 1048 387 1085; x_wconf 87' lang='lat' dir='ltr'>lumen</span> <span class='ocrx_word' id='word_1_102' title='bbox 405 1055 441 1084; x_wconf 92' lang='lat' dir='ltr'>et</span> <span class='ocrx_word' id='word_1_103' title='bbox 459 1048 621 1084; x_wconf 88' lang='lat' dir='ltr'>salutem</span> <span class='ocrx_word' id='word_1_104' title='bbox 638 1047 808 1094; x_wconf 88' lang='lat' dir='ltr'>gentium</span> <span class='ocrx_word' id='word_1_105' title='bbox 828 1060 899 1096; x_wconf 91' lang='lat' dir='ltr'>per</span> <span class='ocrx_word' id='word_1_106' title='bbox 918 1048 1124 1097; x_wconf 90' lang='lat' dir='ltr'>discipulos</span> <span class='ocrx_word' id='word_1_107' title='bbox 1143 1060 1245 1094; x_wconf 93' lang='lat' dir='ltr'>suos,</span> 
     </span>
     <span class='ocr_line' id='line_1_25' title="bbox 147 1099 1032 1153; baseline -0.001 -15.946"><span class='ocrx_word' id='word_1_108' title='bbox 147 1106 292 1153; x_wconf 49' lang='lat' dir='ltr'>§ms</span> <span class='ocrx_word' id='word_1_109' title='bbox 317 1099 367 1136; x_wconf 81' lang='lat' dir='ltr'>ad</span> <span class='ocrx_word' id='word_1_110' title='bbox 393 1099 693 1148; x_wconf 81' lang='lat' dir='ltr'>praedicandum</span> <span class='ocrx_word' id='word_1_111' title='bbox 719 1099 893 1147; x_wconf 88' lang='lat' dir='ltr'>gentibus</span> <span class='ocrx_word' id='word_1_112' title='bbox 921 1100 1032 1136; x_wconf 86' lang='lat' dir='ltr'>misit.</span> 
     </span>
    </p>

    <p class='ocr_par' dir='ltr' id='par_1_4' title="bbox 189 1151 1246 1305">
     <span class='ocr_line' id='line_1_26' title="bbox 203 1151 1246 1200; baseline 0 -12"><span class='ocrx_word' id='word_1_113' title='bbox 203 1152 302 1189; x_wconf 82' lang='lat' dir='ltr'>An</span> <span class='ocrx_word' id='word_1_114' title='bbox 329 1163 516 1188; x_wconf 73' lang='lat' dir='ltr'><strong>SECUNDUM</strong></span> <span class='ocrx_word' id='word_1_115' title='bbox 543 1163 724 1189; x_wconf 78' lang='lat' dir='ltr'>mCENDUM</span> <span class='ocrx_word' id='word_1_116' title='bbox 751 1152 858 1200; x_wconf 90' lang='lat' dir='ltr'>quod</span> <span class='ocrx_word' id='word_1_117' title='bbox 891 1164 971 1189; x_wconf 91' lang='lat' dir='ltr'>non</span> <span class='ocrx_word' id='word_1_118' title='bbox 999 1160 1054 1189; x_wconf 90' lang='lat' dir='ltr'>est</span> <span class='ocrx_word' id='word_1_119' title='bbox 1087 1151 1246 1188; x_wconf 91' lang='lat' dir='ltr'>minoris</span> 
     </span>
     <span class='ocr_line' id='line_1_27' title="bbox 143 1202 1244 1262; baseline 0 -22"><span class='ocrx_word' id='word_1_120' title='bbox 143 1202 400 1253; x_wconf 73' lang='lat' dir='ltr'>potestatiS,</span> <span class='ocrx_word' id='word_1_121' title='bbox 429 1203 496 1240; x_wconf 88' lang='lat' dir='ltr'>sed</span> <span class='ocrx_word' id='word_1_122' title='bbox 522 1203 698 1248; x_wconf 89' lang='lat' dir='ltr'>maioris,</span> <span class='ocrx_word' id='word_1_123' title='bbox 726 1203 847 1240; x_wconf 87' lang='lat' dir='ltr'>facere</span> <span class='ocrx_word' id='word_1_124' title='bbox 875 1203 1018 1252; x_wconf 86' lang='lat' dir='ltr'>aliquid</span> <span class='ocrx_word' id='word_1_125' title='bbox 1044 1215 1114 1262; x_wconf 81' lang='lat' dir='ltr'>per</span> <span class='ocrx_word' id='word_1_126' title='bbox 1139 1204 1244 1249; x_wconf 91' lang='lat' dir='ltr'>alios,</span> 
     </span>
     <span class='ocr_line' id='line_1_28' title="bbox 151 1254 1244 1314; baseline -0.001 -20.96"><span class='ocrx_word' id='word_1_127' title='bbox 151 1261 312 1306; x_wconf 60' lang='lat' dir='ltr'>mmm</span> <span class='ocrx_word' id='word_1_128' title='bbox 337 1266 408 1304; x_wconf 91' lang='lat' dir='ltr'>per</span> <span class='ocrx_word' id='word_1_129' title='bbox 432 1254 613 1314; x_wconf 86' lang='lat' dir='ltr'>seipsum.</span> <span class='ocrx_word' id='word_1_130' title='bbox 642 1256 691 1292; x_wconf 93' lang='lat' dir='ltr'>Et</span> <span class='ocrx_word' id='word_1_131' title='bbox 716 1255 804 1292; x_wconf 89' lang='lat' dir='ltr'>ideo</span> <span class='ocrx_word' id='word_1_132' title='bbox 831 1255 870 1291; x_wconf 93' lang='lat' dir='ltr'>in</span> <span class='ocrx_word' id='word_1_133' title='bbox 889 1256 964 1292; x_wconf 92' lang='lat' dir='ltr'>hoc</span> <span class='ocrx_word' id='word_1_134' title='bbox 991 1255 1157 1292; x_wconf 84' lang='lat' dir='ltr'>maxime</span> <span class='ocrx_word' id='word_1_135' title='bbox 1176 1267 1244 1304; x_wconf 93' lang='lat' dir='ltr'>po-</span> 
     </span>
    </p>
   </div>
   <div class='ocr_carea' id='block_1_3' title="bbox 191 1306 1244 1370">
    <p class='ocr_par' dir='ltr' id='par_1_5' title="bbox 129 1306 1244 1370">
     <span class='ocr_line' id='line_1_29' title="bbox 191 1306 1244 1370; baseline -0.001 -25.056"><span class='ocrx_word' id='word_1_136' title='bbox 191 1309 304 1370; x_wconf 60' lang='lat' dir='ltr'>ustas</span> <span class='ocrx_word' id='word_1_137' title='bbox 330 1306 460 1344; x_wconf 84' lang='lat' dir='ltr'>divina</span> <span class='ocrx_word' id='word_1_138' title='bbox 486 1307 526 1344; x_wconf 88' lang='lat' dir='ltr'>in</span> <span class='ocrx_word' id='word_1_139' title='bbox 545 1306 698 1344; x_wconf 90' lang='lat' dir='ltr'>Christo</span> <span class='ocrx_word' id='word_1_140' title='bbox 724 1314 932 1344; x_wconf 84' lang='lat' dir='ltr'>monstrata</span> <span class='ocrx_word' id='word_1_141' title='bbox 960 1315 1026 1352; x_wconf 90' lang='lat' dir='ltr'>est,</span> <span class='ocrx_word' id='word_1_142' title='bbox 1055 1308 1162 1356; x_wconf 88' lang='lat' dir='ltr'>quod</span> <span class='ocrx_word' id='word_1_143' title='bbox 1189 1307 1244 1344; x_wconf 91' lang='lat' dir='ltr'>di—</span> 
     </span>
    </p>
   </div>
   <div class='ocr_carea' id='block_1_4' title="bbox 197 1417 996 1460">
    <p class='ocr_par' dir='ltr' id='par_1_6' title="bbox 197 1417 996 1460">
     <span class='ocr_line' id='line_1_30' title="bbox 197 1417 996 1460; baseline 0.001 -17"><span class='ocrx_word' id='word_1_144' title='bbox 197 1454 207 1460; x_wconf 52' lang='grc'><em>.</em></span> <span class='ocrx_word' id='word_1_145' title='bbox 233 1417 276 1458; x_wconf 66' lang='grc' dir='ltr'>ῃ)</span> <span class='ocrx_word' id='word_1_146' title='bbox 290 1418 423 1444; x_wconf 64' lang='lat' dir='ltr'>virtutem.</span> <span class='ocrx_word' id='word_1_147' title='bbox 441 1432 460 1437; x_wconf 94' lang='lat'>-</span> <span class='ocrx_word' id='word_1_148' title='bbox 477 1417 565 1443; x_wconf 79' lang='lat' dir='ltr'>Tertia</span> <span class='ocrx_word' id='word_1_149' title='bbox 582 1418 770 1450; x_wconf 51' lang='lat' dir='ltr'>(almer-itatem</span> <span class='ocrx_word' id='word_1_150' title='bbox 789 1419 831 1451; x_wconf 82' lang='lat' dir='ltr'>b);</span> <span class='ocrx_word' id='word_1_151' title='bbox 849 1419 996 1445; x_wconf 75' lang='lat' dir='ltr'>veritatem.</span> 
     </span>
    </p>
   </div>
   <div class='ocr_carea' id='block_1_5' title="bbox 125 1617 1243 1799">
    <p class='ocr_par' dir='ltr' id='par_1_7' title="bbox 125 1617 1239 1744">
     <span class='ocr_line' id='line_1_31' title="bbox 125 1617 1239 1660; baseline 0 -12"><span class='ocrx_word' id='word_1_152' title='bbox 125 1631 127 1634; x_wconf 55' lang='lat'><em>⁴</em></span> <span class='ocrx_word' id='word_1_153' title='bbox 188 1633 203 1658; x_wconf 73' lang='lat' dir='ltr'>&#39;t&#39;</span> <span class='ocrx_word' id='word_1_154' title='bbox 232 1617 342 1649; x_wconf 67' lang='lat' dir='ltr'>“niem</span> <span class='ocrx_word' id='word_1_155' title='bbox 353 1618 427 1660; x_wconf 86' lang='lat' dir='ltr'>fuit</span> <span class='ocrx_word' id='word_1_156' title='bbox 451 1618 622 1654; x_wconf 77' lang='lat' dir='ltr'>Christum,</span> <span class='ocrx_word' id='word_1_157' title='bbox 639 1627 703 1658; x_wconf 79' lang='lat' dir='ltr'>per</span> <span class='ocrx_word' id='word_1_158' title='bbox 716 1627 750 1649; x_wconf 87' lang='lat' dir='ltr'>se</span> <span class='ocrx_word' id='word_1_159' title='bbox 770 1623 801 1648; x_wconf 87' lang='lat' dir='ltr'>et</span> <span class='ocrx_word' id='word_1_160' title='bbox 819 1619 999 1658; x_wconf 78' lang='lat' dir='ltr'>Apostolos,</span> <span class='ocrx_word' id='word_1_161' title='bbox 1017 1618 1049 1648; x_wconf 81' lang='lat' dir='ltr'>in</span> <span class='ocrx_word' id='word_1_162' title='bbox 1066 1618 1239 1659; x_wconf 79' lang='lat' dir='ltr'>principio,</span> 
     </span>
     <span class='ocr_line' id='line_1_32' title="bbox 186 1660 1240 1702; baseline -0.002 -9"><span class='ocrx_word' id='word_1_163' title='bbox 186 1660 252 1697; x_wconf 59' lang='lat' dir='ltr'>B&amp;</span> <span class='ocrx_word' id='word_1_164' title='bbox 273 1666 328 1697; x_wconf 77' lang='lat' dir='ltr'>est,</span> <span class='ocrx_word' id='word_1_165' title='bbox 352 1662 420 1702; x_wconf 78' lang='lat' dir='ltr'>ipso</span> <span class='ocrx_word' id='word_1_166' title='bbox 443 1661 625 1692; x_wconf 81' lang='lat' dir='ltr'>mortaliter</span> <span class='ocrx_word' id='word_1_167' title='bbox 646 1662 776 1698; x_wconf 77' lang='lat' dir='ltr'>vivente,</span> <span class='ocrx_word' id='word_1_168' title='bbox 799 1661 878 1692; x_wconf 81' lang='lat' dir='ltr'>solis</span> <span class='ocrx_word' id='word_1_169' title='bbox 892 1661 1022 1692; x_wconf 84' lang='lat' dir='ltr'>Iudaeis</span> <span class='ocrx_word' id='word_1_170' title='bbox 1037 1661 1240 1702; x_wconf 76' lang='lat' dir='ltr'>praedicare.</span> 
     </span>
     <span class='ocr_line' id='line_1_33' title="bbox 187 1698 975 1745; baseline 0 -10"><span class='ocrx_word' id='word_1_171' title='bbox 187 1698 345 1745; x_wconf 49' lang='lat' dir='ltr'>bebatur</span> <span class='ocrx_word' id='word_1_172' title='bbox 367 1703 623 1744; x_wconf 86' lang='lat' dir='ltr'>quadrupliciter.</span> <span class='ocrx_word' id='word_1_173' title='bbox 648 1704 765 1735; x_wconf 88' lang='lat' dir='ltr'>Omnia</span> <span class='ocrx_word' id='word_1_174' title='bbox 788 1705 870 1735; x_wconf 83' lang='lat' dir='ltr'>clara</span> <span class='ocrx_word' id='word_1_175' title='bbox 892 1711 975 1735; x_wconf 87' lang='lat' dir='ltr'>sunt.</span> 
     </span>
    </p>

    <p class='ocr_par' dir='ltr' id='par_1_8' title="bbox 151 1742 1243 1799">
     <span class='ocr_line' id='line_1_34' title="bbox 151 1742 1243 1799; baseline 0 -21"><span class='ocrx_word' id='word_1_176' title='bbox 151 1742 162 1753; x_wconf 27' lang='grc' dir='ltr'>ς’</span> <span class='ocrx_word' id='word_1_177' title='bbox 194 1746 282 1778; x_wconf 50' lang='lat' dir='ltr'>mla</span> <span class='ocrx_word' id='word_1_178' title='bbox 303 1748 511 1788; x_wconf 85' lang='lat' dir='ltr'>responsione</span> <span class='ocrx_word' id='word_1_179' title='bbox 533 1747 572 1778; x_wconf 85' lang='lat' dir='ltr'>ad</span> <span class='ocrx_word' id='word_1_180' title='bbox 595 1747 782 1799; x_wconf 79' lang='lat' dir='ltr'>secundum,</span> <span class='ocrx_word' id='word_1_181' title='bbox 800 1748 931 1778; x_wconf 87' lang='lat' dir='ltr'>extende</span> <span class='ocrx_word' id='word_1_182' title='bbox 954 1748 1006 1778; x_wconf 89' lang='lat' dir='ltr'>illa</span> <span class='ocrx_word' id='word_1_183' title='bbox 1029 1753 1166 1788; x_wconf 88' lang='lat' dir='ltr'>quatuor</span> <span class='ocrx_word' id='word_1_184' title='bbox 1183 1757 1243 1798; x_wconf 83' lang='lat' dir='ltr'>pe-</span> 
     </span>
    </p>
   </div>
   <div class='ocr_carea' id='block_1_6' title="bbox 120 1919 1245 2048">
    <p class='ocr_par' dir='ltr' id='par_1_9' title="bbox 120 1919 1244 2048">
     <span class='ocr_line' id='line_1_35' title="bbox 198 1919 1244 1962; baseline -0.002 -9"><span class='ocrx_word' id='word_1_185' title='bbox 198 1956 202 1959; x_wconf 58' lang='grc'><strong>,</strong></span> <span class='ocrx_word' id='word_1_186' title='bbox 243 1953 247 1956; x_wconf 85' lang='grc'><em>,</em></span> <span class='ocrx_word' id='word_1_187' title='bbox 270 1919 377 1953; x_wconf 84' lang='lat' dir='ltr'>dinem</span> <span class='ocrx_word' id='word_1_188' title='bbox 392 1921 491 1951; x_wconf 81' lang='lat' dir='ltr'>vitae:</span> <span class='ocrx_word' id='word_1_189' title='bbox 516 1927 548 1951; x_wconf 84' lang='lat' dir='ltr'>et</span> <span class='ocrx_word' id='word_1_190' title='bbox 562 1920 642 1952; x_wconf 90' lang='lat' dir='ltr'>adde</span> <span class='ocrx_word' id='word_1_191' title='bbox 658 1922 816 1962; x_wconf 88' lang='lat' dir='ltr'>quintum,</span> <span class='ocrx_word' id='word_1_192' title='bbox 833 1921 1010 1952; x_wconf 88' lang='lat' dir='ltr'>secundum</span> <span class='ocrx_word' id='word_1_193' title='bbox 1026 1921 1244 1951; x_wconf 86' lang='lat' dir='ltr'>excellentiam</span> 
     </span>
     <span class='ocr_line' id='line_1_36' title="bbox 189 1961 1244 2006; baseline -0.001 -10.998"><span class='ocrx_word' id='word_1_194' title='bbox 189 1961 365 2001; x_wconf 52' lang='lat' dir='ltr'>&amp;cuinam</span> <span class='ocrx_word' id='word_1_195' title='bbox 390 1970 422 1995; x_wconf 89' lang='lat' dir='ltr'>et</span> <span class='ocrx_word' id='word_1_196' title='bbox 444 1969 578 2000; x_wconf 83' lang='lat' dir='ltr'>sextum,</span> <span class='ocrx_word' id='word_1_197' title='bbox 599 1964 776 1995; x_wconf 88' lang='lat' dir='ltr'>secundum</span> <span class='ocrx_word' id='word_1_198' title='bbox 795 1965 1156 2006; x_wconf 83' lang='lat' dir='ltr'>irreprehensibilitatem</span> <span class='ocrx_word' id='word_1_199' title='bbox 1174 1974 1244 1994; x_wconf 92' lang='lat' dir='ltr'>mo-</span> 
     </span>
     <span class='ocr_line' id='line_1_37' title="bbox 120 1999 1245 2048; baseline 0 -10"><span class='ocrx_word' id='word_1_200' title='bbox 120 2041 122 2043; x_wconf 64' lang='grc'><strong>,</strong></span> <span class='ocrx_word' id='word_1_201' title='bbox 183 1999 263 2039; x_wconf 57' lang='lat' dir='ltr'>m</span> <span class='ocrx_word' id='word_1_202' title='bbox 283 2009 366 2038; x_wconf 80' lang='lat' dir='ltr'>vitae</span> <span class='ocrx_word' id='word_1_203' title='bbox 389 2017 486 2048; x_wconf 75' lang='lat' dir='ltr'>quam</span> <span class='ocrx_word' id='word_1_204' title='bbox 509 2007 628 2038; x_wconf 87' lang='lat' dir='ltr'>docuit.</span> <span class='ocrx_word' id='word_1_205' title='bbox 652 2008 846 2038; x_wconf 86' lang='lat' dir='ltr'>Excellentia</span> <span class='ocrx_word' id='word_1_206' title='bbox 864 2007 1026 2038; x_wconf 86' lang='lat' dir='ltr'>doctrinae</span> <span class='ocrx_word' id='word_1_207' title='bbox 1042 2009 1109 2038; x_wconf 89' lang='lat' dir='ltr'>eius</span> <span class='ocrx_word' id='word_1_208' title='bbox 1133 2013 1163 2038; x_wconf 91' lang='lat' dir='ltr'>et</span> <span class='ocrx_word' id='word_1_209' title='bbox 1178 2017 1245 2038; x_wconf 88' lang='lat' dir='ltr'>ma-</span> 
     </span>
    </p>
   </div>
   <div class='ocr_carea' id='block_1_7' title="bbox 130 2388 1244 2595">
    <p class='ocr_par' dir='ltr' id='par_1_10' title="bbox 118 2388 1244 2595">
     <span class='ocr_line' id='line_1_38' title="bbox 277 2388 1244 2451; baseline 0 -26"><span class='ocrx_word' id='word_1_210' title='bbox 277 2412 283 2432; x_wconf 53' lang='lat'>,</span> <span class='ocrx_word' id='word_1_211' title='bbox 306 2410 377 2451; x_wconf 54' lang='lat'>⁸¹⁴5(</span> <span class='ocrx_word' id='word_1_212' title='bbox 399 2402 422 2426; x_wconf 84' lang='lat' dir='ltr'>n</span> <span class='ocrx_word' id='word_1_213' title='bbox 437 2401 625 2427; x_wconf 68' lang='lat' dir='ltr'>sncuunum</span> <span class='ocrx_word' id='word_1_214' title='bbox 639 2400 691 2426; x_wconf 81' lang='lat' dir='ltr'>stc</span> <span class='ocrx_word' id='word_1_215' title='bbox 708 2399 941 2426; x_wconf 79' lang='lat' dir='ltr'>PROCEDITUR.</span> <span class='ocrx_word' id='word_1_216' title='bbox 961 2389 1121 2425; x_wconf 89' lang='lat' dir='ltr'>Videtur</span> <span class='ocrx_word' id='word_1_217' title='bbox 1137 2388 1244 2437; x_wconf 93' lang='lat' dir='ltr'>quod</span> 
     </span>
     <span class='ocr_line' id='line_1_39' title="bbox 130 2440 1244 2502; baseline -0.004 -21"><span class='ocrx_word' id='word_1_218' title='bbox 130 2470 134 2485; x_wconf 62' lang='lat'>2</span> <span class='ocrx_word' id='word_1_219' title='bbox 322 2443 371 2502; x_wconf 45' lang='lat' dir='ltr'>*32ae</span> <span class='ocrx_word' id='word_1_220' title='bbox 401 2441 574 2479; x_wconf 87' lang='lat' dir='ltr'>Christus</span> <span class='ocrx_word' id='word_1_221' title='bbox 607 2441 780 2478; x_wconf 86' lang='lat' dir='ltr'>debuerit</span> <span class='ocrx_word' id='word_1_222' title='bbox 809 2440 957 2478; x_wconf 86' lang='lat' dir='ltr'>Iudaeis</span> <span class='ocrx_word' id='word_1_223' title='bbox 995 2441 1075 2477; x_wconf 94' lang='lat' dir='ltr'>sine</span> <span class='ocrx_word' id='word_1_224' title='bbox 1108 2452 1244 2478; x_wconf 90' lang='lat' dir='ltr'>eorum</span> 
     </span>
     <span class='ocr_line' id='line_1_40' title="bbox 204 2482 1244 2548; baseline -0.004 -15.31"><span class='ocrx_word' id='word_1_225' title='bbox 204 2528 206 2532; x_wconf 80' lang='grc'>,</span> <span class='ocrx_word' id='word_1_226' title='bbox 227 2494 326 2540; x_wconf 43' lang='lat' dir='ltr'>war}</span> <span class='ocrx_word' id='word_1_227' title='bbox 340 2482 388 2548; x_wconf 55' lang='grc' dir='ltr'>ᾲ“</span> <span class='ocrx_word' id='word_1_228' title='bbox 401 2493 613 2532; x_wconf 85' lang='lat' dir='ltr'>offensione</span> <span class='ocrx_word' id='word_1_229' title='bbox 631 2493 893 2542; x_wconf 89' lang='lat' dir='ltr'>praedicare.</span> <span class='ocrx_word' id='word_1_230' title='bbox 863 2493 883 2514; x_wconf 84' lang='lat'><em>*</em></span> <span class='ocrx_word' id='word_1_231' title='bbox 921 2493 1035 2540; x_wconf 89' lang='lat' dir='ltr'>Quia,</span> <span class='ocrx_word' id='word_1_232' title='bbox 1055 2500 1096 2530; x_wconf 90' lang='lat' dir='ltr'>ut</span> <span class='ocrx_word' id='word_1_233' title='bbox 1114 2494 1244 2540; x_wconf 82' lang='lat' dir='ltr'>Augu-</span> 
     </span>
     <span class='ocr_line' id='line_1_41' title="bbox 194 2541 1243 2595; baseline -0.003 -11.18"><span class='ocrx_word' id='word_1_234' title='bbox 194 2541 362 2583; x_wconf 36' lang='lat' dir='ltr'>ruffini,</span> <span class='ocrx_word' id='word_1_235' title='bbox 362 2545 519 2583; x_wconf 89' lang='lat' dir='ltr'>stinus</span> <span class='ocrx_word' id='word_1_236' title='bbox 552 2545 659 2591; x_wconf 91' lang='lat' dir='ltr'>dicit,</span> <span class='ocrx_word' id='word_1_237' title='bbox 688 2545 728 2582; x_wconf 93' lang='lat' dir='ltr'>in</span> <span class='ocrx_word' id='word_1_238' title='bbox 762 2545 857 2582; x_wconf 88' lang='lat' dir='ltr'>libro</span> <span class='ocrx_word' id='word_1_239' title='bbox 893 2545 938 2582; x_wconf 85' lang='lat' dir='ltr'>de</span> <span class='ocrx_word' id='word_1_240' title='bbox 972 2547 1108 2595; x_wconf 80' lang='lat' dir='ltr'>Agone</span> <span class='ocrx_word' id='word_1_241' title='bbox 1139 2546 1243 2582; x_wconf 79' lang='lat' dir='ltr'>Chri-</span> 
     </span>
    </p>
   </div>
   <div class='ocr_carea' id='block_1_8' title="bbox 882 295 1666 342">
    <p class='ocr_par' dir='ltr' id='par_1_11' title="bbox 882 295 1666 342">
     <span class='ocr_line' id='line_1_42' title="bbox 882 295 1666 342; baseline 0.003 -10"><span class='ocrx_word' id='word_1_242' title='bbox 882 295 1142 341; x_wconf 83' lang='lat' dir='ltr'>QUAESTIO</span> <span class='ocrx_word' id='word_1_243' title='bbox 1171 296 1290 342; x_wconf 93' lang='lat' dir='ltr'>XLII,</span> <span class='ocrx_word' id='word_1_244' title='bbox 1318 296 1608 334; x_wconf 88' lang='lat' dir='ltr'>ARTICULUS</span> <span class='ocrx_word' id='word_1_245' title='bbox 1636 297 1666 333; x_wconf 93' lang='lat'>11</span> 
     </span>
    </p>
   </div>
   <div class='ocr_carea' id='block_1_9' title="bbox 2271 309 2345 344">
    <p class='ocr_par' dir='ltr' id='par_1_12' title="bbox 2271 309 2345 344">
     <span class='ocr_line' id='line_1_43' title="bbox 2271 309 2345 344; baseline 0.014 -10"><span class='ocrx_word' id='word_1_246' title='bbox 2271 309 2345 344; x_wconf 89' lang='lat'>411</span> 
     </span>
    </p>
   </div>
   <div class='ocr_carea' id='block_1_10' title="bbox 1299 375 2352 1344">
    <p class='ocr_par' dir='ltr' id='par_1_13' title="bbox 1299 375 2351 527">
     <span class='ocr_line' id='line_1_44' title="bbox 1300 375 2350 423; baseline 0.002 -12"><span class='ocrx_word' id='word_1_247' title='bbox 1300 375 1452 423; x_wconf 89' lang='lat' dir='ltr'>scipulis</span> <span class='ocrx_word' id='word_1_248' title='bbox 1471 375 1549 412; x_wconf 92' lang='lat' dir='ltr'>suis</span> <span class='ocrx_word' id='word_1_249' title='bbox 1569 383 1712 412; x_wconf 84' lang='lat' dir='ltr'>tantam</span> <span class='ocrx_word' id='word_1_250' title='bbox 1730 375 1909 412; x_wconf 89' lang='lat' dir='ltr'>virtutem</span> <span class='ocrx_word' id='word_1_251' title='bbox 1928 375 2085 412; x_wconf 89' lang='lat' dir='ltr'>contulit</span> <span class='ocrx_word' id='word_1_252' title='bbox 2103 376 2142 412; x_wconf 90' lang='lat' dir='ltr'>in</span> <span class='ocrx_word' id='word_1_253' title='bbox 2162 377 2350 422; x_wconf 92' lang='lat' dir='ltr'>docendo,</span> 
     </span>
     <span class='ocr_line' id='line_1_45' title="bbox 1299 427 2351 475; baseline 0.002 -12"><span class='ocrx_word' id='word_1_254' title='bbox 1299 435 1341 464; x_wconf 92' lang='lat' dir='ltr'>ut</span> <span class='ocrx_word' id='word_1_255' title='bbox 1368 434 1507 474; x_wconf 83' lang='lat' dir='ltr'>gentes,</span> <span class='ocrx_word' id='word_1_256' title='bbox 1530 439 1629 475; x_wconf 92' lang='lat' dir='ltr'>quae</span> <span class='ocrx_word' id='word_1_257' title='bbox 1658 427 1750 463; x_wconf 89' lang='lat' dir='ltr'>nihil</span> <span class='ocrx_word' id='word_1_258' title='bbox 1778 427 1825 463; x_wconf 93' lang='lat' dir='ltr'>de</span> <span class='ocrx_word' id='word_1_259' title='bbox 1854 427 2005 464; x_wconf 89' lang='lat' dir='ltr'>Christo</span> <span class='ocrx_word' id='word_1_260' title='bbox 2033 428 2240 473; x_wconf 87' lang='lat' dir='ltr'>audierant,</span> <span class='ocrx_word' id='word_1_261' title='bbox 2261 440 2351 465; x_wconf 93' lang='lat' dir='ltr'>con—</span> 
     </span>
     <span class='ocr_line' id='line_1_46' title="bbox 1299 479 1727 527; baseline 0 -12"><span class='ocrx_word' id='word_1_262' title='bbox 1299 486 1485 516; x_wconf 88' lang='lat' dir='ltr'>verterent</span> <span class='ocrx_word' id='word_1_263' title='bbox 1511 479 1561 515; x_wconf 89' lang='lat' dir='ltr'>ad</span> <span class='ocrx_word' id='word_1_264' title='bbox 1588 479 1727 527; x_wconf 89' lang='lat' dir='ltr'>ipsum.</span> 
     </span>
    </p>

    <p class='ocr_par' dir='ltr' id='par_1_14' title="bbox 1299 530 2352 942">
     <span class='ocr_line' id='line_1_47' title="bbox 1353 530 2352 568; baseline 0.001 -2"><span class='ocrx_word' id='word_1_265' title='bbox 1353 531 1521 567; x_wconf 87' lang='lat' dir='ltr'>Potestas</span> <span class='ocrx_word' id='word_1_266' title='bbox 1539 538 1668 567; x_wconf 88' lang='lat' dir='ltr'>autem</span> <span class='ocrx_word' id='word_1_267' title='bbox 1688 530 1825 567; x_wconf 80' lang='lat' dir='ltr'>Christi</span> <span class='ocrx_word' id='word_1_268' title='bbox 1844 530 1883 567; x_wconf 92' lang='lat' dir='ltr'>in</span> <span class='ocrx_word' id='word_1_269' title='bbox 1902 531 2077 568; x_wconf 90' lang='lat' dir='ltr'>docendo</span> <span class='ocrx_word' id='word_1_270' title='bbox 2096 531 2298 567; x_wconf 87' lang='lat' dir='ltr'>attenditur</span> <span class='ocrx_word' id='word_1_271' title='bbox 2316 539 2352 568; x_wconf 92' lang='lat' dir='ltr'>et</span> 
     </span>
     <span class='ocr_line' id='line_1_48' title="bbox 1300 582 2351 631; baseline 0.001 -13"><span class='ocrx_word' id='word_1_272' title='bbox 1300 590 1488 631; x_wconf 89' lang='lat' dir='ltr'>quantum</span> <span class='ocrx_word' id='word_1_273' title='bbox 1507 583 1555 619; x_wconf 92' lang='lat' dir='ltr'>ad</span> <span class='ocrx_word' id='word_1_274' title='bbox 1574 582 1768 628; x_wconf 90' lang='lat' dir='ltr'>miracula,</span> <span class='ocrx_word' id='word_1_275' title='bbox 1789 594 1857 630; x_wconf 92' lang='lat' dir='ltr'>per</span> <span class='ocrx_word' id='word_1_276' title='bbox 1875 595 1974 630; x_wconf 91' lang='lat' dir='ltr'>quae</span> <span class='ocrx_word' id='word_1_277' title='bbox 2002 583 2213 619; x_wconf 87' lang='lat' dir='ltr'>doctrinam</span> <span class='ocrx_word' id='word_1_278' title='bbox 2241 595 2351 620; x_wconf 89' lang='lat' dir='ltr'>suam</span> 
     </span>
     <span class='ocr_line' id='line_1_49' title="bbox 1300 634 2351 682; baseline 0.001 -12"><span class='ocrx_word' id='word_1_279' title='bbox 1300 634 1568 679; x_wconf 82' lang='lat' dir='ltr'>confirmabat3</span> <span class='ocrx_word' id='word_1_280' title='bbox 1608 641 1643 670; x_wconf 92' lang='lat' dir='ltr'>et</span> <span class='ocrx_word' id='word_1_281' title='bbox 1670 641 1858 682; x_wconf 87' lang='lat' dir='ltr'>quantum</span> <span class='ocrx_word' id='word_1_282' title='bbox 1885 635 1935 671; x_wconf 91' lang='lat' dir='ltr'>ad</span> <span class='ocrx_word' id='word_1_283' title='bbox 1963 634 2171 671; x_wconf 85' lang='lat' dir='ltr'>efficaciam</span> <span class='ocrx_word' id='word_1_284' title='bbox 2197 646 2351 682; x_wconf 90' lang='lat' dir='ltr'>persua-</span> 
     </span>
     <span class='ocr_line' id='line_1_50' title="bbox 1299 685 2352 734; baseline 0 -12"><span class='ocrx_word' id='word_1_285' title='bbox 1299 685 1431 730; x_wconf 88' lang='lat' dir='ltr'>dendi;</span> <span class='ocrx_word' id='word_1_286' title='bbox 1452 693 1488 722; x_wconf 91' lang='lat' dir='ltr'>et</span> <span class='ocrx_word' id='word_1_287' title='bbox 1502 693 1690 734; x_wconf 86' lang='lat' dir='ltr'>quantum</span> <span class='ocrx_word' id='word_1_288' title='bbox 1705 686 1752 722; x_wconf 91' lang='lat' dir='ltr'>ad</span> <span class='ocrx_word' id='word_1_289' title='bbox 1768 686 2029 723; x_wconf 89' lang='lat' dir='ltr'>auctoritatem</span> <span class='ocrx_word' id='word_1_290' title='bbox 2046 686 2246 734; x_wconf 90' lang='lat' dir='ltr'>loquentis,</span> <span class='ocrx_word' id='word_1_291' title='bbox 2262 686 2352 734; x_wconf 92' lang='lat' dir='ltr'>quia</span> 
     </span>
     <span class='ocr_line' id='line_1_51' title="bbox 1299 737 2350 786; baseline 0.001 -13"><span class='ocrx_word' id='word_1_292' title='bbox 1299 738 1528 785; x_wconf 87' lang='lat' dir='ltr'>loquebatur</span> <span class='ocrx_word' id='word_1_293' title='bbox 1546 737 1655 786; x_wconf 92' lang='lat' dir='ltr'>quasi</span> <span class='ocrx_word' id='word_1_294' title='bbox 1674 737 1891 774; x_wconf 88' lang='lat' dir='ltr'>dominium</span> <span class='ocrx_word' id='word_1_295' title='bbox 1910 738 2055 774; x_wconf 90' lang='lat' dir='ltr'>habens</span> <span class='ocrx_word' id='word_1_296' title='bbox 2081 749 2196 786; x_wconf 93' lang='lat' dir='ltr'>super</span> <span class='ocrx_word' id='word_1_297' title='bbox 2218 739 2350 785; x_wconf 89' lang='lat' dir='ltr'>legem,</span> 
     </span>
     <span class='ocr_line' id='line_1_52' title="bbox 1299 789 2351 838; baseline 0 -12"><span class='ocrx_word' id='word_1_298' title='bbox 1299 801 1390 826; x_wconf 89' lang='lat' dir='ltr'>cum</span> <span class='ocrx_word' id='word_1_299' title='bbox 1417 789 1574 835; x_wconf 89' lang='lat' dir='ltr'>diceret,</span> <span class='ocrx_word' id='word_1_300' title='bbox 1603 791 1689 838; x_wconf 86' lang='lat' dir='ltr'>Ego</span> <span class='ocrx_word' id='word_1_301' title='bbox 1716 795 1838 826; x_wconf 89' lang='lat' dir='ltr'>autem</span> <span class='ocrx_word' id='word_1_302' title='bbox 1866 790 1947 826; x_wconf 87' lang='lat' dir='ltr'>dico</span> <span class='ocrx_word' id='word_1_303' title='bbox 1981 792 2083 827; x_wconf 81' lang='lat' dir='ltr'>vohis</span> <span class='ocrx_word' id='word_1_304' title='bbox 2100 789 2138 835; x_wconf 78' lang='lat'>*;</span> <span class='ocrx_word' id='word_1_305' title='bbox 2174 797 2210 826; x_wconf 91' lang='lat' dir='ltr'>et</span> <span class='ocrx_word' id='word_1_306' title='bbox 2238 789 2351 826; x_wconf 88' lang='lat' dir='ltr'>etiam</span> 
     </span>
     <span class='ocr_line' id='line_1_53' title="bbox 1299 841 2352 890; baseline 0.001 -13"><span class='ocrx_word' id='word_1_307' title='bbox 1299 848 1488 889; x_wconf 90' lang='lat' dir='ltr'>quantum</span> <span class='ocrx_word' id='word_1_308' title='bbox 1506 841 1554 877; x_wconf 90' lang='lat' dir='ltr'>ad</span> <span class='ocrx_word' id='word_1_309' title='bbox 1577 841 1755 878; x_wconf 87' lang='lat' dir='ltr'>virtutem</span> <span class='ocrx_word' id='word_1_310' title='bbox 1775 847 1793 868; x_wconf 61' lang='grc' dir='ltr'>’λ</span> <span class='ocrx_word' id='word_1_311' title='bbox 1821 841 2051 878; x_wconf 87' lang='lat' dir='ltr'>rectitudinis</span> <span class='ocrx_word' id='word_1_312' title='bbox 2079 853 2197 890; x_wconf 92' lang='lat' dir='ltr'>quam</span> <span class='ocrx_word' id='word_1_313' title='bbox 2225 841 2264 877; x_wconf 91' lang='lat' dir='ltr'>in</span> <span class='ocrx_word' id='word_1_314' title='bbox 2283 853 2352 878; x_wconf 89' lang='lat' dir='ltr'>sua</span> 
     </span>
     <span class='ocr_line' id='line_1_54' title="bbox 1299 893 2350 942; baseline 0 -13"><span class='ocrx_word' id='word_1_315' title='bbox 1299 893 1587 930; x_wconf 89' lang='lat' dir='ltr'>conversatione</span> <span class='ocrx_word' id='word_1_316' title='bbox 1614 893 1859 937; x_wconf 89' lang='lat' dir='ltr'>monstrabat,</span> <span class='ocrx_word' id='word_1_317' title='bbox 1880 893 1960 930; x_wconf 90' lang='lat' dir='ltr'>sine</span> <span class='ocrx_word' id='word_1_318' title='bbox 1987 901 2142 942; x_wconf 88' lang='lat' dir='ltr'>peccato</span> <span class='ocrx_word' id='word_1_319' title='bbox 2170 893 2350 930; x_wconf 91' lang='lat' dir='ltr'>vivendo.</span> 
     </span>
    </p>

    <p class='ocr_par' dir='ltr' id='par_1_15' title="bbox 1299 945 2352 1344">
     <span class='ocr_line' id='line_1_55' title="bbox 1351 945 2351 993; baseline 0 -12"><span class='ocrx_word' id='word_1_320' title='bbox 1351 946 1409 981; x_wconf 83' lang='lat' dir='ltr'>AD</span> <span class='ocrx_word' id='word_1_321' title='bbox 1436 957 1594 982; x_wconf 80' lang='lat' dir='ltr'>TERTlUM</span> <span class='ocrx_word' id='word_1_322' title='bbox 1620 957 1800 982; x_wconf 82' lang='lat' dir='ltr'>DICENDUM</span> <span class='ocrx_word' id='word_1_323' title='bbox 1819 945 1936 993; x_wconf 92' lang='lat' dir='ltr'>quod,</span> <span class='ocrx_word' id='word_1_324' title='bbox 1957 945 2052 982; x_wconf 90' lang='lat' dir='ltr'>sicut</span> <span class='ocrx_word' id='word_1_325' title='bbox 2080 945 2251 981; x_wconf 89' lang='lat' dir='ltr'>Christus</span> <span class='ocrx_word' id='word_1_326' title='bbox 2271 957 2351 982; x_wconf 91' lang='lat' dir='ltr'>non</span> 
     </span>
     <span class='ocr_line' id='line_1_56' title="bbox 1299 996 2351 1044; baseline 0.001 -12"><span class='ocrx_word' id='word_1_327' title='bbox 1299 996 1430 1033; x_wconf 90' lang='lat' dir='ltr'>debuit</span> <span class='ocrx_word' id='word_1_328' title='bbox 1457 1009 1480 1033; x_wconf 92' lang='lat' dir='ltr'>a</span> <span class='ocrx_word' id='word_1_329' title='bbox 1506 996 1692 1044; x_wconf 89' lang='lat' dir='ltr'>principio</span> <span class='ocrx_word' id='word_1_330' title='bbox 1721 996 1979 1033; x_wconf 84' lang='lat' dir='ltr'>indifferenter</span> <span class='ocrx_word' id='word_1_331' title='bbox 2005 996 2204 1044; x_wconf 90' lang='lat' dir='ltr'>gentilibus</span> <span class='ocrx_word' id='word_1_332' title='bbox 2241 1009 2351 1033; x_wconf 88' lang='lat' dir='ltr'>suam</span> 
     </span>
     <span class='ocr_line' id='line_1_57' title="bbox 1299 1047 2351 1096; baseline 0 -11"><span class='ocrx_word' id='word_1_333' title='bbox 1299 1047 1512 1085; x_wconf 86' lang='lat' dir='ltr'>doctrinam</span> <span class='ocrx_word' id='word_1_334' title='bbox 1531 1048 1829 1094; x_wconf 90' lang='lat' dir='ltr'>communicare,</span> <span class='ocrx_word' id='word_1_335' title='bbox 1850 1056 1891 1085; x_wconf 91' lang='lat' dir='ltr'>ut</span> <span class='ocrx_word' id='word_1_336' title='bbox 1910 1049 2056 1085; x_wconf 90' lang='lat' dir='ltr'>Iudaeis</span> <span class='ocrx_word' id='word_1_337' title='bbox 2074 1056 2257 1096; x_wconf 89' lang='lat' dir='ltr'>tanquam</span> <span class='ocrx_word' id='word_1_338' title='bbox 2277 1048 2351 1096; x_wconf 89' lang='lat' dir='ltr'>pri-</span> 
     </span>
     <span class='ocr_line' id='line_1_58' title="bbox 1299 1099 2351 1148; baseline 0 -12"><span class='ocrx_word' id='word_1_339' title='bbox 1299 1099 1492 1148; x_wconf 87' lang='lat' dir='ltr'>mogenito</span> <span class='ocrx_word' id='word_1_340' title='bbox 1520 1101 1666 1148; x_wconf 76' lang='lat' dir='ltr'>populo</span> <span class='ocrx_word' id='word_1_341' title='bbox 1686 1100 1835 1136; x_wconf 91' lang='lat' dir='ltr'>deditus</span> <span class='ocrx_word' id='word_1_342' title='bbox 1857 1101 2140 1146; x_wconf 86' lang='lat' dir='ltr'>observaretur;</span> <span class='ocrx_word' id='word_1_343' title='bbox 2167 1100 2216 1136; x_wconf 89' lang='lat' dir='ltr'>ita</span> <span class='ocrx_word' id='word_1_344' title='bbox 2238 1100 2351 1136; x_wconf 90' lang='lat' dir='ltr'>etiam</span> 
     </span>
     <span class='ocr_line' id='line_1_59' title="bbox 1299 1151 2352 1200; baseline 0.001 -13"><span class='ocrx_word' id='word_1_345' title='bbox 1299 1163 1379 1188; x_wconf 91' lang='lat' dir='ltr'>non</span> <span class='ocrx_word' id='word_1_346' title='bbox 1414 1151 1545 1188; x_wconf 92' lang='lat' dir='ltr'>debuit</span> <span class='ocrx_word' id='word_1_347' title='bbox 1576 1151 1730 1198; x_wconf 85' lang='lat' dir='ltr'>gentiles</span> <span class='ocrx_word' id='word_1_348' title='bbox 1765 1152 1926 1188; x_wconf 91' lang='lat' dir='ltr'>omnino</span> <span class='ocrx_word' id='word_1_349' title='bbox 1962 1153 2160 1200; x_wconf 88' lang='lat' dir='ltr'>repellere,</span> <span class='ocrx_word' id='word_1_350' title='bbox 2189 1164 2237 1188; x_wconf 90' lang='lat' dir='ltr'>ne</span> <span class='ocrx_word' id='word_1_351' title='bbox 2266 1164 2352 1200; x_wconf 92' lang='lat' dir='ltr'>spes</span> 
     </span>
     <span class='ocr_line' id='line_1_60' title="bbox 1299 1202 2351 1251; baseline -0.001 -11"><span class='ocrx_word' id='word_1_352' title='bbox 1299 1202 1428 1240; x_wconf 89' lang='lat' dir='ltr'>salutis</span> <span class='ocrx_word' id='word_1_353' title='bbox 1455 1203 1509 1239; x_wconf 90' lang='lat' dir='ltr'>eis</span> <span class='ocrx_word' id='word_1_354' title='bbox 1536 1204 1853 1251; x_wconf 84' lang='lat' dir='ltr'>praecluderetur.</span> <span class='ocrx_word' id='word_1_355' title='bbox 1884 1205 1931 1240; x_wconf 90' lang='lat' dir='ltr'>Et</span> <span class='ocrx_word' id='word_1_356' title='bbox 1958 1211 2112 1251; x_wconf 90' lang='lat' dir='ltr'>propter</span> <span class='ocrx_word' id='word_1_357' title='bbox 2137 1205 2211 1240; x_wconf 91' lang='lat' dir='ltr'>hoc</span> <span class='ocrx_word' id='word_1_358' title='bbox 2237 1203 2351 1251; x_wconf 90' lang='lat' dir='ltr'>aliqui</span> 
     </span>
     <span class='ocr_line' id='line_1_61' title="bbox 1299 1254 2351 1303; baseline -0.001 -11"><span class='ocrx_word' id='word_1_359' title='bbox 1299 1254 1495 1303; x_wconf 87' lang='lat' dir='ltr'>gentilium</span> <span class='ocrx_word' id='word_1_360' title='bbox 1521 1255 1792 1303; x_wconf 90' lang='lat' dir='ltr'>particulariter</span> <span class='ocrx_word' id='word_1_361' title='bbox 1819 1263 1907 1291; x_wconf 90' lang='lat' dir='ltr'>sunt</span> <span class='ocrx_word' id='word_1_362' title='bbox 1933 1255 2098 1301; x_wconf 88' lang='lat' dir='ltr'>admissi,</span> <span class='ocrx_word' id='word_1_363' title='bbox 2119 1262 2274 1303; x_wconf 89' lang='lat' dir='ltr'>propter</span> <span class='ocrx_word' id='word_1_364' title='bbox 2292 1267 2351 1291; x_wconf 86' lang='lat' dir='ltr'>ex-</span> 
     </span>
     <span class='ocr_line' id='line_1_62' title="bbox 1299 1306 2108 1344; baseline 0 -1"><span class='ocrx_word' id='word_1_365' title='bbox 1299 1307 1512 1343; x_wconf 89' lang='lat' dir='ltr'>cellentiam</span> <span class='ocrx_word' id='word_1_366' title='bbox 1539 1306 1630 1343; x_wconf 91' lang='lat' dir='ltr'>fidei</span> <span class='ocrx_word' id='word_1_367' title='bbox 1657 1314 1693 1343; x_wconf 93' lang='lat' dir='ltr'>et</span> <span class='ocrx_word' id='word_1_368' title='bbox 1720 1307 1933 1344; x_wconf 87' lang='lat' dir='ltr'>devotionis</span> <span class='ocrx_word' id='word_1_369' title='bbox 1961 1319 2108 1343; x_wconf 86' lang='lat' dir='ltr'>eorum.</span> 
     </span>
    </p>
   </div>
   <div class='ocr_carea' id='block_1_11' title="bbox 858 1496 1683 1529">
    <p class='ocr_par' dir='ltr' id='par_1_16' title="bbox 858 1496 1683 1529">
     <span class='ocr_line' id='line_1_63' title="bbox 858 1496 1683 1529; baseline -0.001 -1"><span class='ocrx_word' id='word_1_370' title='bbox 858 1496 1191 1529; x_wconf 75' lang='lat' dir='ltr'>commentaria</span> <span class='ocrx_word' id='word_1_371' title='bbox 1211 1496 1462 1529; x_wconf 72' lang='lat' dir='ltr'>Cardinalis</span> <span class='ocrx_word' id='word_1_372' title='bbox 1483 1496 1683 1528; x_wconf 76' lang='lat' dir='ltr'>Caietam</span> 
     </span>
    </p>
   </div>
   <div class='ocr_carea' id='block_1_12' title="bbox 320 1571 2579 1670">
    <p class='ocr_par' dir='ltr' id='par_1_17' title="bbox 320 1571 2579 1670">
     <span class='ocr_line' id='line_1_64' title="bbox 320 1571 2347 1616; baseline -0 -11"><span class='ocrx_word' id='word_1_373' title='bbox 320 1580 357 1606; x_wconf 70' lang='lat' dir='ltr'>trs</span> <span class='ocrx_word' id='word_1_374' title='bbox 379 1574 490 1605; x_wconf 81' lang='lat' dir='ltr'>clarus.</span> <span class='ocrx_word' id='word_1_375' title='bbox 519 1592 543 1598; x_wconf 64' lang='grc'>»-</span> <span class='ocrx_word' id='word_1_376' title='bbox 572 1574 608 1605; x_wconf 84' lang='grc'>111</span> <span class='ocrx_word' id='word_1_377' title='bbox 632 1583 766 1614; x_wconf 91' lang='lat' dir='ltr'>corpore</span> <span class='ocrx_word' id='word_1_378' title='bbox 788 1575 883 1605; x_wconf 87' lang='lat' dir='ltr'>unica</span> <span class='ocrx_word' id='word_1_379' title='bbox 905 1575 1088 1605; x_wconf 87' lang='lat' dir='ltr'>conclusio·</span> <span class='ocrx_word' id='word_1_380' title='bbox 1118 1575 1240 1606; x_wconf 77' lang='lat' dir='ltr'>Conve-</span> <span class='ocrx_word' id='word_1_381' title='bbox 1265 1575 1270 1615; x_wconf 90' lang='grc' dir='ltr'>Ι</span> <span class='ocrx_word' id='word_1_382' title='bbox 1291 1574 1470 1605; x_wconf 84' lang='lat' dir='ltr'>nifestando</span> <span class='ocrx_word' id='word_1_383' title='bbox 1494 1575 1654 1605; x_wconf 89' lang='lat' dir='ltr'>Trinitatis</span> <span class='ocrx_word' id='word_1_384' title='bbox 1677 1575 1858 1615; x_wconf 89' lang='lat' dir='ltr'>imperium,</span> <span class='ocrx_word' id='word_1_385' title='bbox 1878 1576 1984 1611; x_wconf 84' lang='lat' dir='ltr'>Pater,</span> <span class='ocrx_word' id='word_1_386' title='bbox 2006 1575 2210 1616; x_wconf 66' lang='lat' dir='ltr'>manifestavi</span> <span class='ocrx_word' id='word_1_387' title='bbox 2233 1571 2347 1605; x_wconf 85' lang='lat' dir='ltr'>nomen</span> 
     </span>
     <span class='ocr_line' id='line_1_65' title="bbox 1660 1617 2579 1670; baseline -0.004 -22"><span class='ocrx_word' id='word_1_388' title='bbox 1660 1624 1690 1648; x_wconf 90' lang='lat' dir='ltr'>et</span> <span class='ocrx_word' id='word_1_389' title='bbox 1712 1619 1746 1648; x_wconf 92' lang='lat' dir='ltr'>in</span> <span class='ocrx_word' id='word_1_390' title='bbox 1770 1618 1940 1658; x_wconf 90' lang='lat' dir='ltr'>aperiendo</span> <span class='ocrx_word' id='word_1_391' title='bbox 1965 1618 2118 1654; x_wconf 88' lang='lat' dir='ltr'>caelestia,</span> <span class='ocrx_word' id='word_1_392' title='bbox 2140 1618 2178 1648; x_wconf 91' lang='lat' dir='ltr'>de</span> <span class='ocrx_word' id='word_1_393' title='bbox 2202 1617 2349 1648; x_wconf 85' lang='lat' dir='ltr'>felicitate</span> <span class='ocrx_word' id='word_1_394' title='bbox 2376 1623 2451 1670; x_wconf 52' lang='lat' dir='ltr'>2oan</span> <span class='ocrx_word' id='word_1_395' title='bbox 2472 1628 2497 1643; x_wconf 80' lang='lat' dir='ltr'>ca</span> <span class='ocrx_word' id='word_1_396' title='bbox 2531 1627 2579 1643; x_wconf 85' lang='lat' dir='ltr'>xvn</span> 
     </span>
    </p>
   </div>
   <div class='ocr_carea' id='block_1_13' title="bbox 1294 1619 2348 1702">
    <p class='ocr_par' dir='ltr' id='par_1_18' title="bbox 1294 1619 2348 1702">
     <span class='ocr_line' id='line_1_66' title="bbox 1294 1619 1635 1655; baseline 0.003 -7"><span class='ocrx_word' id='word_1_397' title='bbox 1294 1623 1382 1648; x_wconf 85' lang='lat' dir='ltr'>tuum</span> <span class='ocrx_word' id='word_1_398' title='bbox 1405 1619 1585 1649; x_wconf 79' lang='lat' dir='ltr'>hominibus</span> <span class='ocrx_word' id='word_1_399' title='bbox 1600 1620 1616 1635; x_wconf 71' lang='lat'>⁴*</span> <span class='ocrx_word' id='word_1_400' title='bbox 1627 1629 1635 1655; x_wconf 88' lang='lat'>;</span> 
     </span>
     <span class='ocr_line' id='line_1_67' title="bbox 1295 1661 2348 1702; baseline 0 -11"><span class='ocrx_word' id='word_1_401' title='bbox 1295 1662 1431 1697; x_wconf 89' lang='lat' dir='ltr'>caelesti,</span> <span class='ocrx_word' id='word_1_402' title='bbox 1456 1661 1495 1692; x_wconf 92' lang='lat' dir='ltr'>de</span> <span class='ocrx_word' id='word_1_403' title='bbox 1518 1663 1756 1698; x_wconf 89' lang='lat' dir='ltr'>resurrectione,</span> <span class='ocrx_word' id='word_1_404' title='bbox 1774 1667 1844 1698; x_wconf 69' lang='lat' dir='ltr'>etc„</span> <span class='ocrx_word' id='word_1_405' title='bbox 1868 1668 1963 1702; x_wconf 89' lang='lat' dir='ltr'>patet.</span> <span class='ocrx_word' id='word_1_406' title='bbox 1995 1662 2123 1691; x_wconf 91' lang='lat' dir='ltr'>Moralis</span> <span class='ocrx_word' id='word_1_407' title='bbox 2147 1667 2253 1691; x_wconf 90' lang='lat' dir='ltr'>autem</span> <span class='ocrx_word' id='word_1_408' title='bbox 2275 1662 2348 1696; x_wconf 79' lang='lat' dir='ltr'>vita,</span> 
     </span>
    </p>
   </div>
   <div class='ocr_carea' id='block_1_14' title="bbox 1296 1704 2437 1744">
    <p class='ocr_par' dir='ltr' id='par_1_19' title="bbox 1296 1704 2437 1744">
     <span class='ocr_line' id='line_1_68' title="bbox 1296 1704 2437 1744; baseline 0 -10"><span class='ocrx_word' id='word_1_409' title='bbox 1296 1705 1406 1735; x_wconf 88' lang='lat' dir='ltr'>Matth.</span> <span class='ocrx_word' id='word_1_410' title='bbox 1423 1706 1481 1740; x_wconf 58' lang='grc' dir='ltr'>ν’,</span> <span class='ocrx_word' id='word_1_411' title='bbox 1506 1704 1545 1735; x_wconf 93' lang='lat' dir='ltr'>de</span> <span class='ocrx_word' id='word_1_412' title='bbox 1568 1705 1688 1736; x_wconf 85' lang='lat' dir='ltr'>actibus</span> <span class='ocrx_word' id='word_1_413' title='bbox 1713 1705 1980 1735; x_wconf 87' lang='lat' dir='ltr'>excellentissimis</span> <span class='ocrx_word' id='word_1_414' title='bbox 2003 1706 2173 1740; x_wconf 85' lang='lat' dir='ltr'>virtutum,</span> <span class='ocrx_word' id='word_1_415' title='bbox 2199 1705 2254 1744; x_wconf 88' lang='lat' dir='ltr'>qui</span> <span class='ocrx_word' id='word_1_416' title='bbox 2277 1705 2349 1734; x_wconf 85' lang='lat' dir='ltr'>bea·</span> <span class='ocrx_word' id='word_1_417' title='bbox 2378 1706 2387 1715; x_wconf 84' lang='grc'>’</span> <span class='ocrx_word' id='word_1_418' title='bbox 2425 1710 2437 1724; x_wconf 83' lang='lat'>⁸¹</span> 
     </span>
    </p>
   </div>
   <div class='ocr_carea' id='block_1_15' title="bbox 1295 1747 2352 2038">
    <p class='ocr_par' dir='ltr' id='par_1_20' title="bbox 1295 1747 2352 2038">
     <span class='ocr_line' id='line_1_69' title="bbox 1295 1747 2350 1784; baseline -0.001 -6"><span class='ocrx_word' id='word_1_419' title='bbox 1295 1747 1445 1778; x_wconf 86' lang='lat' dir='ltr'>titudines</span> <span class='ocrx_word' id='word_1_420' title='bbox 1461 1753 1624 1784; x_wconf 85' lang='lat' dir='ltr'>vocantur,</span> <span class='ocrx_word' id='word_1_421' title='bbox 1643 1753 1674 1778; x_wconf 89' lang='lat' dir='ltr'>et</span> <span class='ocrx_word' id='word_1_422' title='bbox 1690 1748 1728 1778; x_wconf 93' lang='lat' dir='ltr'>de</span> <span class='ocrx_word' id='word_1_423' title='bbox 1745 1748 2000 1778; x_wconf 85' lang='lat' dir='ltr'>desiderabilibus</span> <span class='ocrx_word' id='word_1_424' title='bbox 2017 1749 2054 1777; x_wconf 92' lang='lat' dir='ltr'>ab</span> <span class='ocrx_word' id='word_1_425' title='bbox 2071 1749 2211 1783; x_wconf 89' lang='lat' dir='ltr'>homine,</span> <span class='ocrx_word' id='word_1_426' title='bbox 2227 1749 2260 1777; x_wconf 91' lang='lat' dir='ltr'>in</span> <span class='ocrx_word' id='word_1_427' title='bbox 2281 1757 2350 1777; x_wconf 90' lang='lat' dir='ltr'>ora-</span> 
     </span>
     <span class='ocr_line' id='line_1_70' title="bbox 1296 1791 2350 1830; baseline -0.001 -9"><span class='ocrx_word' id='word_1_428' title='bbox 1296 1793 1384 1821; x_wconf 84' lang='lat' dir='ltr'>tione</span> <span class='ocrx_word' id='word_1_429' title='bbox 1414 1792 1598 1827; x_wconf 86' lang='lat' dir='ltr'>Dominica,</span> <span class='ocrx_word' id='word_1_430' title='bbox 1625 1797 1656 1821; x_wconf 91' lang='lat' dir='ltr'>et</span> <span class='ocrx_word' id='word_1_431' title='bbox 1678 1791 1717 1822; x_wconf 92' lang='lat' dir='ltr'>de</span> <span class='ocrx_word' id='word_1_432' title='bbox 1740 1791 1839 1821; x_wconf 86' lang='lat' dir='ltr'>modo</span> <span class='ocrx_word' id='word_1_433' title='bbox 1862 1791 2007 1826; x_wconf 90' lang='lat' dir='ltr'>vivendi,</span> <span class='ocrx_word' id='word_1_434' title='bbox 2031 1791 2100 1821; x_wconf 88' lang='lat' dir='ltr'>talis</span> <span class='ocrx_word' id='word_1_435' title='bbox 2122 1796 2272 1830; x_wconf 86' lang='lat' dir='ltr'>tantaque</span> <span class='ocrx_word' id='word_1_436' title='bbox 2295 1791 2350 1820; x_wconf 89' lang='lat' dir='ltr'>ha-</span> 
     </span>
     <span class='ocr_line' id='line_1_71' title="bbox 1297 1834 2349 1874; baseline -0.001 -10"><span class='ocrx_word' id='word_1_437' title='bbox 1297 1835 1401 1870; x_wconf 83' lang='lat' dir='ltr'>betur3</span> <span class='ocrx_word' id='word_1_438' title='bbox 1427 1840 1459 1864; x_wconf 89' lang='lat' dir='ltr'>et</span> <span class='ocrx_word' id='word_1_439' title='bbox 1481 1834 1594 1864; x_wconf 89' lang='lat' dir='ltr'>deinde</span> <span class='ocrx_word' id='word_1_440' title='bbox 1617 1844 1674 1874; x_wconf 92' lang='lat' dir='ltr'>per</span> <span class='ocrx_word' id='word_1_441' title='bbox 1689 1835 1862 1874; x_wconf 88' lang='lat' dir='ltr'>parabolas,</span> <span class='ocrx_word' id='word_1_442' title='bbox 1881 1835 2023 1874; x_wconf 88' lang='lat' dir='ltr'>aliosque</span> <span class='ocrx_word' id='word_1_443' title='bbox 2038 1835 2262 1874; x_wconf 87' lang='lat' dir='ltr'>Evangelistas,</span> <span class='ocrx_word' id='word_1_444' title='bbox 2279 1839 2349 1863; x_wconf 87' lang='lat' dir='ltr'>etc.:</span> 
     </span>
     <span class='ocr_line' id='line_1_72' title="bbox 1297 1877 2352 1917; baseline -0.001 -10"><span class='ocrx_word' id='word_1_445' title='bbox 1297 1883 1342 1913; x_wconf 89' lang='lat' dir='ltr'>ut,</span> <span class='ocrx_word' id='word_1_446' title='bbox 1366 1878 1558 1917; x_wconf 85' lang='lat' dir='ltr'>experientia</span> <span class='ocrx_word' id='word_1_447' title='bbox 1581 1883 1670 1914; x_wconf 89' lang='lat' dir='ltr'>teste,</span> <span class='ocrx_word' id='word_1_448' title='bbox 1685 1877 1849 1908; x_wconf 89' lang='lat' dir='ltr'>videamus</span> <span class='ocrx_word' id='word_1_449' title='bbox 1873 1877 2082 1907; x_wconf 90' lang='lat' dir='ltr'>Christianam</span> <span class='ocrx_word' id='word_1_450' title='bbox 2105 1878 2201 1907; x_wconf 89' lang='lat' dir='ltr'>vitam</span> <span class='ocrx_word' id='word_1_451' title='bbox 2223 1877 2352 1916; x_wconf 88' lang='lat' dir='ltr'>plenam</span> 
     </span>
     <span class='ocr_line' id='line_1_73' title="bbox 1298 1920 2351 1959; baseline -0.001 -9"><span class='ocrx_word' id='word_1_452' title='bbox 1298 1921 1403 1951; x_wconf 90' lang='lat' dir='ltr'>omnis</span> <span class='ocrx_word' id='word_1_453' title='bbox 1433 1922 1511 1951; x_wconf 93' lang='lat' dir='ltr'>boni</span> <span class='ocrx_word' id='word_1_454' title='bbox 1540 1921 1656 1957; x_wconf 88' lang='lat' dir='ltr'>moris,</span> <span class='ocrx_word' id='word_1_455' title='bbox 1680 1921 1841 1951; x_wconf 90' lang='lat' dir='ltr'>inimicam</span> <span class='ocrx_word' id='word_1_456' title='bbox 1869 1922 1957 1950; x_wconf 90' lang='lat' dir='ltr'>omni</span> <span class='ocrx_word' id='word_1_457' title='bbox 1980 1921 2074 1955; x_wconf 88' lang='lat' dir='ltr'>vitio,</span> <span class='ocrx_word' id='word_1_458' title='bbox 2105 1929 2165 1950; x_wconf 90' lang='lat' dir='ltr'>nec</span> <span class='ocrx_word' id='word_1_459' title='bbox 2188 1921 2220 1950; x_wconf 90' lang='lat' dir='ltr'>in</span> <span class='ocrx_word' id='word_1_460' title='bbox 2244 1920 2351 1959; x_wconf 87' lang='lat' dir='ltr'>aliquo</span> 
     </span>
     <span class='ocr_line' id='line_1_74' title="bbox 1299 1963 2352 2004; baseline -0.001 -10"><span class='ocrx_word' id='word_1_461' title='bbox 1299 1964 1500 2004; x_wconf 89' lang='lat' dir='ltr'>culpabilem,</span> <span class='ocrx_word' id='word_1_462' title='bbox 1517 1964 1550 1994; x_wconf 94' lang='lat' dir='ltr'>in</span> <span class='ocrx_word' id='word_1_463' title='bbox 1573 1964 1663 1994; x_wconf 92' lang='lat' dir='ltr'>nullo</span> <span class='ocrx_word' id='word_1_464' title='bbox 1684 1965 1943 2004; x_wconf 89' lang='lat' dir='ltr'>superstitiosam,</span> <span class='ocrx_word' id='word_1_465' title='bbox 1960 1965 1993 1993; x_wconf 91' lang='lat' dir='ltr'>in</span> <span class='ocrx_word' id='word_1_466' title='bbox 2007 1964 2098 1993; x_wconf 90' lang='lat' dir='ltr'>nullo</span> <span class='ocrx_word' id='word_1_467' title='bbox 2113 1963 2352 2003; x_wconf 88' lang='lat' dir='ltr'>phantasticam,</span> 
     </span>
     <span class='ocr_line' id='line_1_75' title="bbox 1299 2007 2155 2038; baseline -0.001 0"><span class='ocrx_word' id='word_1_468' title='bbox 1299 2008 1325 2037; x_wconf 89' lang='lat' dir='ltr'>si</span> <span class='ocrx_word' id='word_1_469' title='bbox 1348 2007 1526 2038; x_wconf 89' lang='lat' dir='ltr'>secundum</span> <span class='ocrx_word' id='word_1_470' title='bbox 1550 2007 1666 2038; x_wconf 89' lang='lat' dir='ltr'>Christi</span> <span class='ocrx_word' id='word_1_471' title='bbox 1691 2008 1866 2038; x_wconf 88' lang='lat' dir='ltr'>doctrinam</span> <span class='ocrx_word' id='word_1_472' title='bbox 1889 2008 2030 2038; x_wconf 87' lang='lat' dir='ltr'>instituta</span> <span class='ocrx_word' id='word_1_473' title='bbox 2053 2007 2155 2037; x_wconf 83' lang='lat' dir='ltr'>fuerit.</span> 
     </span>
    </p>
   </div>
   <div class='ocr_carea' id='block_1_16' title="bbox 413 2140 2129 2266">
    <p class='ocr_par' dir='ltr' id='par_1_21' title="bbox 413 2140 2129 2266">
     <span class='ocr_line' id='line_1_76' title="bbox 951 2140 1595 2183; baseline -0.002 0"><span class='ocrx_word' id='word_1_474' title='bbox 951 2141 1267 2183; x_wconf 87' lang='lat' dir='ltr'>ARTICULUS</span> <span class='ocrx_word' id='word_1_475' title='bbox 1297 2140 1595 2183; x_wconf 90' lang='lat' dir='ltr'>SECUNDUS</span> 
     </span>
     <span class='ocr_line' id='line_1_77' title="bbox 413 2214 2129 2266; baseline -0.002 0"><span class='ocrx_word' id='word_1_476' title='bbox 413 2234 570 2266; x_wconf 87' lang='lat' dir='ltr'><strong>UTRUM</strong></span> <span class='ocrx_word' id='word_1_477' title='bbox 593 2233 806 2265; x_wconf 76' lang='lat' dir='ltr'>CHRISTUS</span> <span class='ocrx_word' id='word_1_478' title='bbox 828 2233 1046 2264; x_wconf 83' lang='lat' dir='ltr'>DEBUERIT</span> <span class='ocrx_word' id='word_1_479' title='bbox 1070 2233 1240 2264; x_wconf 82' lang='lat' dir='ltr'>1UDAE1s</span> <span class='ocrx_word' id='word_1_480' title='bbox 1265 2233 1359 2264; x_wconf 85' lang='lat' dir='ltr'>SINE</span> <span class='ocrx_word' id='word_1_481' title='bbox 1377 2214 1537 2263; x_wconf 76' lang='lat' dir='ltr'><strong>EORUM</strong></span> <span class='ocrx_word' id='word_1_482' title='bbox 1562 2233 1832 2264; x_wconf 82' lang='lat' dir='ltr'>OFFENSIONE</span> <span class='ocrx_word' id='word_1_483' title='bbox 1855 2233 2129 2264; x_wconf 81' lang='lat' dir='ltr'><strong>PRAEDICARE</strong></span> 
     </span>
    </p>
   </div>
   <div class='ocr_carea' id='block_1_17' title="bbox 926 2310 1614 2343">
    <p class='ocr_par' dir='ltr' id='par_1_22' title="bbox 926 2310 1614 2343">
     <span class='ocr_line' id='line_1_78' title="bbox 926 2310 1614 2343; baseline 0 -7"><span class='ocrx_word' id='word_1_484' title='bbox 926 2311 962 2336; x_wconf 84' lang='lat'>11·</span> <span class='ocrx_word' id='word_1_485' title='bbox 980 2311 1036 2342; x_wconf 74' lang='lat'>11⁸⁸,</span> <span class='ocrx_word' id='word_1_486' title='bbox 1056 2319 1100 2343; x_wconf 87' lang='lat' dir='ltr'>qu.</span> <span class='ocrx_word' id='word_1_487' title='bbox 1118 2318 1189 2342; x_wconf 80' lang='lat' dir='ltr'>xun,</span> <span class='ocrx_word' id='word_1_488' title='bbox 1208 2316 1253 2336; x_wconf 77' lang='lat' dir='ltr'>art.</span> <span class='ocrx_word' id='word_1_489' title='bbox 1274 2318 1304 2343; x_wconf 80' lang='lat'>73</span> <span class='ocrx_word' id='word_1_490' title='bbox 1323 2311 1354 2335; x_wconf 84' lang='lat' dir='ltr'>In</span> <span class='ocrx_word' id='word_1_491' title='bbox 1374 2310 1481 2339; x_wconf 76' lang='lat' dir='ltr'>Matth.,</span> <span class='ocrx_word' id='word_1_492' title='bbox 1501 2318 1557 2343; x_wconf 83' lang='lat' dir='ltr'>cap.</span> <span class='ocrx_word' id='word_1_493' title='bbox 1575 2318 1614 2336; x_wconf 86' lang='lat' dir='ltr'>xv.</span> 
     </span>
    </p>
   </div>
   <div class='ocr_carea' id='block_1_18' title="bbox 1297 2387 2352 2542">
    <p class='ocr_par' dir='ltr' id='par_1_23' title="bbox 1297 2387 2352 2542">
     <span class='ocr_line' id='line_1_79' title="bbox 1298 2387 2352 2437; baseline -0.001 -13"><span class='ocrx_word' id='word_1_494' title='bbox 1298 2388 1511 2425; x_wconf 87' lang='lat' dir='ltr'>sacerdotes</span> <span class='ocrx_word' id='word_1_495' title='bbox 1531 2395 1567 2424; x_wconf 92' lang='lat' dir='ltr'>et</span> <span class='ocrx_word' id='word_1_496' title='bbox 1586 2387 1775 2437; x_wconf 86' lang='lat' dir='ltr'>principes</span> <span class='ocrx_word' id='word_1_497' title='bbox 1794 2388 2025 2424; x_wconf 87' lang='lat' dir='ltr'>Iudaeorum</span> <span class='ocrx_word' id='word_1_498' title='bbox 2045 2395 2150 2424; x_wconf 87' lang='lat' dir='ltr'>erant</span> <span class='ocrx_word' id='word_1_499' title='bbox 2168 2387 2265 2424; x_wconf 92' lang='lat' dir='ltr'>illius</span> <span class='ocrx_word' id='word_1_500' title='bbox 2283 2399 2352 2436; x_wconf 92' lang='lat' dir='ltr'>po-</span> 
     </span>
     <span class='ocr_line' id='line_1_80' title="bbox 1297 2438 2352 2490; baseline -0.001 -14"><span class='ocrx_word' id='word_1_501' title='bbox 1297 2440 1379 2490; x_wconf 90' lang='lat' dir='ltr'>puli</span> <span class='ocrx_word' id='word_1_502' title='bbox 1393 2440 1571 2477; x_wconf 90' lang='lat' dir='ltr'>seniores.</span> <span class='ocrx_word' id='word_1_503' title='bbox 1593 2441 1693 2487; x_wconf 91' lang='lat' dir='ltr'>Ergo</span> <span class='ocrx_word' id='word_1_504' title='bbox 1709 2440 1859 2476; x_wconf 90' lang='lat' dir='ltr'>videtur</span> <span class='ocrx_word' id='word_1_505' title='bbox 1877 2439 1983 2488; x_wconf 92' lang='lat' dir='ltr'>quod</span> <span class='ocrx_word' id='word_1_506' title='bbox 2002 2451 2082 2476; x_wconf 87' lang='lat' dir='ltr'>non</span> <span class='ocrx_word' id='word_1_507' title='bbox 2096 2438 2233 2476; x_wconf 87' lang='lat' dir='ltr'>fuerint</span> <span class='ocrx_word' id='word_1_508' title='bbox 2247 2439 2352 2476; x_wconf 86' lang='lat' dir='ltr'>duris</span> 
     </span>
     <span class='ocr_line' id='line_1_81' title="bbox 1298 2492 1844 2542; baseline -0.002 -13"><span class='ocrx_word' id='word_1_509' title='bbox 1298 2492 1621 2542; x_wconf 90' lang='lat' dir='ltr'>increpationibus</span> <span class='ocrx_word' id='word_1_510' title='bbox 1649 2492 1844 2540; x_wconf 89' lang='lat' dir='ltr'>arguendi.</span> 
     </span>
    </p>
   </div>
   <div class='ocr_carea' id='block_1_19' title="bbox 1352 2543 2389 2592">
    <p class='ocr_par' dir='ltr' id='par_1_24' title="bbox 1352 2543 2389 2592">
     <span class='ocr_line' id='line_1_82' title="bbox 1352 2543 2389 2592; baseline -0.003 -10"><span class='ocrx_word' id='word_1_511' title='bbox 1352 2545 1425 2582; x_wconf 78' lang='lat' dir='ltr'>SED</span> <span class='ocrx_word' id='word_1_512' title='bbox 1453 2557 1597 2582; x_wconf 77' lang='lat' dir='ltr'>CONTRA</span> <span class='ocrx_word' id='word_1_513' title='bbox 1624 2556 1689 2581; x_wconf 84' lang='lat' dir='ltr'>EST</span> <span class='ocrx_word' id='word_1_514' title='bbox 1721 2545 1827 2592; x_wconf 92' lang='lat' dir='ltr'>quod</span> <span class='ocrx_word' id='word_1_515' title='bbox 1854 2543 1969 2581; x_wconf 90' lang='lat' dir='ltr'>Isaiae</span> <span class='ocrx_word' id='word_1_516' title='bbox 1988 2556 2045 2580; x_wconf 87' lang='lat' dir='ltr'>vm</span> <span class='ocrx_word' id='word_1_517' title='bbox 2063 2543 2083 2564; x_wconf 68' lang='lat'>²⁸</span> <span class='ocrx_word' id='word_1_518' title='bbox 2113 2543 2233 2580; x_wconf 86' lang='lat' dir='ltr'>fuerat</span> <span class='ocrx_word' id='word_1_519' title='bbox 2264 2555 2351 2591; x_wconf 90' lang='lat' dir='ltr'>pro-</span> <span class='ocrx_word' id='word_1_520' title='bbox 2378 2548 2389 2560; x_wconf 80' lang='lat'>⁸</span> 
     </span>
    </p>
   </div>
   <div class='ocr_carea' id='block_1_20' title="bbox 192 2595 2351 2646">
    <p class='ocr_par' dir='ltr' id='par_1_25' title="bbox 115 2591 2351 2646">
     <span class='ocr_line' id='line_1_83' title="bbox 192 2595 2351 2646; baseline -0.004 -7.278"><span class='ocrx_word' id='word_1_521' title='bbox 192 2600 310 2637; x_wconf 65' lang='lat' dir='ltr'>suano</span> <span class='ocrx_word' id='word_1_522' title='bbox 327 2597 359 2644; x_wconf 71' lang='lat'>²⁸⁸,</span> <span class='ocrx_word' id='word_1_523' title='bbox 383 2600 420 2636; x_wconf 85' lang='lat' dir='ltr'>in</span> <span class='ocrx_word' id='word_1_524' title='bbox 440 2599 588 2636; x_wconf 82' lang='lat' dir='ltr'>homine</span> <span class='ocrx_word' id='word_1_525' title='bbox 604 2599 689 2635; x_wconf 92' lang='lat' dir='ltr'>Iesu</span> <span class='ocrx_word' id='word_1_526' title='bbox 712 2599 855 2635; x_wconf 85' lang='lat' dir='ltr'>Christo</span> <span class='ocrx_word' id='word_1_527' title='bbox 877 2610 917 2634; x_wconf 91' lang='lat' dir='ltr'>se</span> <span class='ocrx_word' id='word_1_528' title='bbox 935 2599 1038 2634; x_wconf 86' lang='lat' dir='ltr'>nobis</span> <span class='ocrx_word' id='word_1_529' title='bbox 1056 2598 1108 2634; x_wconf 87' lang='lat' dir='ltr'>ad</span> <span class='ocrx_word' id='word_1_530' title='bbox 1123 2610 1245 2634; x_wconf 88' lang='lat' dir='ltr'>exem·</span> <span class='ocrx_word' id='word_1_531' title='bbox 1297 2598 1497 2646; x_wconf 87' lang='lat' dir='ltr'>phetatum</span> <span class='ocrx_word' id='word_1_532' title='bbox 1525 2597 1631 2645; x_wconf 90' lang='lat' dir='ltr'>quod</span> <span class='ocrx_word' id='word_1_533' title='bbox 1660 2596 1832 2633; x_wconf 88' lang='lat' dir='ltr'>Christus</span> <span class='ocrx_word' id='word_1_534' title='bbox 1860 2604 1955 2633; x_wconf 90' lang='lat' dir='ltr'>esset</span> <span class='ocrx_word' id='word_1_535' title='bbox 1983 2609 2019 2632; x_wconf 83' lang='grc' dir='ltr'>ιη</span> <span class='ocrx_word' id='word_1_536' title='bbox 2048 2596 2207 2644; x_wconf 81' lang='lat' dir='ltr'>lapidem</span> <span class='ocrx_word' id='word_1_537' title='bbox 2235 2595 2351 2643; x_wconf 87' lang='lat' dir='ltr'>offen-</span> 
     </span>
    </p>
   </div>
   <div class='ocr_carea' id='block_1_21' title="bbox 0 2624 234 3506">
    <p class='ocr_par' dir='ltr' id='par_1_26' title="bbox 0 2624 234 3506">
     <span class='ocr_line' id='line_1_84' title="bbox 0 2624 193 2771; baseline 0 -43"><span class='ocrx_word' id='word_1_538' title='bbox 0 2624 193 2771; x_wconf 95' lang='lat' dir='ltr'>   </span> 
     </span>
     <span class='ocr_line' id='line_1_85' title="bbox 0 2780 193 2932; baseline 0 -43"><span class='ocrx_word' id='word_1_539' title='bbox 0 2780 193 2932; x_wconf 95' lang='lat' dir='ltr'>   </span> 
     </span>
     <span class='ocr_line' id='line_1_86' title="bbox 0 2932 234 3042; baseline 0 -74"><span class='ocrx_word' id='word_1_540' title='bbox 0 2932 234 3042; x_wconf 95' lang='lat' dir='ltr'>   </span> 
     </span>
     <span class='ocr_line' id='line_1_87' title="bbox 0 3042 195 3177; baseline 0 -39"><span class='ocrx_word' id='word_1_541' title='bbox 0 3042 195 3177; x_wconf 95' lang='lat' dir='ltr'>    </span> 
     </span>
     <span class='ocr_line' id='line_1_88' title="bbox 0 3198 196 3352; baseline 0 -57"><span class='ocrx_word' id='word_1_542' title='bbox 0 3198 196 3352; x_wconf 95' lang='lat' dir='ltr'>   </span> 
     </span>
     <span class='ocr_line' id='line_1_89' title="bbox 0 3352 234 3506; baseline 0 -19"><span class='ocrx_word' id='word_1_543' title='bbox 0 3352 234 3506; x_wconf 95' lang='lat' dir='ltr'>    </span> 
     </span>
    </p>
   </div>
   <div class='ocr_carea' id='block_1_22' title="bbox 123 2650 1248 3585">
    <p class='ocr_par' dir='ltr' id='par_1_27' title="bbox 122 2650 1248 3585">
     <span class='ocr_line' id='line_1_90' title="bbox 136 2650 1245 2710; baseline -0.003 -20.855"><span class='ocrx_word' id='word_1_544' title='bbox 136 2651 294 2710; x_wconf 61' lang='lat' dir='ltr'>-plum</span> <span class='ocrx_word' id='word_1_545' title='bbox 311 2652 407 2688; x_wconf 78' lang='lat' dir='ltr'>vitae</span> <span class='ocrx_word' id='word_1_546' title='bbox 427 2651 598 2700; x_wconf 85' lang='lat' dir='ltr'>praebuit</span> <span class='ocrx_word' id='word_1_547' title='bbox 616 2651 731 2688; x_wconf 87' lang='lat' dir='ltr'>Filius</span> <span class='ocrx_word' id='word_1_548' title='bbox 749 2651 829 2687; x_wconf 87' lang='lat' dir='ltr'>Dei.</span> <span class='ocrx_word' id='word_1_549' title='bbox 860 2650 936 2687; x_wconf 91' lang='lat' dir='ltr'>Sed</span> <span class='ocrx_word' id='word_1_550' title='bbox 964 2662 1034 2686; x_wconf 92' lang='lat' dir='ltr'>nos</span> <span class='ocrx_word' id='word_1_551' title='bbox 1058 2650 1245 2686; x_wconf 90' lang='lat' dir='ltr'>debemus</span> 
     </span>
     <span class='ocr_line' id='line_1_91' title="bbox 127 2701 1245 2749; baseline 0 -11"><span class='ocrx_word' id='word_1_552' title='bbox 127 2732 149 2749; x_wconf 25' lang='lat' dir='ltr'>A.</span> <span class='ocrx_word' id='word_1_553' title='bbox 193 2702 310 2740; x_wconf 78' lang='lat' dir='ltr'>vitare</span> <span class='ocrx_word' id='word_1_554' title='bbox 325 2702 591 2748; x_wconf 84' lang='lat' dir='ltr'>offensionem,</span> <span class='ocrx_word' id='word_1_555' title='bbox 606 2714 686 2739; x_wconf 91' lang='lat' dir='ltr'>non</span> <span class='ocrx_word' id='word_1_556' title='bbox 700 2703 827 2739; x_wconf 91' lang='lat' dir='ltr'>solum</span> <span class='ocrx_word' id='word_1_557' title='bbox 845 2702 1029 2748; x_wconf 90' lang='lat' dir='ltr'>fidelium,</span> <span class='ocrx_word' id='word_1_558' title='bbox 1045 2702 1111 2739; x_wconf 89' lang='lat' dir='ltr'>sed</span> <span class='ocrx_word' id='word_1_559' title='bbox 1131 2701 1245 2739; x_wconf 90' lang='lat' dir='ltr'>etiam</span> 
     </span>
     <span class='ocr_line' id='line_1_92' title="bbox 124 2754 1245 2801; baseline 0.001 -12"><span class='ocrx_word' id='word_1_560' title='bbox 124 2763 145 2789; x_wconf 84' lang='grc'>·,</span> <span class='ocrx_word' id='word_1_561' title='bbox 194 2754 424 2793; x_wconf 86' lang='lat' dir='ltr'>infidelium:</span> <span class='ocrx_word' id='word_1_562' title='bbox 462 2755 677 2791; x_wconf 87' lang='lat' dir='ltr'>secundum</span> <span class='ocrx_word' id='word_1_563' title='bbox 704 2755 796 2791; x_wconf 91' lang='lat' dir='ltr'>illud</span> <span class='ocrx_word' id='word_1_564' title='bbox 824 2755 838 2790; x_wconf 98' lang='lat' dir='ltr'>I</span> <span class='ocrx_word' id='word_1_565' title='bbox 861 2755 947 2791; x_wconf 90' lang='lat' dir='ltr'>Cor.</span> <span class='ocrx_word' id='word_1_566' title='bbox 967 2767 991 2791; x_wconf 89' lang='lat' dir='ltr'><strong>x</strong></span> <span class='ocrx_word' id='word_1_567' title='bbox 1009 2754 1046 2791; x_wconf 74' lang='grc' dir='ltr'>*ε</span> <span class='ocrx_word' id='word_1_568' title='bbox 1077 2756 1164 2791; x_wconf 88' lang='lat' dir='ltr'>Sine</span> <span class='ocrx_word' id='word_1_569' title='bbox 1190 2755 1245 2801; x_wconf 87' lang='lat' dir='ltr'>of-</span> 
     </span>
     <span class='ocr_line' id='line_1_93' title="bbox 183 2807 1245 2866; baseline -0.003 -20"><span class='ocrx_word' id='word_1_570' title='bbox 183 2808 358 2856; x_wconf 67' lang='lat' dir='ltr'>sen-tione</span> <span class='ocrx_word' id='word_1_571' title='bbox 384 2813 493 2844; x_wconf 85' lang='lat' dir='ltr'>estote</span> <span class='ocrx_word' id='word_1_572' title='bbox 509 2807 657 2844; x_wconf 88' lang='lat' dir='ltr'>Iudaeis</span> <span class='ocrx_word' id='word_1_573' title='bbox 674 2813 708 2843; x_wconf 89' lang='lat' dir='ltr'>et</span> <span class='ocrx_word' id='word_1_574' title='bbox 724 2808 892 2866; x_wconf 53' lang='lat' dir='ltr'>gentihus</span> <span class='ocrx_word' id='word_1_575' title='bbox 911 2813 944 2843; x_wconf 89' lang='lat' dir='ltr'>et</span> <span class='ocrx_word' id='word_1_576' title='bbox 960 2807 1147 2844; x_wconf 81' lang='lat' dir='ltr'>Ecclesiae</span> <span class='ocrx_word' id='word_1_577' title='bbox 1163 2807 1245 2843; x_wconf 90' lang='lat' dir='ltr'>Dei.</span> 
     </span>
     <span class='ocr_line' id='line_1_94' title="bbox 130 2858 1247 2932; baseline -0.002 -34.998"><span class='ocrx_word' id='word_1_578' title='bbox 130 2861 153 2932; x_wconf 46' lang='lat' dir='ltr'>J,</span> <span class='ocrx_word' id='word_1_579' title='bbox 193 2859 295 2908; x_wconf 81' lang='lat' dir='ltr'>Ergo</span> <span class='ocrx_word' id='word_1_580' title='bbox 312 2859 464 2897; x_wconf 89' lang='lat' dir='ltr'>videtur</span> <span class='ocrx_word' id='word_1_581' title='bbox 481 2859 587 2908; x_wconf 93' lang='lat' dir='ltr'>quod</span> <span class='ocrx_word' id='word_1_582' title='bbox 607 2859 720 2896; x_wconf 91' lang='lat' dir='ltr'>etiam</span> <span class='ocrx_word' id='word_1_583' title='bbox 740 2858 939 2896; x_wconf 90' lang='lat' dir='ltr'>Christus</span> <span class='ocrx_word' id='word_1_584' title='bbox 930 2871 970 2895; x_wconf 87' lang='lat' dir='ltr'>m</span> <span class='ocrx_word' id='word_1_585' title='bbox 989 2871 1058 2895; x_wconf 92' lang='lat' dir='ltr'>sua</span> <span class='ocrx_word' id='word_1_586' title='bbox 1076 2858 1247 2895; x_wconf 90' lang='lat' dir='ltr'>doctrina</span> 
     </span>
     <span class='ocr_line' id='line_1_95' title="bbox 160 2910 1061 2949; baseline -0.002 0.079"><span class='ocrx_word' id='word_1_587' title='bbox 160 2910 451 2949; x_wconf 69' lang='lat' dir='ltr'>offensionem</span> <span class='ocrx_word' id='word_1_588' title='bbox 475 2911 706 2948; x_wconf 89' lang='lat' dir='ltr'>Iudaeorum</span> <span class='ocrx_word' id='word_1_589' title='bbox 733 2910 851 2948; x_wconf 82' lang='lat' dir='ltr'>vitare</span> <span class='ocrx_word' id='word_1_590' title='bbox 879 2911 1061 2947; x_wconf 89' lang='lat' dir='ltr'>debuerit.</span> 
     </span>
     <span class='ocr_line' id='line_1_96' title="bbox 249 2962 1246 3011; baseline -0.002 -11"><span class='ocrx_word' id='word_1_591' title='bbox 249 2975 283 3000; x_wconf 86' lang='lat'>2.</span> <span class='ocrx_word' id='word_1_592' title='bbox 308 2964 537 3009; x_wconf 70' lang='lat' dir='ltr'>PRAETEREA,</span> <span class='ocrx_word' id='word_1_593' title='bbox 558 2964 685 2999; x_wconf 90' lang='lat' dir='ltr'>nullus</span> <span class='ocrx_word' id='word_1_594' title='bbox 704 2962 853 3011; x_wconf 88' lang='lat' dir='ltr'>sapiens</span> <span class='ocrx_word' id='word_1_595' title='bbox 873 2963 984 2999; x_wconf 90' lang='lat' dir='ltr'>debet</span> <span class='ocrx_word' id='word_1_596' title='bbox 1002 2963 1124 2999; x_wconf 88' lang='lat' dir='ltr'>facere</span> <span class='ocrx_word' id='word_1_597' title='bbox 1143 2962 1246 2998; x_wconf 90' lang='lat' dir='ltr'>unde</span> 
     </span>
     <span class='ocr_line' id='line_1_97' title="bbox 155 3014 1247 3064; baseline -0.003 -10.883"><span class='ocrx_word' id='word_1_598' title='bbox 155 3014 375 3057; x_wconf 71' lang='lat' dir='ltr'>effectum</span> <span class='ocrx_word' id='word_1_599' title='bbox 402 3015 460 3052; x_wconf 89' lang='lat' dir='ltr'>sui</span> <span class='ocrx_word' id='word_1_600' title='bbox 487 3014 613 3064; x_wconf 89' lang='lat' dir='ltr'>operis</span> <span class='ocrx_word' id='word_1_601' title='bbox 633 3014 825 3063; x_wconf 89' lang='lat' dir='ltr'>impediat.</span> <span class='ocrx_word' id='word_1_602' title='bbox 856 3014 933 3051; x_wconf 90' lang='lat' dir='ltr'>Sed</span> <span class='ocrx_word' id='word_1_603' title='bbox 959 3026 1029 3063; x_wconf 91' lang='lat' dir='ltr'>per</span> <span class='ocrx_word' id='word_1_604' title='bbox 1047 3015 1122 3051; x_wconf 91' lang='lat' dir='ltr'>hoc</span> <span class='ocrx_word' id='word_1_605' title='bbox 1140 3014 1247 3063; x_wconf 92' lang='lat' dir='ltr'>quod</span> 
     </span>
     <span class='ocr_line' id='line_1_98' title="bbox 192 3066 1247 3114; baseline -0.003 -9.172"><span class='ocrx_word' id='word_1_606' title='bbox 192 3066 270 3114; x_wconf 66' lang='lat' dir='ltr'>sini</span> <span class='ocrx_word' id='word_1_607' title='bbox 276 3066 462 3104; x_wconf 85' lang='lat' dir='ltr'>doctrina</span> <span class='ocrx_word' id='word_1_608' title='bbox 489 3066 661 3104; x_wconf 86' lang='lat' dir='ltr'>Christus</span> <span class='ocrx_word' id='word_1_609' title='bbox 687 3066 847 3103; x_wconf 88' lang='lat' dir='ltr'>Iudaeos</span> <span class='ocrx_word' id='word_1_610' title='bbox 869 3066 1044 3112; x_wconf 86' lang='lat' dir='ltr'>turbavit,</span> <span class='ocrx_word' id='word_1_611' title='bbox 1065 3066 1247 3114; x_wconf 89' lang='lat' dir='ltr'>impedie-</span> 
     </span>
     <span class='ocr_line' id='line_1_99' title="bbox 142 3117 1245 3163; baseline -0.005 -4"><span class='ocrx_word' id='word_1_612' title='bbox 142 3152 156 3163; x_wconf 78' lang='grc'><strong>.</strong></span> <span class='ocrx_word' id='word_1_613' title='bbox 190 3118 313 3157; x_wconf 63' lang='lat' dir='ltr'>brut·</span> <span class='ocrx_word' id='word_1_614' title='bbox 320 3119 476 3156; x_wconf 87' lang='lat' dir='ltr'>effectus</span> <span class='ocrx_word' id='word_1_615' title='bbox 490 3118 682 3155; x_wconf 87' lang='lat' dir='ltr'>doctrinae</span> <span class='ocrx_word' id='word_1_616' title='bbox 697 3118 789 3154; x_wconf 87' lang='lat' dir='ltr'>eius·</span> <span class='ocrx_word' id='word_1_617' title='bbox 805 3118 941 3154; x_wconf 90' lang='lat' dir='ltr'>dicitur</span> <span class='ocrx_word' id='word_1_618' title='bbox 955 3118 1058 3154; x_wconf 91' lang='lat' dir='ltr'>enim</span> <span class='ocrx_word' id='word_1_619' title='bbox 1071 3119 1165 3154; x_wconf 92' lang='lat' dir='ltr'>Luc.</span> <span class='ocrx_word' id='word_1_620' title='bbox 1173 3117 1245 3162; x_wconf 71' lang='lat' dir='ltr'>x1*,</span> 
     </span>
     <span class='ocr_line' id='line_1_100' title="bbox 144 3162 1247 3221; baseline -0.003 -12.849"><span class='ocrx_word' id='word_1_621' title='bbox 144 3162 322 3221; x_wconf 38' lang='grc' dir='ltr'>ιᾗ’“,,ςο(1(1</span> <span class='ocrx_word' id='word_1_622' title='bbox 332 3183 424 3208; x_wconf 88' lang='lat' dir='ltr'>cum</span> <span class='ocrx_word' id='word_1_623' title='bbox 451 3170 642 3207; x_wconf 89' lang='lat' dir='ltr'>Dominus</span> <span class='ocrx_word' id='word_1_624' title='bbox 665 3169 890 3207; x_wconf 89' lang='lat' dir='ltr'>Pharisaeos</span> <span class='ocrx_word' id='word_1_625' title='bbox 909 3177 944 3206; x_wconf 92' lang='lat' dir='ltr'>et</span> <span class='ocrx_word' id='word_1_626' title='bbox 963 3169 1102 3206; x_wconf 90' lang='lat' dir='ltr'>scribas</span> <span class='ocrx_word' id='word_1_627' title='bbox 1121 3181 1247 3217; x_wconf 90' lang='lat' dir='ltr'>repre-</span> 
     </span>
     <span class='ocr_line' id='line_1_101' title="bbox 145 3222 1248 3279; baseline -0.003 -18.864"><span class='ocrx_word' id='word_1_628' title='bbox 145 3222 389 3279; x_wconf 42' lang='grc' dir='ltr'>Ϋὴιιάεῖεῒ,</span> <span class='ocrx_word' id='word_1_629' title='bbox 418 3228 614 3271; x_wconf 82' lang='lat' dir='ltr'>coeperunt</span> <span class='ocrx_word' id='word_1_630' title='bbox 640 3223 807 3271; x_wconf 81' lang='lat' dir='ltr'>graviter</span> <span class='ocrx_word' id='word_1_631' title='bbox 833 3223 1010 3266; x_wconf 81' lang='lat' dir='ltr'>insistere,</span> <span class='ocrx_word' id='word_1_632' title='bbox 1040 3227 1073 3257; x_wconf 89' lang='lat' dir='ltr'>et</span> <span class='ocrx_word' id='word_1_633' title='bbox 1103 3233 1145 3258; x_wconf 91' lang='lat' dir='ltr'>os</span> <span class='ocrx_word' id='word_1_634' title='bbox 1171 3223 1248 3257; x_wconf 85' lang='lat' dir='ltr'>eius</span> 
     </span>
     <span class='ocr_line' id='line_1_102' title="bbox 238 3274 1248 3325; baseline -0.004 -13"><span class='ocrx_word' id='word_1_635' title='bbox 238 3287 404 3325; x_wconf 76' lang='lat' dir='ltr'>primere</span> <span class='ocrx_word' id='word_1_636' title='bbox 431 3275 476 3311; x_wconf 87' lang='lat' dir='ltr'>de</span> <span class='ocrx_word' id='word_1_637' title='bbox 502 3274 641 3320; x_wconf 84' lang='lat' dir='ltr'>multis,</span> <span class='ocrx_word' id='word_1_638' title='bbox 669 3274 878 3310; x_wconf 84' lang='lat' dir='ltr'>insidiantes</span> <span class='ocrx_word' id='word_1_639' title='bbox 910 3275 946 3309; x_wconf 86' lang='lat' dir='ltr'>ei</span> <span class='ocrx_word' id='word_1_640' title='bbox 976 3278 1008 3309; x_wconf 87' lang='lat' dir='ltr'>et</span> <span class='ocrx_word' id='word_1_641' title='bbox 1035 3278 1248 3321; x_wconf 86' lang='lat' dir='ltr'>quaerentes</span> 
     </span>
     <span class='ocr_line' id='line_1_103' title="bbox 123 3278 1247 3379; baseline -0.005 -12.891"><span class='ocrx_word' id='word_1_642' title='bbox 143 3372 153 3379; x_wconf 40' lang='lat'><em>&lt;</em></span> <span class='ocrx_word' id='word_1_643' title='bbox 123 3278 339 3376; x_wconf 49' lang='lat' dir='ltr'>agqmd</span> <span class='ocrx_word' id='word_1_644' title='bbox 349 3338 483 3376; x_wconf 82' lang='lat' dir='ltr'>capere</span> <span class='ocrx_word' id='word_1_645' title='bbox 501 3338 551 3364; x_wconf 90' lang='lat' dir='ltr'>ex</span> <span class='ocrx_word' id='word_1_646' title='bbox 568 3338 634 3363; x_wconf 85' lang='lat' dir='ltr'>ore</span> <span class='ocrx_word' id='word_1_647' title='bbox 651 3327 728 3362; x_wconf 86' lang='lat' dir='ltr'>eius</span> <span class='ocrx_word' id='word_1_648' title='bbox 747 3331 784 3362; x_wconf 90' lang='lat' dir='ltr'>ut</span> <span class='ocrx_word' id='word_1_649' title='bbox 802 3331 1018 3362; x_wconf 87' lang='lat' dir='ltr'>accusarent</span> <span class='ocrx_word' id='word_1_650' title='bbox 1036 3337 1130 3361; x_wconf 89' lang='lat' dir='ltr'>eum.</span> <span class='ocrx_word' id='word_1_651' title='bbox 1155 3325 1247 3360; x_wconf 93' lang='lat' dir='ltr'>Non</span> 
     </span>
     <span class='ocr_line' id='line_1_104' title="bbox 155 3375 1248 3427; baseline -0.005 -9.81"><span class='ocrx_word' id='word_1_652' title='bbox 155 3389 287 3427; x_wconf 69' lang='lat' dir='ltr'>ergo</span> <span class='ocrx_word' id='word_1_653' title='bbox 312 3379 464 3417; x_wconf 89' lang='lat' dir='ltr'>videtur</span> <span class='ocrx_word' id='word_1_654' title='bbox 490 3378 724 3416; x_wconf 90' lang='lat' dir='ltr'>conveniens</span> <span class='ocrx_word' id='word_1_655' title='bbox 750 3377 864 3414; x_wconf 87' lang='lat' dir='ltr'>fuisse</span> <span class='ocrx_word' id='word_1_656' title='bbox 892 3377 998 3425; x_wconf 92' lang='lat' dir='ltr'>quod</span> <span class='ocrx_word' id='word_1_657' title='bbox 1026 3388 1092 3413; x_wconf 91' lang='lat' dir='ltr'>eos</span> <span class='ocrx_word' id='word_1_658' title='bbox 1120 3375 1159 3412; x_wconf 91' lang='lat' dir='ltr'>in</span> <span class='ocrx_word' id='word_1_659' title='bbox 1178 3388 1248 3412; x_wconf 90' lang='lat' dir='ltr'>sua</span> 
     </span>
     <span class='ocr_line' id='line_1_105' title="bbox 155 3429 615 3468; baseline -0.006 1.795"><span class='ocrx_word' id='word_1_660' title='bbox 122 3429 158 3478; x_wconf 61' lang='lat' dir='ltr'>‘&#39;:Jff</span> <span class='ocrx_word' id='word_1_661' title='bbox 198 3430 368 3468; x_wconf 70' lang='lat' dir='ltr'>doctrina</span> <span class='ocrx_word' id='word_1_662' title='bbox 395 3431 615 3468; x_wconf 83' lang='lat' dir='ltr'>offenderet.</span> 
     </span>
     <span class='ocr_line' id='line_1_106' title="bbox 253 3480 1247 3531; baseline -0.002 -12.227"><span class='ocrx_word' id='word_1_663' title='bbox 253 3483 286 3519; x_wconf 87' lang='lat'>3.</span> <span class='ocrx_word' id='word_1_664' title='bbox 315 3484 544 3529; x_wconf 75' lang='lat' dir='ltr'>PRAETEREA,</span> <span class='ocrx_word' id='word_1_665' title='bbox 574 3482 779 3531; x_wconf 91' lang='lat' dir='ltr'>Apostolus</span> <span class='ocrx_word' id='word_1_666' title='bbox 807 3481 905 3526; x_wconf 92' lang='lat' dir='ltr'>dicit,</span> <span class='ocrx_word' id='word_1_667' title='bbox 927 3482 941 3517; x_wconf 90' lang='lat'><em>1</em></span> <span class='ocrx_word' id='word_1_668' title='bbox 964 3483 1057 3518; x_wconf 89' lang='lat' dir='ltr'>Tim.</span> <span class='ocrx_word' id='word_1_669' title='bbox 1078 3493 1101 3517; x_wconf 93' lang='lat' dir='ltr'>v</span> <span class='ocrx_word' id='word_1_670' title='bbox 1119 3480 1155 3517; x_wconf 75' lang='grc' dir='ltr'>*ε</span> <span class='ocrx_word' id='word_1_671' title='bbox 1186 3482 1247 3517; x_wconf 90' lang='lat' dir='ltr'>Se-</span> 
     </span>
     <span class='ocr_line' id='line_1_107' title="bbox 200 3532 1246 3585; baseline 0 -16"><span class='ocrx_word' id='word_1_672' title='bbox 200 3535 340 3572; x_wconf 73' lang='lat' dir='ltr'>nior-em</span> <span class='ocrx_word' id='word_1_673' title='bbox 359 3547 406 3572; x_wconf 86' lang='lat' dir='ltr'>ne</span> <span class='ocrx_word' id='word_1_674' title='bbox 422 3537 681 3585; x_wconf 81' lang='lat' dir='ltr'>increpaveris,</span> <span class='ocrx_word' id='word_1_675' title='bbox 694 3534 759 3570; x_wconf 86' lang='lat' dir='ltr'>sed</span> <span class='ocrx_word' id='word_1_676' title='bbox 771 3535 922 3570; x_wconf 85' lang='lat' dir='ltr'>obsecra</span> <span class='ocrx_word' id='word_1_677' title='bbox 940 3539 978 3570; x_wconf 84' lang='lat' dir='ltr'>ut</span> <span class='ocrx_word' id='word_1_678' title='bbox 990 3539 1148 3582; x_wconf 87' lang='lat' dir='ltr'>patrem.</span> <span class='ocrx_word' id='word_1_679' title='bbox 1171 3532 1246 3570; x_wconf 91' lang='lat' dir='ltr'>Sed</span> 
     </span>
    </p>
   </div>
   <div class='ocr_carea' id='block_1_23' title="bbox 1297 2647 2354 3422">
    <p class='ocr_par' dir='ltr' id='par_1_28' title="bbox 1297 2647 2350 2698">
     <span class='ocr_line' id='line_1_108' title="bbox 1297 2647 2350 2698; baseline -0.003 -12"><span class='ocrx_word' id='word_1_680' title='bbox 1297 2652 1410 2686; x_wconf 89' lang='lat' dir='ltr'>sionis</span> <span class='ocrx_word' id='word_1_681' title='bbox 1437 2655 1470 2686; x_wconf 91' lang='lat' dir='ltr'>et</span> <span class='ocrx_word' id='word_1_682' title='bbox 1490 2655 1638 2698; x_wconf 86' lang='lat' dir='ltr'>petram</span> <span class='ocrx_word' id='word_1_683' title='bbox 1665 2649 1834 2685; x_wconf 87' lang='lat' dir='ltr'>scandali</span> <span class='ocrx_word' id='word_1_684' title='bbox 1863 2649 2003 2685; x_wconf 81' lang='lat' dir='ltr'>duabus</span> <span class='ocrx_word' id='word_1_685' title='bbox 2030 2648 2196 2684; x_wconf 87' lang='lat' dir='ltr'>domibus</span> <span class='ocrx_word' id='word_1_686' title='bbox 2222 2647 2350 2684; x_wconf 89' lang='lat' dir='ltr'>Israel.</span> 
     </span>
    </p>

    <p class='ocr_par' dir='ltr' id='par_1_29' title="bbox 1299 2698 2354 3422">
     <span class='ocr_line' id='line_1_109' title="bbox 1352 2698 2352 2750; baseline -0.005 -11"><span class='ocrx_word' id='word_1_687' title='bbox 1352 2703 1574 2739; x_wconf 60' lang='lat' dir='ltr'>Rsssposnsso</span> <span class='ocrx_word' id='word_1_688' title='bbox 1609 2713 1789 2737; x_wconf 84' lang='lat' dir='ltr'>DICENDUM</span> <span class='ocrx_word' id='word_1_689' title='bbox 1825 2700 1931 2750; x_wconf 93' lang='lat' dir='ltr'>quod</span> <span class='ocrx_word' id='word_1_690' title='bbox 1966 2701 2065 2736; x_wconf 91' lang='lat' dir='ltr'>salus</span> <span class='ocrx_word' id='word_1_691' title='bbox 2102 2698 2352 2735; x_wconf 89' lang='lat' dir='ltr'>multitudinis</span> 
     </span>
     <span class='ocr_line' id='line_1_110' title="bbox 1300 2750 2352 2802; baseline -0.004 -12"><span class='ocrx_word' id='word_1_692' title='bbox 1300 2761 1355 2790; x_wconf 90' lang='lat' dir='ltr'>est</span> <span class='ocrx_word' id='word_1_693' title='bbox 1381 2753 1628 2802; x_wconf 90' lang='lat' dir='ltr'>praeferenda</span> <span class='ocrx_word' id='word_1_694' title='bbox 1646 2753 1730 2801; x_wconf 89' lang='lat' dir='ltr'>paci</span> <span class='ocrx_word' id='word_1_695' title='bbox 1749 2763 2086 2800; x_wconf 89' lang='lat' dir='ltr'>quorumcumque</span> <span class='ocrx_word' id='word_1_696' title='bbox 2106 2750 2352 2798; x_wconf 86' lang='lat' dir='ltr'>singularium</span> 
     </span>
     <span class='ocr_line' id='line_1_111' title="bbox 1300 2802 2352 2852; baseline -0.004 -10"><span class='ocrx_word' id='word_1_697' title='bbox 1300 2806 1517 2842; x_wconf 91' lang='lat' dir='ltr'>hominum.</span> <span class='ocrx_word' id='word_1_698' title='bbox 1547 2806 1595 2841; x_wconf 90' lang='lat' dir='ltr'>Et</span> <span class='ocrx_word' id='word_1_699' title='bbox 1622 2804 1721 2849; x_wconf 90' lang='lat' dir='ltr'>ideo,</span> <span class='ocrx_word' id='word_1_700' title='bbox 1745 2804 1900 2852; x_wconf 91' lang='lat' dir='ltr'>quando</span> <span class='ocrx_word' id='word_1_701' title='bbox 1929 2803 2044 2851; x_wconf 90' lang='lat' dir='ltr'>aliqui</span> <span class='ocrx_word' id='word_1_702' title='bbox 2072 2815 2141 2839; x_wconf 90' lang='lat' dir='ltr'>sua</span> <span class='ocrx_word' id='word_1_703' title='bbox 2167 2802 2352 2851; x_wconf 90' lang='lat' dir='ltr'>perversi-</span> 
     </span>
     <span class='ocr_line' id='line_1_112' title="bbox 1300 2854 2352 2903; baseline -0.005 -8"><span class='ocrx_word' id='word_1_704' title='bbox 1300 2866 1373 2895; x_wconf 89' lang='lat' dir='ltr'>tate</span> <span class='ocrx_word' id='word_1_705' title='bbox 1401 2856 1651 2894; x_wconf 90' lang='lat' dir='ltr'>multitudinis</span> <span class='ocrx_word' id='word_1_706' title='bbox 1679 2858 1839 2892; x_wconf 89' lang='lat' dir='ltr'>salutem</span> <span class='ocrx_word' id='word_1_707' title='bbox 1867 2855 2091 2903; x_wconf 90' lang='lat' dir='ltr'>impediunt,</span> <span class='ocrx_word' id='word_1_708' title='bbox 2121 2867 2201 2891; x_wconf 89' lang='lat' dir='ltr'>non</span> <span class='ocrx_word' id='word_1_709' title='bbox 2229 2862 2283 2890; x_wconf 88' lang='lat' dir='ltr'>est</span> <span class='ocrx_word' id='word_1_710' title='bbox 2309 2854 2352 2890; x_wconf 90' lang='lat' dir='ltr'>ti-</span> 
     </span>
     <span class='ocr_line' id='line_1_113' title="bbox 1300 2907 2351 2955; baseline -0.005 -8"><span class='ocrx_word' id='word_1_711' title='bbox 1300 2910 1442 2946; x_wconf 86' lang='lat' dir='ltr'>menda</span> <span class='ocrx_word' id='word_1_712' title='bbox 1456 2921 1592 2946; x_wconf 91' lang='lat' dir='ltr'>eorum</span> <span class='ocrx_word' id='word_1_713' title='bbox 1607 2907 1768 2944; x_wconf 85' lang='lat' dir='ltr'>offensio</span> <span class='ocrx_word' id='word_1_714' title='bbox 1788 2919 1810 2943; x_wconf 91' lang='lat' dir='ltr'>a</span> <span class='ocrx_word' id='word_1_715' title='bbox 1828 2907 2085 2955; x_wconf 89' lang='lat' dir='ltr'>praedicatore</span> <span class='ocrx_word' id='word_1_716' title='bbox 2105 2908 2166 2943; x_wconf 90' lang='lat' dir='ltr'>vel</span> <span class='ocrx_word' id='word_1_717' title='bbox 2185 2907 2351 2952; x_wconf 88' lang='lat' dir='ltr'>doctore,</span> 
     </span>
     <span class='ocr_line' id='line_1_114' title="bbox 1300 2957 2352 3009; baseline -0.004 -11"><span class='ocrx_word' id='word_1_718' title='bbox 1300 2962 1348 2998; x_wconf 91' lang='lat' dir='ltr'>ad</span> <span class='ocrx_word' id='word_1_719' title='bbox 1377 2962 1452 2998; x_wconf 91' lang='lat' dir='ltr'>hoc</span> <span class='ocrx_word' id='word_1_720' title='bbox 1479 2961 1583 3009; x_wconf 90' lang='lat' dir='ltr'>quod</span> <span class='ocrx_word' id='word_1_721' title='bbox 1612 2959 1861 2996; x_wconf 89' lang='lat' dir='ltr'>multitudinis</span> <span class='ocrx_word' id='word_1_722' title='bbox 1880 2958 1989 2995; x_wconf 89' lang='lat' dir='ltr'>saluti</span> <span class='ocrx_word' id='word_1_723' title='bbox 2016 2958 2225 3006; x_wconf 92' lang='lat' dir='ltr'>provideat.</span> <span class='ocrx_word' id='word_1_724' title='bbox 2256 2957 2352 2995; x_wconf 86' lang='lat' dir='ltr'>Scri-</span> 
     </span>
     <span class='ocr_line' id='line_1_115' title="bbox 1299 3010 2353 3058; baseline -0.004 -8"><span class='ocrx_word' id='word_1_725' title='bbox 1299 3014 1370 3050; x_wconf 91' lang='lat' dir='ltr'>bae</span> <span class='ocrx_word' id='word_1_726' title='bbox 1399 3020 1527 3049; x_wconf 90' lang='lat' dir='ltr'>autem</span> <span class='ocrx_word' id='word_1_727' title='bbox 1556 3019 1592 3048; x_wconf 92' lang='lat' dir='ltr'>et</span> <span class='ocrx_word' id='word_1_728' title='bbox 1619 3011 1809 3048; x_wconf 88' lang='lat' dir='ltr'>Pharisaei</span> <span class='ocrx_word' id='word_1_729' title='bbox 1844 3018 1880 3046; x_wconf 92' lang='lat' dir='ltr'>et</span> <span class='ocrx_word' id='word_1_730' title='bbox 1906 3010 2095 3058; x_wconf 90' lang='lat' dir='ltr'>principes</span> <span class='ocrx_word' id='word_1_731' title='bbox 2122 3010 2353 3047; x_wconf 91' lang='lat' dir='ltr'>Iudaeorum</span> 
     </span>
     <span class='ocr_line' id='line_1_116' title="bbox 1300 3062 2352 3111; baseline -0.003 -10"><span class='ocrx_word' id='word_1_732' title='bbox 1300 3065 1359 3102; x_wconf 90' lang='lat' dir='ltr'>sui</span> <span class='ocrx_word' id='word_1_733' title='bbox 1387 3064 1527 3100; x_wconf 91' lang='lat' dir='ltr'>malitia</span> <span class='ocrx_word' id='word_1_734' title='bbox 1563 3063 1774 3111; x_wconf 88' lang='lat' dir='ltr'>plurimum</span> <span class='ocrx_word' id='word_1_735' title='bbox 1803 3062 2062 3111; x_wconf 88' lang='lat' dir='ltr'>impediebant</span> <span class='ocrx_word' id='word_1_736' title='bbox 2092 3062 2225 3110; x_wconf 93' lang='lat' dir='ltr'>populi</span> <span class='ocrx_word' id='word_1_737' title='bbox 2254 3063 2352 3098; x_wconf 90' lang='lat' dir='ltr'>salu-</span> 
     </span>
     <span class='ocr_line' id='line_1_117' title="bbox 1300 3113 2352 3164; baseline -0.003 -11"><span class='ocrx_word' id='word_1_738' title='bbox 1300 3125 1396 3153; x_wconf 91' lang='lat' dir='ltr'>tem:</span> <span class='ocrx_word' id='word_1_739' title='bbox 1430 3124 1514 3152; x_wconf 90' lang='lat' dir='ltr'>tum</span> <span class='ocrx_word' id='word_1_740' title='bbox 1547 3115 1637 3164; x_wconf 92' lang='lat' dir='ltr'>quia</span> <span class='ocrx_word' id='word_1_741' title='bbox 1673 3114 1934 3163; x_wconf 86' lang='lat' dir='ltr'>repugnabant</span> <span class='ocrx_word' id='word_1_742' title='bbox 1972 3113 2109 3151; x_wconf 87' lang='lat' dir='ltr'>Christi</span> <span class='ocrx_word' id='word_1_743' title='bbox 2137 3113 2352 3159; x_wconf 86' lang='lat' dir='ltr'>doctrinae,</span> 
     </span>
     <span class='ocr_line' id='line_1_118' title="bbox 1299 3165 2353 3217; baseline -0.002 -13"><span class='ocrx_word' id='word_1_744' title='bbox 1299 3180 1369 3217; x_wconf 90' lang='lat' dir='ltr'>per</span> <span class='ocrx_word' id='word_1_745' title='bbox 1395 3179 1514 3216; x_wconf 91' lang='lat' dir='ltr'>quam</span> <span class='ocrx_word' id='word_1_746' title='bbox 1542 3168 1663 3204; x_wconf 89' lang='lat' dir='ltr'>solam</span> <span class='ocrx_word' id='word_1_747' title='bbox 1690 3173 1838 3215; x_wconf 90' lang='lat' dir='ltr'>poterat</span> <span class='ocrx_word' id='word_1_748' title='bbox 1865 3178 1946 3203; x_wconf 91' lang='lat' dir='ltr'>esse</span> <span class='ocrx_word' id='word_1_749' title='bbox 1973 3167 2095 3212; x_wconf 89' lang='lat' dir='ltr'>salus;</span> <span class='ocrx_word' id='word_1_750' title='bbox 2128 3174 2212 3202; x_wconf 91' lang='lat' dir='ltr'>tum</span> <span class='ocrx_word' id='word_1_751' title='bbox 2239 3165 2353 3202; x_wconf 89' lang='lat' dir='ltr'>etiam</span> 
     </span>
     <span class='ocr_line' id='line_1_119' title="bbox 1300 3218 2354 3269; baseline -0.003 -12"><span class='ocrx_word' id='word_1_752' title='bbox 1300 3220 1391 3269; x_wconf 89' lang='lat' dir='ltr'>quia</span> <span class='ocrx_word' id='word_1_753' title='bbox 1418 3219 1544 3268; x_wconf 89' lang='lat' dir='ltr'>pravis</span> <span class='ocrx_word' id='word_1_754' title='bbox 1572 3219 1649 3255; x_wconf 91' lang='lat' dir='ltr'>suis</span> <span class='ocrx_word' id='word_1_755' title='bbox 1677 3218 1850 3255; x_wconf 89' lang='lat' dir='ltr'>moribus</span> <span class='ocrx_word' id='word_1_756' title='bbox 1876 3218 1995 3254; x_wconf 89' lang='lat' dir='ltr'>vitam</span> <span class='ocrx_word' id='word_1_757' title='bbox 2022 3218 2155 3266; x_wconf 92' lang='lat' dir='ltr'>populi</span> <span class='ocrx_word' id='word_1_758' title='bbox 2183 3229 2354 3254; x_wconf 90' lang='lat' dir='ltr'>corrum-</span> 
     </span>
     <span class='ocr_line' id='line_1_120' title="bbox 1300 3270 2353 3321; baseline -0.002 -13"><span class='ocrx_word' id='word_1_759' title='bbox 1300 3272 1451 3321; x_wconf 90' lang='lat' dir='ltr'>pebant.</span> <span class='ocrx_word' id='word_1_760' title='bbox 1495 3272 1543 3307; x_wconf 91' lang='lat' dir='ltr'>Et</span> <span class='ocrx_word' id='word_1_761' title='bbox 1570 3271 1656 3307; x_wconf 94' lang='lat' dir='ltr'>ideo</span> <span class='ocrx_word' id='word_1_762' title='bbox 1684 3271 1896 3315; x_wconf 88' lang='lat' dir='ltr'>Dominus,</span> <span class='ocrx_word' id='word_1_763' title='bbox 1925 3282 2004 3306; x_wconf 91' lang='lat' dir='ltr'>non</span> <span class='ocrx_word' id='word_1_764' title='bbox 2033 3271 2204 3312; x_wconf 85' lang='lat' dir='ltr'>obstante</span> <span class='ocrx_word' id='word_1_765' title='bbox 2233 3270 2353 3306; x_wconf 86' lang='lat' dir='ltr'>offen-</span> 
     </span>
     <span class='ocr_line' id='line_1_121' title="bbox 1301 3322 2352 3371; baseline -0.002 -11"><span class='ocrx_word' id='word_1_766' title='bbox 1301 3324 1407 3360; x_wconf 91' lang='lat' dir='ltr'>sione</span> <span class='ocrx_word' id='word_1_767' title='bbox 1435 3335 1592 3368; x_wconf 89' lang='lat' dir='ltr'>eorum,</span> <span class='ocrx_word' id='word_1_768' title='bbox 1621 3322 1772 3371; x_wconf 91' lang='lat' dir='ltr'>publice</span> <span class='ocrx_word' id='word_1_769' title='bbox 1799 3322 1995 3358; x_wconf 89' lang='lat' dir='ltr'>veritatem</span> <span class='ocrx_word' id='word_1_770' title='bbox 2025 3322 2206 3367; x_wconf 87' lang='lat' dir='ltr'>docebat,</span> <span class='ocrx_word' id='word_1_771' title='bbox 2235 3333 2352 3370; x_wconf 90' lang='lat' dir='ltr'>quam</span> 
     </span>
     <span class='ocr_line' id='line_1_122' title="bbox 1300 3373 2354 3422; baseline -0.002 -10"><span class='ocrx_word' id='word_1_772' title='bbox 1300 3376 1351 3412; x_wconf 89' lang='lat' dir='ltr'>illi</span> <span class='ocrx_word' id='word_1_773' title='bbox 1379 3375 1578 3420; x_wconf 90' lang='lat' dir='ltr'>odiebant,</span> <span class='ocrx_word' id='word_1_774' title='bbox 1607 3382 1643 3411; x_wconf 92' lang='lat' dir='ltr'>et</span> <span class='ocrx_word' id='word_1_775' title='bbox 1675 3387 1811 3411; x_wconf 90' lang='lat' dir='ltr'>eorum</span> <span class='ocrx_word' id='word_1_776' title='bbox 1837 3373 1928 3410; x_wconf 89' lang='lat' dir='ltr'>vitia</span> <span class='ocrx_word' id='word_1_777' title='bbox 1959 3374 2148 3422; x_wconf 87' lang='lat' dir='ltr'>arguebat.</span> <span class='ocrx_word' id='word_1_778' title='bbox 2191 3374 2240 3410; x_wconf 91' lang='lat' dir='ltr'>Et</span> <span class='ocrx_word' id='word_1_779' title='bbox 2266 3374 2354 3410; x_wconf 91' lang='lat' dir='ltr'>ideo</span> 
     </span>
    </p>
   </div>
   <div class='ocr_carea' id='block_1_24' title="bbox 2378 789 2590 869">
    <p class='ocr_par' dir='ltr' id='par_1_30' title="bbox 2378 789 2590 869">
     <span class='ocr_line' id='line_1_123' title="bbox 2378 789 2589 837; baseline 0 -27"><span class='ocrx_word' id='word_1_780' title='bbox 2378 789 2390 800; x_wconf 75' lang='lat'>⁸</span> <span class='ocrx_word' id='word_1_781' title='bbox 2402 789 2480 810; x_wconf 79' lang='lat' dir='ltr'>Matth.</span> <span class='ocrx_word' id='word_1_782' title='bbox 2500 795 2551 837; x_wconf 56' lang='lat' dir='ltr'>casp.</span> <span class='ocrx_word' id='word_1_783' title='bbox 2565 795 2589 815; x_wconf 78' lang='lat' dir='ltr'>v,</span> 
     </span>
     <span class='ocr_line' id='line_1_124' title="bbox 2378 820 2590 843; baseline 0 -7"><span class='ocrx_word' id='word_1_784' title='bbox 2378 821 2436 836; x_wconf 81' lang='lat' dir='ltr'>vers.</span> <span class='ocrx_word' id='word_1_785' title='bbox 2451 821 2490 841; x_wconf 83' lang='lat'>22,</span> <span class='ocrx_word' id='word_1_786' title='bbox 2505 820 2516 836; x_wconf 79' lang='lat'>2</span> <span class='ocrx_word' id='word_1_787' title='bbox 2534 831 2539 841; x_wconf 94' lang='grc'>,</span> <span class='ocrx_word' id='word_1_788' title='bbox 2554 821 2590 843; x_wconf 79' lang='lat'>32,</span> 
     </span>
     <span class='ocr_line' id='line_1_125' title="bbox 2378 846 2518 869; baseline -0.014 0"><span class='ocrx_word' id='word_1_789' title='bbox 2378 847 2413 869; x_wconf 73' lang='lat'>345</span> <span class='ocrx_word' id='word_1_790' title='bbox 2427 846 2464 869; x_wconf 67' lang='lat'>39,</span> <span class='ocrx_word' id='word_1_791' title='bbox 2477 847 2518 867; x_wconf 80' lang='grc'>44·</span> 
     </span>
    </p>
   </div>
   <div class='ocr_carea' id='block_1_25' title="bbox 2377 1735 2464 1756">
    <p class='ocr_par' dir='ltr' id='par_1_31' title="bbox 2377 1735 2464 1756">
     <span class='ocr_line' id='line_1_126' title="bbox 2377 1735 2464 1756; baseline -0.011 -5"><span class='ocrx_word' id='word_1_792' title='bbox 2377 1735 2464 1756; x_wconf 73' lang='lat'>1111111</span> 
     </span>
    </p>
   </div>
   <div class='ocr_carea' id='block_1_26' title="bbox 1301 3425 2511 3475">
    <p class='ocr_par' dir='ltr' id='par_1_32' title="bbox 1301 3425 2511 3475">
     <span class='ocr_line' id='line_1_127' title="bbox 1301 3425 2511 3475; baseline -0.002 -11"><span class='ocrx_word' id='word_1_793' title='bbox 1301 3427 1447 3472; x_wconf 83' lang='lat' dir='ltr'>dicitur,</span> <span class='ocrx_word' id='word_1_794' title='bbox 1475 3428 1608 3463; x_wconf 90' lang='lat' dir='ltr'>Matth.</span> <span class='ocrx_word' id='word_1_795' title='bbox 1629 3439 1676 3463; x_wconf 88' lang='lat' dir='ltr'>xv</span> <span class='ocrx_word' id='word_1_796' title='bbox 1694 3427 1725 3473; x_wconf 73' lang='lat'>²¹⁸,</span> <span class='ocrx_word' id='word_1_797' title='bbox 1754 3427 1872 3475; x_wconf 92' lang='lat' dir='ltr'>quod,</span> <span class='ocrx_word' id='word_1_798' title='bbox 1892 3426 2082 3474; x_wconf 91' lang='lat' dir='ltr'>discipulis</span> <span class='ocrx_word' id='word_1_799' title='bbox 2109 3425 2279 3462; x_wconf 89' lang='lat' dir='ltr'>Domino</span> <span class='ocrx_word' id='word_1_800' title='bbox 2299 3425 2354 3462; x_wconf 94' lang='lat' dir='ltr'>di-</span> <span class='ocrx_word' id='word_1_801' title='bbox 2383 3431 2391 3442; x_wconf 92' lang='grc'><em>·</em></span> <span class='ocrx_word' id='word_1_802' title='bbox 2429 3436 2464 3451; x_wconf 70' lang='lat'>²¹⁵</span> <span class='ocrx_word' id='word_1_803' title='bbox 2489 3435 2511 3451; x_wconf 82' lang='lat'>¹²</span> 
     </span>
    </p>
   </div>
   <div class='ocr_carea' id='block_1_27' title="bbox 1300 3479 2355 3580">
    <p class='ocr_par' dir='ltr' id='par_1_33' title="bbox 1300 3479 2355 3580">
     <span class='ocr_line' id='line_1_128' title="bbox 1301 3479 2354 3528; baseline -0.002 -12"><span class='ocrx_word' id='word_1_804' title='bbox 1301 3479 1483 3524; x_wconf 90' lang='lat' dir='ltr'>centibus,</span> <span class='ocrx_word' id='word_1_805' title='bbox 1513 3481 1590 3516; x_wconf 89' lang='lat' dir='ltr'>Scis</span> <span class='ocrx_word' id='word_1_806' title='bbox 1609 3481 1693 3528; x_wconf 89' lang='lat' dir='ltr'>quia</span> <span class='ocrx_word' id='word_1_807' title='bbox 1711 3479 1852 3524; x_wconf 88' lang='lat' dir='ltr'>Iudaei,</span> <span class='ocrx_word' id='word_1_808' title='bbox 1873 3479 1995 3515; x_wconf 84' lang='lat' dir='ltr'>audito</span> <span class='ocrx_word' id='word_1_809' title='bbox 2018 3479 2088 3515; x_wconf 89' lang='lat' dir='ltr'>hoc</span> <span class='ocrx_word' id='word_1_810' title='bbox 2105 3480 2229 3523; x_wconf 80' lang='lat' dir='ltr'>verbo,</span> <span class='ocrx_word' id='word_1_811' title='bbox 2249 3490 2354 3514; x_wconf 91' lang='lat' dir='ltr'>scan-</span> 
     </span>
     <span class='ocr_line' id='line_1_129' title="bbox 1300 3531 2355 3580; baseline -0.002 -12"><span class='ocrx_word' id='word_1_812' title='bbox 1300 3533 1447 3580; x_wconf 65' lang='lat' dir='ltr'>dalizati</span> <span class='ocrx_word' id='word_1_813' title='bbox 1477 3532 1588 3569; x_wconf 82' lang='lat' dir='ltr'>sunt?</span> <span class='ocrx_word' id='word_1_814' title='bbox 1621 3531 1832 3580; x_wconf 90' lang='lat' dir='ltr'>respondit:</span> <span class='ocrx_word' id='word_1_815' title='bbox 1872 3533 1984 3568; x_wconf 84' lang='lat' dir='ltr'>Sinite</span> <span class='ocrx_word' id='word_1_816' title='bbox 2011 3531 2102 3567; x_wconf 81' lang='lat' dir='ltr'>illos.</span> <span class='ocrx_word' id='word_1_817' title='bbox 2136 3532 2248 3567; x_wconf 86' lang='lat' dir='ltr'>Caeci</span> <span class='ocrx_word' id='word_1_818' title='bbox 2273 3536 2355 3566; x_wconf 88' lang='lat' dir='ltr'>sunt</span> 
     </span>
    </p>
   </div>
  </div>
 </body>
</html>
