2872 3970
65 809 136 841 Arsin.
143 808 215 831 Meta-

23 874 33 891 ,
51 835 189 884 feta-¹42
207 851 213 883 ς

75 2060 126 2080 not.
138 2062 162 2084 γ.

938 258 1200 305 QUAESTIO
1228 260 1293 296 VII
1302 289 1312 308 ,

241 338 340 374 viam
369 337 602 382 orientalem,
638 342 671 372 et
697 342 797 372 terra
823 336 1033 385 splendebat
1065 349 1087 373 a
1115 338 1301 374 maiestate

242 390 328 425 eius.
358 388 573 425 Praesentia
601 396 730 424 autem
749 388 820 424 Dei
849 388 887 424 in
909 388 1058 425 Christo
1088 388 1301 437 intelligitur

242 439 456 478 secundum
470 440 656 477 unionem
676 441 869 477 humanae
884 448 1040 477 naturae
1061 441 1108 477 ad
1128 441 1300 478 divinam

241 505 458 542 personam.
493 493 603 530 Unde
630 492 747 540 gratia
774 492 974 529 habitualis
1003 493 1141 530 Christi
1169 493 1299 530 intelli-

240 545 340 593 gitur
357 552 399 582 ut
418 557 658 594 consequens
677 545 777 581 hanc
791 545 989 592 unionem,
1006 544 1100 582 sicut
1120 547 1300 595 splendor

242 598 375 634 solem.

293 650 422 687 Tertia
441 647 454 672 δ
482 649 576 686 ratio
611 649 727 686 huius
755 649 898 686 ordinis
932 650 1075 686 assumi
1102 657 1226 699 potest
1253 663 1299 687 ex

240 701 318 739 fine
346 702 496 750 gratiae.
527 701 736 739 Ordinatur
758 701 862 738 enim
890 702 938 738 ad
967 702 1064 739 bene
1093 703 1297 750 agendum.

239 755 412 791 Actiones
445 762 575 791 autem
608 760 692 791 sunt
724 756 994 804 suppositorum
1029 761 1062 791 et
1096 755 1298 792 individuo-

241 819 325 844 rum
344 806 375 844 ²¹⁸.
411 807 523 844 Unde
551 806 662 850 actio,
683 814 719 843 et
746 819 815 855 per
842 819 1083 856 consequens
1101 807 1218 855 gratia
1251 808 1299 844 acl

240 859 364 910 ipsam
400 858 598 906 ordinans,
633 859 909 908 praesupponit
936 859 1181 908 ,hypostasim
1209 872 1299 908 ope-

241 919 399 949 rantem.
442 911 668 961 Hypostasis
700 919 829 948 autem
864 924 944 948 non
978 911 1301 961 praesupponitur

116 981 122 993 ν
172 980 178 987 ·
207 981 213 987 ·
240 964 279 1001 in
307 965 479 1001 humana
506 972 642 1001 natura
670 972 755 1001 ante
784 964 982 1011 unionem,
1011 972 1054 1001 ut
1082 977 1128 1001 ex
1152 964 1300 1013 supra*

240 1016 347 1054 dictis
374 1024 486 1066 patet.
530 1017 578 1053 Et
605 1016 692 1053 ideo
727 1016 844 1065 gratia
875 1017 1048 1060 unionis,
1085 1017 1297 1054 secundum

239 1069 484 1117 intellectum,
512 1069 704 1118 praecedit
731 1069 889 1117 gratiam
917 1069 1162 1106 habitualem.

245 1122 249 1126 ”
292 1123 350 1159 AD
370 1134 504 1159 PmMUM
523 1134 620 1159 ERGO
640 1134 819 1159 monimum
848 1122 955 1170 quod
986 1122 1221 1170 Augustinus
1249 1121 1301 1158 ibi

239 1173 398 1223 gratiam
418 1174 593 1211 nominat
611 1174 813 1222 gratuitam
833 1174 905 1211 Dei
923 1175 1162 1211 voluntatem
1182 1174 1301 1223 ‚gratis

239 1227 427 1264 beneficia
441 1226 672 1275 largientem.
694 1227 742 1264 Et
760 1234 917 1276 propter
935 1227 1011 1263 hoc
1030 1227 1166 1263 eadem
1185 1226 1301 1274 gratia

239 1279 329 1316 dicit
362 1279 564 1316 hominem
596 1291 884 1328 quemcumque
922 1278 1005 1315 fieri
1041 1278 1300 1315 Christianum

239 1344 317 1381 qua
335 1332 452 1380 gratia
478 1332 598 1368 factus
617 1339 672 1368 est
692 1331 865 1368 Christus
885 1332 1018 1377 homo,
1042 1331 1132 1380 quia
1153 1339 1300 1368 utrum-

239 1397 316 1434 que
350 1384 510 1432 gratuita
537 1384 609 1421 Dei
636 1385 851 1431 voluntate,
885 1384 1030 1433 absque
1058 1384 1219 1432 meritis,
1249 1385 1300 1420 fa-

239 1445 344 1474 ctum
373 1445 439 1474 est.

291 1491 348 1526 An
382 1502 572 1527 SECUNDUM
605 1502 786 1527 DICENDUM
821 1490 944 1539 quod,
974 1489 1070 1526 sicut
1103 1489 1299 1538 dispositio

290 1602 315 1637 ὃ)
339 1602 438 1628 Tertia.
455 1617 475 1621 -
496 1603 586 1628 Tertio
604 1603 686 1629 tertia.

1341 260 1631 298 ARTICULUS
1659 261 1741 298 XIII

1354 337 1391 374 in
1402 338 1464 374 via
1478 338 1730 386 generationis
1743 339 1935 387 praecedit
1948 339 2220 387 perfectionem
2236 342 2283 378 ad
2296 354 2415 390 quam

1353 390 1539 439 disposuit
1566 396 1578 412 ε
1606 391 1644 427 in
1677 391 1736 427 his
1769 403 1867 440 quae
1903 392 2115 428 successive
2151 393 2413 441 perficiuntur,

1353 442 1403 479 ita
1421 442 1640 479 naturaliter
1657 443 1930 492 perfectionem
1950 444 2122 492 sequitur
2140 457 2258 493 quam
2278 446 2414 495 aliquis

1353 494 1430 531 iam
1459 503 1688 532 consecutus
1716 503 1787 532 est:
1823 496 1918 533 sicut
1946 497 2065 542 calor,
2096 497 2162 545 qui
2190 497 2258 534 fuit
2285 499 2413 547 dispo-

1353 546 1436 583 sitio
1465 548 1513 584 ad
1541 548 1706 584 formam
1734 548 1847 596 ignis,
1884 556 1938 584 est
1973 549 2130 585 effectus
2166 549 2363 598 profluens
2392 564 2414 588 a

1351 600 1476 636 forma
1503 599 1598 648 ignis
1632 600 2030 649 iampraeexistentis.
2074 602 2256 638 Humana
2284 611 2414 640 autem

1352 659 1488 688 natura
1506 652 1545 688 in
1566 652 1716 689 Christo
1737 653 1843 689 unita
1862 661 1916 689 est
1934 665 2121 701 personae
2136 654 2251 690 Verbi
2271 667 2293 690 a
2311 655 2413 703 prin-

1353 703 1452 752 cipio
1481 704 1626 753 absque
1650 705 1902 742 successione.
1933 707 2043 742 Unde
2067 706 2184 753 gratia
2212 706 2413 744 habitualis

1353 768 1433 792 non
1461 756 1675 804 intelligitur
1708 765 1750 794 ut
1776 758 2008 806 praecedens
2036 758 2243 804 unionem,
2278 759 2344 795 sed
2371 767 2414 796 ut

1353 820 1593 858 consequens
1621 822 1726 856 eam,
1763 809 1858 846 sicut
1890 810 2082 859 quaedam
2109 811 2319 860 proprietas
2347 824 2413 848 na-

1352 861 1492 897 turalis.
1522 862 1633 898 Unde
1662 870 1698 898 et
1725 862 1960 910 Augustinus
1988 862 2088 910 dicit,
2118 863 2156 899 in
2175 864 2411 912 Enchirid.*,

1352 914 1458 961 quod
1485 916 1610 963 gratia
1638 920 1688 951 est
1716 915 1987 963 quodammodo
2011 916 2154 952 Christo
2177 917 2321 953 homini
2347 929 2412 954 na-

1352 966 1491 1002 turalis.

1406 1019 1462 1054 An
1490 1030 1648 1055 TERTmM
1675 1031 1855 1057 DICENDUM
1875 1020 1981 1068 quod
2005 1032 2214 1057 commune
2234 1029 2288 1057 est
2307 1021 2412 1070 prius

1352 1070 1509 1119 proprio
1543 1070 1574 1106 si
1602 1078 1809 1120 utrumque
1846 1071 1891 1108 sit
1923 1072 2037 1108 unius
2074 1073 2238 1121 generis:
2278 1074 2344 1110 sed
2373 1073 2413 1110 in

1355 1122 1413 1158 his
1441 1134 1540 1170 quae
1576 1130 1663 1159 sunt
1698 1123 1940 1160 diversorum
1968 1137 2173 1172 generum,
2203 1125 2297 1162 nihil
2324 1138 2412 1174 pro-

1354 1174 1458 1211 hibet
1485 1175 1684 1223 proprium
1713 1175 1819 1224 prius
1848 1189 1928 1213 esse
1958 1178 2168 1213 communi.
2199 1177 2327 1214 Gratia
2346 1191 2412 1215 au-

1353 1234 1431 1263 tem
1459 1227 1614 1263 unionis
1642 1240 1722 1264 non
1742 1235 1796 1264 est
1815 1228 1854 1264 in
1873 1240 2009 1276 genere
2034 1229 2172 1277 gratiae
2192 1229 2410 1267 habitualis:

1354 1279 1420 1316 sed
1449 1287 1504 1316 est
1532 1292 1647 1328 super
1675 1292 1791 1316 omne
1819 1293 1957 1328 genus,
1987 1281 2083 1318 sicut
2111 1289 2146 1318 et
2174 1281 2254 1330 ipsa
2283 1282 2413 1319 divina

1352 1344 1529 1381 persona.
1558 1333 1670 1369 Unde
1699 1333 1775 1369 hoc
1795 1334 1996 1382 proprium
2023 1333 2117 1370 nihil
2135 1334 2312 1383 prohibet
2331 1347 2412 1371 esse

1354 1384 1460 1433 prius
1488 1385 1706 1421 communi:
1737 1385 1828 1433 quia
1855 1398 1934 1422 non
1963 1399 2002 1423 se
2026 1387 2141 1423 habet
2167 1398 2236 1435 per
2254 1386 2412 1424 additio-

1354 1449 1446 1474 nem
1474 1437 1522 1474 ad
1551 1449 1772 1484 commune,
1802 1438 1869 1474 sed
1896 1439 2023 1487 potius
2045 1447 2100 1475 est
2126 1439 2357 1487 principium
2377 1447 2414 1476 et

1356 1489 1462 1537 origo
1492 1489 1573 1526 eius
1602 1490 1706 1538 quod
1737 1502 1946 1528 commune
1975 1499 2040 1528 est.

2346 265 2415 301 125

1322 1601 1325 1628 Ι
1404 1603 1426 1638 ε)
1447 1604 1585 1636 disposuit.
1603 1618 1623 1622 —
1641 1605 1756 1636 disponit
1776 1605 1908 1637 PDGIpl-I,
1928 1605 2052 1636 disponat
2071 1606 2118 1630 εΗ.

909 1673 1243 1706 Commentaria
1265 1674 1517 1706 Cardinalis
1539 1674 1740 1706 Caietani

298 1763 404 1783 nutus
433 1753 534 1783 clarus
557 1758 613 1783 est.
629 1771 652 1775 -
675 1752 710 1782 In
734 1762 869 1792 corpore
891 1753 1013 1783 articuli
1036 1753 1130 1782 unica
1153 1758 1199 1782 est
1222 1762 1299 1783 con-

240 1765 399 1827 Tclusio
427 1797 610 1837 responsiva
633 1796 795 1836 quaesito:
822 1796 937 1826 Gratia
963 1796 1092 1826 unionis
1115 1797 1147 1826 in
1171 1796 1298 1826 Christo

231 1841 401 1881 praecedit
419 1841 563 1882 gratiam
586 1840 779 1870 habitualem
803 1840 886 1875 eius,
912 1849 977 1870 non
1002 1840 1115 1870 ordine
1139 1840 1299 1880 temporis,

236 1885 293 1915 sed
316 1889 454 1915 naturae
476 1889 507 1915 et
522 1884 710 1915 intellectus.
740 1884 896 1914 Probatur
918 1884 1090 1923 tripliciter.

294 1929 416 1959 Primo.
440 1929 550 1959 Missio
574 1928 646 1958 Filii
670 1933 716 1958 est
738 1928 835 1968 prior,
859 1933 989 1958 naturae
1009 1927 1131 1963 ordine,
1147 1928 1299 1958 missione

237 1973 372 2014 Spiritus
387 1972 503 2004 Sancti.
527 1973 613 2012 Ergo
629 1972 726 2012 gratia
742 1972 881 2007 unionis,
899 1977 958 2002 etc.
971 1990 993 1993 —
1008 1971 1209 2002 Antecedens
1224 1981 1300 2011 pro-

237 2018 345 2048 batur:
370 2017 446 2057 quia
461 2016 595 2056 Spiritus
611 2016 745 2046 Sanctus
769 2015 914 2056 procedit
937 2020 1066 2046 naturae
1087 2015 1198 2046 ordine
1214 2026 1232 2045 a
1247 2016 1272 2045 F
1274 2016 1299 2045 i-

237 2061 293 2098 lio,
317 2066 348 2091 et
371 2060 498 2091 dilectio
522 2070 540 2090 a
563 2060 715 2100 sapientia
730 2060 757 2090 ἦ
780 2078 803 2081 -
827 2059 1068 2099 Consequentia
1097 2069 1189 2089 vero:
1225 2060 1299 2099 quia

237 2104 416 2136 secundum
431 2105 533 2145 ipsam
548 2105 704 2134 unionem
724 2103 894 2134 attenditur
912 2104 1021 2133 missio
1040 2103 1121 2139 Filii,
1139 2109 1170 2133 et
1186 2113 1299 2133 secun-

238 2148 317 2180 dum
339 2149 471 2188 gratiam
493 2148 687 2178 habitualem
706 2147 877 2177 attenditur
899 2148 1008 2177 missio
1025 2146 1159 2187 Spiritus
1183 2147 1298 2177 Sancti.

292 2192 356 2224 Ubi
379 2197 456 2223 nota
479 2191 569 2232 quod
592 2197 683 2222 caute
706 2191 849 2231 loquitur
871 2192 904 2221 in
927 2191 1029 2222 littera
1051 2191 1189 2227 Auctor,
1221 2190 1299 2221 dum

238 2237 405 2267 missiones
436 2235 560 2266 ordinat
590 2234 768 2266 secundum
793 2235 881 2275 prius
912 2240 943 2264 et
971 2235 1129 2274 posterius
1152 2240 1298 2264 naturae:

237 2281 458 2321 processiones
482 2285 589 2310 autem
607 2279 680 2309 Filii
696 2284 726 2309 et
742 2278 875 2319 Spiritus
891 2278 997 2309 Sancti
1021 2278 1145 2309 ordinat
1169 2278 1299 2318 quidem

238 2330 368 2355 naturae
400 2324 528 2360 ordine,
567 2322 622 2354 sed
652 2332 720 2352 non
744 2322 922 2353 secundum
951 2323 1038 2362 prius
1070 2328 1100 2353 et
1130 2323 1298 2362 posterius.

238 2368 332 2406 Quia,
356 2373 393 2398 ut
414 2368 448 2398 in
466 2378 506 2398 xx
522 2367 592 2398 dist.
609 2367 621 2397 I
638 2366 724 2397 Sent.
749 2366 872 2402 dicitur,
896 2367 930 2396 in
946 2366 1058 2396 divinis
1075 2371 1121 2396 est
1144 2366 1225 2397 ordo
1242 2376 1299 2396 na-

239 2417 347 2447 turae,
372 2421 437 2442 non
461 2421 523 2452 quo
547 2411 631 2442 alter
654 2415 700 2441 est
716 2410 815 2450 prior
836 2411 957 2446 altero,
984 2410 1040 2441 sed
1062 2420 1124 2450 quo
1148 2411 1233 2441 alter
1255 2415 1302 2441 est

238 2456 279 2487 ab
301 2456 415 2486 altero.
441 2456 609 2486 Missiones
632 2460 749 2490 autem,
774 2454 813 2484 ad
837 2464 874 2484 ea
897 2463 979 2494 quae
998 2459 1072 2484 sunt
1095 2459 1181 2484 extra
1195 2454 1300 2484 Trini-

238 2505 337 2531 tatem
365 2500 587 2540 respicientes,
617 2499 814 2539 prioritatem
845 2499 939 2528 etiam
970 2504 1001 2528 et
1034 2499 1300 2538 posterioritatem

238 2549 369 2574 naturae
391 2544 426 2574 in
448 2543 512 2574 suis
535 2543 709 2574 rationibus
733 2552 770 2572 ac
793 2543 886 2572 rebus
910 2542 1089 2572 admittunt.

294 2587 453 2618 Secundo.
483 2587 663 2617 Praesentia
692 2585 814 2617 deitatis
845 2592 891 2616 est
914 2587 1001 2626 prior
1027 2585 1197 2626 splendore
1222 2587 1299 2617 eius.

240 2630 303 2662 Sed
329 2631 407 2662 unio
439 2636 486 2661 est
512 2631 580 2671 ipsa
608 2630 800 2671 praesentia:
834 2631 931 2670 gratia
961 2630 1127 2660 habitualis
1151 2630 1301 2670 splendor

237 2676 317 2706 eius.
342 2675 438 2715 Ergo.

298 2719 417 2749 Tertio.
441 2719 546 2755 Actio,
563 2723 594 2748 et
608 2719 706 2758 gratia
721 2718 760 2748 ad
774 2719 877 2758 ipsam
893 2718 1051 2754 ordinans,
1071 2719 1301 2758 praesupponit

240 2763 446 2804 hypostasim.
463 2763 548 2802 Ergo
564 2763 662 2802 gratia
676 2762 842 2792 habitualis
857 2763 1087 2803 praesupponit
1101 2763 1266 2793 unionem.
1278 2781 1301 2784 —

239 2806 441 2838 Antecedens
464 2807 631 2846 probatur:
657 2807 733 2846 quia
751 2807 891 2836 actiones
906 2811 981 2836 sunt
1004 2807 1254 2846 suppositorum.
1277 2824 1301 2828 -

241 2850 482 2891 Consequentia
504 2859 597 2880 vero:
630 2850 706 2890 quia
727 2850 825 2889 gratia
847 2850 976 2880 unionis
1003 2849 1078 2880 facit
1103 2850 1300 2891 hypostasim

239 2895 274 2925 in
296 2900 408 2926 natura
430 2895 579 2925 humana.

295 2939 359 2970 Ubi
382 2943 474 2969 caute
497 2938 641 2978 perspice
672 2937 761 2977 quod
785 2936 871 2967 aliud
894 2942 941 2967 est
964 2937 1084 2973 dicere,
1108 2938 1184 2968 Non
1203 2947 1300 2978 prae-

239 2983 393 3024 supponit
413 2982 632 3023 hrpostasim:
662 2987 694 3011 et
716 2980 802 3012 aliud
825 2986 872 3011 est
894 2980 1015 3017 dicere,
1045 2982 1121 3012 Non
1143 2991 1301 3022 praesup-

235 3026 332 3067 ponit
352 3026 551 3067 hypostasim
575 3025 606 3055 in
632 3030 751 3056 natura
773 3025 924 3055 humana.
950 3024 1057 3055 Gratia
1072 3026 1157 3055 enim
1173 3026 1301 3056 unionis

240 3071 479 3111 praesupponit,
504 3079 571 3100 non
594 3069 668 3099 facit
690 3069 887 3110 hypostasim
910 3068 1006 3098 Verbi
1029 3069 1104 3105 Dei,
1129 3078 1211 3109 quae
1234 3069 1302 3099 sola

241 3115 275 3145 in
299 3113 426 3145 Christo
449 3114 627 3155 hypostasis
652 3118 713 3143 est:
745 3111 799 3143 sed
823 3111 934 3142 eadem
956 3113 1054 3151 gratia
1075 3113 1204 3143 unionis
1234 3122 1301 3142 non

241 3159 480 3198 praesupponit,
505 3157 560 3188 sed
583 3157 657 3187 facit
679 3157 713 3186 in
732 3156 858 3186 Christo
882 3155 1080 3195 hypostasim
1104 3156 1136 3186 in
1159 3157 1300 3186 humana

243 3206 372 3238 natura,
396 3201 474 3232 dum
497 3201 571 3232 facit
595 3200 684 3241 quod
707 3209 843 3240 persona
865 3199 937 3229 Filii
960 3199 1021 3229 Dei
1044 3200 1083 3229 sit
1105 3209 1172 3230 non
1195 3200 1301 3230 solum

241 3255 379 3286 persona
393 3246 509 3282 divina,
525 3245 581 3276 sed
597 3245 693 3276 etiam
707 3253 842 3284 persona
857 3244 1014 3278 humana;
1031 3242 1108 3273 dum
1124 3242 1198 3273 facit
1213 3243 1303 3283 quod

242 3290 389 3321 subsistat
410 3299 480 3320 non
501 3289 607 3320 solum
630 3289 664 3319 in
686 3294 797 3319 natura
816 3287 931 3322 divina,
955 3285 1010 3316 sed
1034 3287 1128 3316 etiam
1142 3287 1176 3316 in
1191 3292 1302 3317 natura

242 3334 391 3364 humana.
415 3333 456 3364 Et
477 3333 541 3364 hoc
565 3338 611 3364 est
635 3332 723 3372 quod
746 3333 779 3362 in
802 3332 903 3361 littera
926 3329 1054 3360 dicitur:
1081 3335 1111 3360 et
1126 3339 1221 3370 super
1239 3331 1302 3360 hoc

242 3377 322 3407 ratio
346 3376 505 3414 fundatur,
529 3375 696 3407 intendens
716 3375 804 3416 quod
820 3376 902 3405 actio
918 3374 1057 3404 humana
1073 3374 1226 3414 supponit
1244 3374 1302 3414 hy-

243 3421 396 3460 postasim
418 3421 602 3456 humanam,
618 3426 678 3451 etc.

300 3464 337 3495 11.
362 3465 398 3495 In
426 3465 635 3505 responsione
665 3463 705 3495 ad
731 3462 907 3494 secundum
938 3461 1081 3493 eiusdem
1104 3460 1301 3492 decimitertii

245 3507 377 3544 articuli,
401 3508 496 3539 habes
520 3508 609 3548 quod
631 3509 728 3548 gratia
752 3508 785 3538 in
805 3507 931 3537 Christo
955 3516 1022 3536 non
1037 3506 1132 3536 habet
1146 3505 1302 3535 rationem

245 3550 461 3591 dispositionis
488 3557 633 3592 respectu
657 3552 802 3582 unionis:
832 3550 886 3581 sed
909 3551 1003 3580 habet
1026 3550 1181 3580 rationem
1211 3554 1302 3579 natu-

1353 1753 1424 1782 ralis
1447 1753 1657 1792 proprietatis,
1681 1753 1763 1782 sicut
1786 1753 1872 1782 calor
1891 1762 2092 1792 consequens
2107 1752 2243 1784 formam
2258 1755 2348 1793 ignis.
2372 1755 2414 1785 Et

1353 1796 1416 1826 hoc
1439 1797 1520 1826 bene
1543 1802 1630 1826 nota.

1409 1840 1459 1870 III.
1484 1840 1519 1869 In
1542 1841 1752 1879 responsione
1775 1839 1815 1870 ad
1837 1840 1975 1875 tertium,
1993 1841 2130 1870 occurrit
2152 1840 2311 1871 reddenda
2333 1843 2412 1872 ratio

1353 1889 1401 1914 tot
1417 1883 1576 1914 dictorum
1592 1883 1631 1914 de
1647 1885 1743 1923 gratia
1762 1885 1899 1914 unionis
1925 1884 2047 1914 Dicitur
2063 1885 2149 1914 enim
2165 1884 2204 1915 de
2219 1885 2287 1924 ipsa
2302 1886 2334 1915 in
2350 1886 2414 1916 hoc

1353 1928 1497 1963 articulo,
1513 1928 1547 1958 in
1562 1928 1720 1967 principio
1744 1928 1897 1968 corporis,
1915 1928 2004 1967 quod
2023 1929 2120 1968 gratia
2138 1929 2266 1959 unionis
2283 1935 2329 1959 est
2345 1929 2414 1969 ipsa

1354 1972 1432 2002 unio
1439 1979 1452 2009 ;
1475 1977 1506 2001 et
1521 1973 1555 2001 in
1570 1972 1629 2002 hac
1644 1972 1863 2011 responsione,
1880 1971 1970 2011 quod
1989 1978 2035 2002 est
2053 1981 2153 2012 supra
2176 1982 2269 2002 omne
2290 1980 2414 2014 genus-,²

1354 2021 1385 2046 et
1412 2017 1445 2045 in
1469 2016 1601 2046 articulo
1624 2015 1797 2046 undecimo
1828 2017 1989 2046 huiusmet
2019 2017 2230 2056 quaestionis,
2255 2017 2344 2056 quod
2368 2023 2415 2047 est

1354 2059 1494 2100 infinita,
1518 2059 1692 2090 secundum
1718 2059 1804 2100 quod
1828 2060 1896 2099 ipsa
1913 2069 2058 2100 persona
2086 2060 2177 2090 Verbi
2200 2065 2246 2090 est
2269 2061 2414 2101 infinita;

1354 2109 1384 2133 et
1399 2104 1432 2133 in
1455 2103 1588 2133 articulo
1613 2108 1701 2133 sexto
1726 2104 1920 2143 quaestionis
1943 2109 2057 2140 sextae,
2074 2104 2107 2133 in
2124 2113 2268 2144 corpore,
2293 2104 2413 2134 dictum

1354 2152 1400 2177 est
1428 2146 1517 2186 quod
1546 2147 1643 2186 gratia
1673 2147 1802 2177 unionis
1830 2152 1876 2177 est
1904 2148 2006 2187 ipsum
2034 2157 2101 2178 esse
2124 2148 2300 2187 personale
2328 2148 2415 2188 quod

1351 2191 1457 2232 gratis
1473 2190 1625 2221 divinitus
1640 2190 1738 2220 datur
1752 2191 1912 2221 humanae
1935 2196 2073 2221 naturae
2088 2191 2120 2221 in
2140 2201 2284 2231 persona
2305 2192 2395 2222 Verbi
2401 2199 2414 2228 ,·

1354 2240 1385 2265 et
1399 2235 1433 2264 in
1448 2235 1580 2264 articulo
1605 2234 1799 2264 duodecimo
1824 2235 2018 2274 quaestionis
2034 2235 2202 2271 secundae,
2220 2235 2258 2266 ad
2273 2237 2411 2272 tertium,

1353 2278 1467 2309 dicitur
1491 2278 1580 2318 quod
1602 2279 1700 2317 gratia
1722 2278 1850 2308 unionis
1874 2284 1920 2308 est
1943 2284 2077 2309 causata
2100 2288 2120 2309 a
2144 2284 2212 2309 tota
2239 2280 2413 2317 Trinitate;

1354 2322 1443 2362 quod
1459 2327 1490 2352 et
1505 2323 1556 2352 hic
1579 2322 1756 2362 replicatur,
1773 2322 1806 2351 in
1822 2331 1958 2362 corpore
1976 2322 2106 2358 articuli,
2127 2322 2204 2353 dum
2220 2323 2412 2363 principium

1353 2367 1594 2406 appropriatum
1617 2366 1733 2405 gratiae
1756 2366 1884 2396 unionis
1907 2366 2038 2405 ponitur
2060 2375 2196 2405 persona
2219 2366 2299 2396 Filii.

1412 2410 1500 2440 Haec
1524 2410 1682 2450 siquidem
1706 2409 1788 2439 dicta
1810 2409 1883 2439 licet
1906 2409 2066 2439 dissonare
2089 2410 2170 2439 inter
2188 2419 2221 2440 se
2236 2409 2410 2446 videantur,

1353 2453 1445 2484 facile
1468 2460 1575 2484 tamen
1599 2453 1742 2483 distincte
1766 2454 2027 2493 perspicientibus
2051 2458 2180 2493 apparet
2203 2453 2292 2492 quod
2315 2454 2412 2492 gratia

1354 2499 1483 2528 unionis
1507 2497 1572 2528 duo
1595 2498 1629 2527 in
1652 2507 1685 2527 se
1709 2497 1841 2527 claudit:
1866 2497 1984 2527 scilicet
2007 2506 2074 2527 esse
2089 2497 2185 2527 Verbi
2207 2497 2412 2536 personaliter

1353 2542 1525 2572 terminans
1540 2542 1769 2572 humanitatem
1782 2540 1914 2577 Christi3
1932 2546 1963 2571 et
1978 2541 2256 2581 compositionem,
2266 2550 2322 2570 seu
2334 2550 2412 2570 con-

1354 2586 1553 2616 iunctionem
1579 2586 1755 2625 utriusque.
1785 2584 1853 2615 Nec
1876 2585 1993 2624 loquor
2017 2584 2055 2615 de
2078 2585 2309 2620 terminatione,
2334 2593 2412 2614 con-

1354 2630 1518 2660 iunctione
1541 2635 1595 2660 aut
1609 2630 1730 2659 unione
1747 2638 1829 2668 quae
1845 2634 1891 2659 est
1910 2629 2035 2659 relatio:
2060 2627 2115 2658 sed
2131 2628 2169 2658 de
2192 2627 2410 2663 fundamento,

1355 2673 1444 2714 quod
1467 2679 1513 2704 est
1537 2683 1604 2704 esse
1619 2673 1725 2703 Deum
1749 2678 1780 2703 et
1802 2673 1977 2708 hominem,
1995 2671 2083 2712 quod
2106 2677 2230 2702 constat
2253 2681 2319 2701 esse
2338 2672 2411 2701 sub-

1354 2718 1510 2753 stantiam,
1528 2723 1558 2747 et
1573 2716 1732 2757 praedicta
1752 2716 1817 2747 duo
1833 2717 1867 2746 in
1882 2726 1914 2746 se
1931 2716 2085 2751 claudere,
2102 2716 2220 2745 scilicet
2242 2724 2411 2754 personam

1354 2763 1476 2792 unitam
1489 2767 1520 2791 et
1531 2762 1633 2801 ipsam
1649 2761 1920 2791 coniunctionem.
1934 2760 1982 2790 De
1993 2758 2177 2789 huiusmodi
2194 2759 2278 2800 enim
2290 2759 2411 2789 unione

1354 2806 1388 2836 in
1411 2806 1512 2836 littera
1542 2805 1655 2835 dicitur
1678 2803 1767 2844 quod
1790 2809 1837 2834 est
1859 2813 1926 2834 esse
1954 2803 2134 2843 personale,
2159 2801 2248 2841 quod
2272 2808 2318 2832 est
2339 2801 2411 2832 infi-

1354 2850 1420 2879 nita
1443 2849 1625 2889 simpliciter
1648 2849 1728 2878 sicut
1750 2849 1818 2887 ipsa
1840 2856 1977 2886 persona
2000 2846 2113 2881 divina,
2137 2845 2226 2885 quod
2250 2851 2295 2875 est
2317 2854 2412 2885 supra

1355 2902 1452 2923 omne
1467 2902 1577 2933 genus.
1594 2892 1758 2930 Quoniam
1772 2892 1835 2921 hoc
1851 2889 2094 2920 fundamentum
2108 2889 2267 2919 relationis
2283 2890 2411 2919 unionis

1354 2937 1433 2967 nihil
1463 2936 1549 2966 aliud
1572 2941 1618 2966 est
1652 2945 1749 2975 quam
1776 2944 1878 2964 unum
1906 2943 1972 2964 esse
1996 2934 2102 2963 Deum
2132 2938 2163 2963 et
2190 2933 2355 2963 hominem
2378 2933 2411 2963 in

1355 2990 1423 3011 esse
1447 2981 1555 3010 divino
1578 2979 1747 3019 personali.
1783 2978 1891 3008 Unum
1919 2982 2043 3012 autem,
2075 2986 2150 3006 cum
2179 2976 2258 3006 nihil
2285 2977 2412 3015 positivi

1355 3024 1448 3055 addat
1471 3033 1566 3063 super
1589 3032 1644 3053 ens
1668 3021 1756 3062 quod
1779 3031 1882 3051 unum
1905 3020 2027 3057 dicitur,
2052 3026 2088 3051 ut
2108 3020 2221 3051 dicitur
2236 3020 2269 3050 in
2284 3020 2327 3050 IV
2342 3021 2412 3051 Me-

1356 3068 1480 3108 taphys.
1497 3069 1523 3103 Ψ,
1548 3075 1748 3105 consequens
1772 3071 1818 3095 est
1846 3064 1935 3104 quod
1964 3065 2042 3094 nihil
2065 3065 2098 3094 in
2122 3064 2288 3104 proposito
2319 3063 2413 3094 addat

1355 3121 1450 3151 super
1466 3120 1533 3141 esse
1548 3109 1715 3150 personale
1730 3109 1836 3139 Verbi.
1856 3109 1903 3138 Ac
1918 3118 1976 3148 per
1990 3108 2054 3138 hoc
2069 3108 2158 3144 unio,
2175 3117 2234 3147 pro
2251 3117 2310 3138 suo
2326 3107 2412 3147 prin-

1356 3155 1448 3195 cipali
1471 3159 1607 3194 sumpta,
1631 3153 1749 3183 scilicet
1772 3162 1830 3192 pro
1847 3153 1914 3192 ipsa
1930 3162 1963 3182 re
1986 3153 2019 3182 in
2041 3161 2105 3192 qua
2124 3152 2278 3182 uniuntur
2293 3156 2324 3181 et
2339 3157 2412 3181 sunt

1355 3208 1457 3229 unum
1473 3207 1538 3233 em,
1551 3207 1615 3227 una
1630 3206 1775 3236 persona,
1792 3196 1902 3226 ambae
1918 3201 2061 3226 naturae:
2074 3214 2097 3218 -
2111 3195 2234 3226 infinita
2250 3201 2304 3231 est,
2318 3204 2412 3235 supra

1356 3252 1452 3272 omne
1483 3250 1583 3281 genus
1607 3246 1662 3276 est,
1687 3250 1755 3270 esse
1777 3241 1874 3270 Verbi
1897 3245 1952 3276 est,
1978 3249 2044 3270 esse
2075 3239 2240 3279 personale
2264 3245 2319 3269 est.
2350 3239 2411 3269 Pro

1355 3296 1394 3316 eo
1411 3295 1487 3315 vero
1504 3284 1592 3324 quod
1608 3284 1693 3314 addit
1711 3285 1779 3324 ipsa
1794 3285 1872 3314 unio
1897 3293 1991 3324 super
2006 3293 2073 3314 rem
2089 3284 2122 3313 in
2138 3293 2202 3323 qua
2217 3288 2263 3314 est
2278 3283 2373 3313 unio:
2389 3301 2412 3305 —

1355 3329 1530 3369 temporale
1554 3327 1631 3368 quid
1655 3333 1717 3364 est;
1742 3333 1905 3358 causatum
1929 3338 1946 3358 a
1969 3333 2036 3358 tota
2059 3327 2212 3357 Trinitate
2235 3326 2412 3357 secundum

1355 3382 1437 3408 rem,
1465 3378 1496 3403 et
1525 3382 1581 3413 per
1611 3372 1902 3412 appropriationem
1929 3382 1946 3402 a
1973 3371 2070 3407 Fili03
2101 3371 2193 3410 gratis
2224 3379 2412 3401 concessum

1355 3417 1513 3447 humanae
1536 3421 1666 3446 naturae
1690 3421 1745 3446 est.
1773 3416 1821 3446 De
1845 3425 1911 3456 quo
1936 3415 2014 3455 quid
2037 3415 2084 3450 sit,
2109 3415 2252 3454 superius
2268 3414 2285 3430 ὃ·
2308 3413 2412 3444 decla-

1355 3466 1458 3491 ratum
1489 3465 1548 3496 est,
1572 3460 1773 3499 balbutiendo
1797 3461 1814 3476 ³*
1843 3466 1959 3490 tamen.
1982 3477 2006 3481 -
2033 3458 2186 3489 Consona
2216 3458 2310 3498 igitur
2339 3462 2413 3488 sunt

1356 3505 1464 3535 omnia
1487 3505 1635 3534 Auctoris
1663 3503 1744 3534 dicta
1768 3503 1806 3534 de
1830 3504 1950 3534 unione
1974 3512 2030 3533 seu
2053 3502 2181 3532 unionis
2207 3502 2313 3541 gratia,
2338 3510 2412 3531 sane

1356 3548 1523 3579 intellecta.

2441 867 2450 876 ⁸
2464 866 2521 894 Cap.
2536 873 2575 888 xi..

2439 3066 2451 3077 ⁸
2464 3065 2489 3087 S.
2499 3065 2543 3087 Th.
2557 3066 2610 3088 lect.
2620 3073 2649 3092 n:

2439 3091 2492 3114 Did.
2503 3091 2542 3113 lib.
2550 3092 2590 3117 111,
2599 3099 2625 3114 ca
2644 3109 2649 3114 .

2439 3124 2471 3165 {ti
2481 3125 2503 3139 n.
2513 3124 2552 3146 5.-
2562 3119 2598 3141 Cf.
2609 3119 2624 3140 li
2644 3135 2650 3141 .

2439 3146 2650 3218 5;.†¹²⁰·⁸'⁵¹'⁶‘¹³’¹³²‘3⁸3

2440 3413 2450 3423 ⁸
2466 3412 2514 3440 Qu.
2529 3418 2554 3434 ιι.

2441 3462 2497 3483 '’Cf.
2513 3462 2558 3483 Gre
2577 3477 2582 3482 .
2596 3461 2649 3482 Mo-

2440 3489 2487 3509 ral.
2502 3488 2541 3509 lib.
2577 3503 2583 3514 ‚
2598 3493 2648 3514 cap.

2440 3520 2517 3540 xxxvi,
2532 3514 2560 3535 al.
2575 3519 2635 3534 xxvi.
