2872 3970
161 502 171 511 ⁸
191 500 224 522 Cf.
246 500 277 521 ibi
298 500 370 521 Conr-

133 542 138 549 ι
162 531 231 548 ment.
248 532 310 548 num.
325 532 350 548 11.

159 1099 167 1109 ⁸
179 1099 214 1120 De
228 1098 286 1120 Fide
301 1098 367 1120 Orth.
413 1094 417 1099 '
432 1125 437 1138 x
453 1100 456 1103 “

158 1125 196 1146 lib.
213 1125 251 1151 111,
270 1131 319 1153 cap.
335 1131 368 1146 xi.

158 1310 168 1320 ⁴
183 1309 238 1336 Cap.
254 1315 288 1331 ιιι.

160 1415 223 1436 ‘Lib.
233 1415 270 1437 cit.
280 1421 367 1442 cap.v1.

157 1674 166 1682 ⁴
181 1673 287 1693 l‘aschas.
303 1673 366 1694 Diae.

157 1698 186 1720 de
200 1699 219 1719 S
233 1699 289 1720 iritu
304 1699 366 1720 San-

156 1728 201 1751 cto,
214 1705 255 1746 lib
271 1726 291 1746 11
300 1741 305 1750 ,
317 1731 366 1755 cap.

158 1758 207 1772 1v.-
224 1752 258 1773 (J.
277 1751 366 1773 Concu.

156 1778 289 1799 Francford.
330 1784 366 1799 an.

170 1811 209 1835 94.
219 1805 328 1831 Synodic.
339 1805 366 1825 ad

167 1831 235 1858 ¹pise.
248 1831 334 1852 Galliae
346 1835 367 1852 et

158 1857 266 1878 German.

157 1889 166 1898 ⁸
180 1888 322 1915 Fulgentius.

155 1941 164 1950 ⁴
184 1941 239 1967 Cap.
261 1946 317 1966 xvn,
338 1940 366 1961 al.

154 1972 200 1993 reg.
217 1973 264 1988 xiv.

402 253 452 288 74

400 407 489 448 quod
511 409 550 438 sit
573 413 674 438 creata
697 407 847 438 fruitione
871 408 930 438 Dei
954 408 1073 437 beatus.

453 452 506 482 XI.
524 452 559 482 In
574 452 782 491 responsione
798 451 837 481 ad
853 452 980 482 tertium
997 450 1138 481 eiusdem
1156 450 1288 485 articuli,
1301 455 1386 486 nota,
1404 459 1463 489 pro

398 497 559 536 sequentis
582 496 704 526 articuli
728 496 914 535 quaestione
934 497 960 530 ἦ
985 494 1073 534 quod
1096 495 1147 524 hic
1171 494 1304 524 habetur
1327 493 1416 533 quod
1438 494 1464 523 si

398 540 528 579 angelus
543 540 606 570 iam
623 545 745 570 creatus
768 545 987 574 assumeretur,
1005 538 1210 578 personalitas
1233 538 1301 568 eius
1322 547 1464 567 corrum-

1120 239 1382 286 QUAESTIO
1411 240 1479 287 lv,

456 321 632 350 Maximum
657 330 731 359 ergo
755 320 878 350 bonum
903 319 991 359 quod
1016 319 1159 349 Christus
1183 319 1286 353 habet,
1305 323 1351 348 est
1377 317 1466 357 quod

400 374 494 394 suum
518 374 578 405 ego
605 369 650 394 est
672 374 764 394 verus
788 364 884 394 Deus.
923 364 963 393 Et
986 373 1080 403 super
1111 372 1146 392 ac
1176 368 1249 402 post
1279 363 1341 392 hoc
1371 362 1466 391 habet

1509 240 1800 278 ARTICULUS
1829 243 1858 278 II

1519 323 1656 357 peretur,
1674 323 1783 359 ac‘per
1803 320 1867 350 hoc
1882 321 2002 361 aliquid
2017 321 2220 361 perfectionis
2236 322 2268 352 in
2292 327 2432 353 creatura
2455 332 2576 354 assum-

1519 367 1573 401 pta
1585 369 1849 402 corrumperetur.
1869 364 1917 394 Ex
1932 365 1995 395 hoc
2011 365 2095 395 enim
2112 366 2288 396 insinuatur
2299 366 2388 406 quod
2402 367 2575 407 personali-

1519 410 1565 435 tas
1580 406 1683 446 angeli
1699 407 1819 447 aliquid
1830 407 2033 447 perfectionis
2049 409 2134 440 addit
2149 419 2243 450 supra
2258 416 2402 440 naturam
2418 411 2530 450 angeli.

1574 449 1673 487 Quod
1693 451 1788 481 etiam
1799 451 1942 482 innuitur
1953 452 1993 483 de
2009 454 2098 483 omni
2116 454 2284 494 supposito
2297 460 2328 484 et
2346 463 2483 494 persona
2504 463 2576 485 sen-

1518 493 1673 529 tiendum,
1685 494 1763 524 dum
1778 496 1812 525 in
1826 497 2034 536 responsione
2050 497 2090 527 ad
2105 503 2253 537 quartum
2269 497 2399 528 dicitur:
2415 498 2574 540 Perfectio

1520 537 1662 568 universi
1685 548 1749 568 non
1765 544 1813 570 est
1826 540 1987 581 perfectio
2008 541 2104 572 unius
2117 551 2280 582 personae
2295 542 2345 572 vel
2365 541 2529 582 suppositi.

1160 704 1477 746 ARTICULUS
1508 705 1808 747 SECUNDUS

994 805 1151 836 UTRUM
1175 805 1311 836 Funus
1334 805 1406 835 DEI
1429 805 1723 836 ASSUMPSERIT
1745 806 1979 837 PERSONAM

1244 892 1276 917 111
1295 892 1378 922 Sent„
1398 893 1455 918 dist.
1474 901 1498 924 v,
1518 900 1562 926 qu.
1581 901 1617 922 ιιι,
1637 898 1683 919 art.
1701 893 1725 919 3.

606 997 628 1021 D
643 995 831 1021 SECUNDUM
847 995 898 1019 sm
913 993 1148 1019 puocamrua.
1170 981 1331 1018 Videtur
1351 981 1457 1030 quod

607 1036 724 1073 Filius
743 1035 815 1072 Dei
844 1033 1091 1083 assumpserit
1109 1045 1329 1083 personam.
1359 1033 1459 1071 Dicit

582 1089 711 1129 enim
739 1089 1015 1134 Damascenus,
1042 1086 1081 1123 in
1108 1087 1155 1124 III
1183 1086 1279 1124 libro
1298 1086 1329 1134 ³¹²,
1350 1087 1458 1136 quod

527 1154 541 1173 ν’
565 1135 724 1180 &Filius
743 1140 815 1178 Dei
843 1142 1035 1190 assumpsit
1053 1141 1259 1177 humanam
1284 1145 1458 1177 naturam

396 1198 433 1233 in
462 1201 598 1240 atomo,
619 1194 725 1240 idest,
747 1193 786 1230 in
810 1193 1022 1230 individuo.
1053 1193 1129 1230 Sed
1150 1192 1378 1230 individuum
1398 1205 1458 1229 ra-

395 1249 542 1286 tionalis
570 1254 726 1284 naturae
753 1253 808 1283 est
841 1257 1027 1295 persona:
1067 1252 1109 1281 ut
1136 1252 1238 1294 patet
1265 1256 1334 1294 per
1361 1246 1458 1281 Boe-

395 1301 504 1347 tium‚
526 1299 564 1337 in
593 1299 688 1336 libro
717 1299 762 1336 de
792 1300 947 1336 Duabus
965 1299 1122 1336 Naturis
1142 1297 1172 1334 ²¹⁸.
1210 1298 1311 1346 Ergo
1340 1297 1458 1334 Filius

396 1353 468 1391 Dei
496 1364 704 1402 personam
732 1350 948 1400 assumpsit.

451 1419 484 1443 2.
515 1407 745 1451 PRAETEREA,
766 1404 1031 1440 Damascenus
1059 1402 1186 1439 dicit*
1205 1402 1312 1451 quod
1340 1402 1458 1439 Filius

395 1458 466 1496 Dei
495 1459 686 1506 assumpsit
705 1469 749 1493 ea
778 1468 872 1505 quae
899 1457 936 1492 in
966 1461 1100 1492 natura
1120 1461 1246 1491 nostra
1263 1455 1456 1504 plantavit.

395 1510 582 1548 Plantavit
609 1517 738 1547 autem
768 1508 819 1544 ibi
853 1507 1173 1557 personalitatem.
1211 1508 1312 1555 Ergo
1341 1506 1458 1543 Filius

394 1563 467 1601 Dei
495 1561 700 1611 assumpsit
726 1573 946 1611 personam.

450 1617 484 1653 3.
514 1617 744 1661 PRAETEREA,
765 1613 859 1650 nihil
887 1611 1128 1650 consumitur
1155 1611 1226 1648 nisi
1255 1611 1362 1660 quod
1390 1619 1456 1648 est.

396 1669 472 1706 Sed
492 1667 740 1706 Innocentiusv
754 1667 799 1703 111
818 1666 838 1688 *
865 1665 964 1712 dicit,
995 1665 1034 1701 in
1062 1665 1231 1713 quadam
1259 1663 1457 1711 Decretali,

395 1722 502 1771 quod
525 1733 689 1771 persona
718 1721 789 1756 Dei
814 1719 1038 1767 consumpsit
1055 1729 1258 1766 personam
1286 1718 1456 1754 hominis.

395 1776 497 1822 Ergo
525 1773 678 1810 videtur
714 1772 820 1821 quod
849 1782 1015 1820 persona
1052 1769 1220 1806 hominis
1257 1769 1325 1805 fuit
1352 1769 1458 1818 prius

395 1834 603 1875 assumpta.

449 1880 522 1916 SED
543 1890 687 1916 CONTRA
706 1889 770 1914 EST
785 1876 892 1926 quod
907 1874 1143 1923 Augustinus
1157 1874 1177 1895 '¹‘
1191 1873 1290 1919 dicit,
1307 1873 1346 1910 in
1360 1873 1456 1910 libro

395 1933 440 1969 de
466 1932 558 1968 Fide
584 1932 635 1968 ad
659 1932 810 1967 Petrum
829 1929 858 1975 ²¹⁶,
879 1928 987 1977 quod
1014 1929 1115 1964 Deus
1138 1933 1311 1964 naturam
1339 1928 1456 1963 homi-

395 1987 451 2021 nis
478 1985 682 2034 assumpsit,
702 1995 776 2019 non
800 1993 1014 2031 personam.

448 2039 670 2074 Respommo
706 2046 886 2072 DICENDUM
915 2034 1022 2082 quod
1059 2032 1203 2081 aliquid
1236 2031 1373 2068 dicitur
1399 2043 1456 2067 as-

395 2089 495 2127 sumi
524 2102 569 2126 ex
596 2101 642 2126 eo
672 2087 778 2137 quod
798 2087 848 2124 ad
873 2086 1013 2135 aliquid
1037 2087 1203 2122 sumitur.
1233 2084 1344 2121 Unde
1364 2083 1456 2120 illud

394 2143 501 2192 quod
520 2140 728 2178 assumitur
749 2146 899 2189 oportet
926 2137 1171 2187 praeintelligi
1186 2135 1455 2185 assumptioni:

394 2195 490 2232 sicut
527 2194 565 2231 id
593 2194 700 2243 quod
738 2200 917 2229 movetur
955 2190 1122 2227 localiter
1150 2188 1460 2238 praeintelligitur

393 2247 464 2297 ipsi
493 2247 626 2284 motui.
666 2248 835 2282 Persona
873 2251 1004 2281 autem
1033 2255 1113 2279 non
1149 2241 1459 2291 praeintelligitur

393 2300 432 2337 in
452 2301 624 2336 humana
652 2306 788 2335 natura
807 2295 1073 2345 assumptioni,
1095 2295 1162 2332 sed
1190 2293 1310 2343 magis
1332 2306 1372 2330 se
1391 2294 1458 2331 ha-

1513 989 1578 1018 est.
1610 981 1650 1019 Si
1669 981 1773 1018 enim
1792 981 2160 1031 praeintelligeretur,
2176 984 2238 1020 vel
2257 991 2448 1033 oporteret
2466 986 2573 1034 quod

1513 1042 1843 1084 corrumperetur:
1886 1042 1923 1071 et
1959 1033 2012 1072 sic
2048 1035 2183 1072 frustra
2227 1043 2325 1072 esset
2364 1045 2570 1087 assumpta.

1512 1087 1583 1123 Vel
1602 1087 1709 1136 quod
1738 1095 1951 1124 remaneret
1971 1095 2058 1137 post
2085 1087 2292 1125 unionem:
2322 1096 2359 1126 et
2377 1087 2430 1126 sic
2449 1098 2574 1127 essent

1513 1140 1613 1176 duae
1641 1151 1840 1189 personae,
1861 1151 1940 1177 una
1967 1152 2168 1177 assumens
2195 1148 2232 1177 et
2259 1140 2572 1192 aliaassumptm

1513 1193 1620 1241 quod
1658 1200 1713 1229 est
1741 1204 1968 1239 erroneum,
1997 1200 2040 1229 ut
2075 1205 2192 1242 supra
2218 1193 2239 1215 *
2270 1201 2468 1231 ostensum
2505 1203 2570 1232 est.

1514 1245 1624 1282 Unde
1662 1245 1888 1294 relinquitur
1923 1246 2030 1294 quod
2058 1247 2164 1283 nullo
2197 1246 2318 1283 modo
2355 1246 2472 1284 Filius
2500 1246 2573 1285 Dei

1513 1297 1719 1347 assumpsit
1745 1298 1960 1335 humanam
1988 1309 2206 1347 personam.

1565 1351 1623 1387 AD
1651 1362 1786 1388 ptumum
1820 1362 1918 1388 anco
1946 1362 2127 1388 mCENDUM
2161 1351 2268 1400 quod
2295 1359 2472 1389 naturam
2500 1352 2571 1390 hu-

1513 1414 1671 1440 manam
1700 1402 1904 1452 assumpsit
1932 1402 2049 1440 Filius
2076 1403 2149 1440 Dei
2177 1405 2213 1440 in
2242 1409 2377 1450 atomo,
2398 1403 2504 1452 idest,
2534 1407 2572 1443 in

1513 1455 1699 1492 individuo
1719 1456 1817 1504 quod
1843 1468 1917 1492 non
1941 1461 1992 1492 est
2019 1456 2121 1492 aliud
2146 1468 2170 1493 a
2194 1454 2380 1506 'supposito
2408 1459 2573 1495 increato

1513 1508 1612 1556 quod
1637 1513 1688 1544 est
1709 1519 1873 1556 persona
1892 1509 1979 1545 Filii
1995 1509 2069 1544 Dei
2084 1507 2115 1544 *.
2152 1508 2264 1546 Unde
2293 1520 2373 1546 non
2401 1509 2573 1559 sequitur

1512 1559 1619 1608 quod
1647 1571 1813 1608 persona
1841 1559 1886 1596 sit
1913 1568 2120 1609 assumpta.

1565 1613 1622 1648 AD
1641 1624 1830 1650 SECUNDUM
1848 1624 2029 1650 nter-:noum
2049 1613 2155 1661 quod
2177 1621 2334 1651 naturae
2354 1622 2572 1664 assumptae

1512 1676 1592 1700 non
1620 1665 1726 1701 deest
1750 1664 1906 1714 propria
1932 1665 2181 1714 personalitas
2199 1673 2356 1715 propter
2381 1666 2573 1705 defectum

1512 1716 1671 1753 alicuius
1699 1717 1806 1766 quod
1826 1717 1874 1754 ad
1901 1717 2174 1766 perfectionem
2193 1719 2389 1756 humanae
2414 1726 2573 1757 naturae

1511 1768 1716 1818 pertineat:
1746 1770 1813 1806 sed
1831 1777 1988 1819 propter
2015 1769 2248 1808 additionem
2278 1770 2438 1808 alicuius
2465 1772 2573 1822 quod

1511 1829 1566 1857 est
1594 1833 1710 1870 supra
1737 1822 1953 1859 humanam
1981 1830 2169 1871 naturam,
2190 1824 2297 1872 quod
2326 1831 2381 1860 est
2399 1823 2493 1862 unio
2521 1824 2571 1863 ad

1510 1873 1683 1910 divinam
1710 1886 1930 1923 personam.

1564 1927 1621 1963 An
1648 1938 1806 1964 TERTIUM
1833 1939 2013 1965 montinum
2041 1928 2148 1977 quod
2172 1930 2401 1978 consumptio
2419 1928 2471 1966 ibi
2489 1941 2574 1967 non.

1511 1979 1691 2027 importat
1710 1979 2007 2017 destructionem
2021 1980 2179 2017 alicuius
2193 1981 2300 2029 quod
2313 1981 2420 2030 prius
2433 1981 2570 2019 fiderat:

1513 2032 1578 2068 sed
1608 2030 1896 2080 impeditionem
1918 2032 2000 2069 eius
2019 2033 2126 2082 quod
2153 2032 2259 2070 aliter
2285 2045 2366 2070 esse
2393 2041 2522 2083 posset
2539 2038 2569 2072 ⁶.

1513 2083 1552 2120 Si
1587 2083 1691 2120 enim
1726 2085 1899 2122 humana
1933 2092 2069 2122 natura
2096 2097 2176 2122 non
2204 2093 2300 2122 esset
2327 2093 2523 2135 assumpta
2548 2094 2573 2126 a

1512 2135 1642 2173 divina
1668 2148 1844 2185 persona,
1863 2145 1998 2174 natura
2019 2138 2192 2175 humana
2218 2137 2415 2187 propriam
2442 2150 2573 2188 perso-.

1511 2187 1704 2226 nalitatem
1731 2189 1898 2227 haberet.
1935 2191 1983 2227 Et
2009 2202 2081 2239 pro
2108 2198 2214 2227 tanto
2242 2189 2379 2228 dicitur
2408 2202 2574 2240 persona

1511 2243 1777 2291 consumpsisse
1788 2254 2004 2292 personam,
2021 2242 2105 2280 licet
2131 2242 2351 2292 improprie,
2371 2243 2463 2293 quia
2488 2255 2573 2294 per·-

1512 2306 1607 2330 sona
1642 2294 1773 2331 divina
1807 2307 1877 2332 sua
1904 2294 2049 2332 unione
2083 2294 2282 2344 impedivit
2315 2307 2365 2332 ne
2398 2296 2572 2334 humana

155 2351 363 2379 ‘Qu-¹¹¹¹³¹¹-¹‘²·
392 2353 455 2390 bet
483 2361 524 2389 ut
552 2351 738 2389 terminus
764 2348 1048 2398 assumptionis,
1069 2356 1112 2385 ut
1138 2359 1254 2396 supra
1274 2347 1294 2368 ’¹‘
1312 2346 1458 2384 dictum
1484 2363 1487 2390 ι
1512 2354 1648 2383 natura
1674 2346 1873 2396 propriam
1900 2347 2208 2397 personalitatem
2234 2347 2402 2385 haberet.

446 2486 472 2522 α)
491 2487 563 2512 sed...
578 2475 677 2518 p‘osset.
689 2499 708 2503 -
726 2484 828 2515 Tertia;
847 2483 1018 2508 secundum...
1034 2489 1086 2507 non
1101 2485 1192 2514 posset
1211 2482 1302 2514 prima,
1316 2481 1389 2506 sed...
1403 2488 1455 2506 non
1470 2484 1563 2513 posset
1581 2481 1632 2507 EF.

1067 2560 1401 2592 Oommontaxia
1423 2558 1676 2592 Garamans
1697 2559 1898 2592 Caietam

346 2637 349 2640 “
395 2654 559 2718 Ttrums
583 2643 705 2673 articuli
728 2641 860 2672 secundi
883 2642 956 2671 satis
979 2641 1080 2670 clarus
1103 2645 1150 2669 est
1173 2638 1280 2679 quoad
1299 2638 1375 2679 quid
1397 2648 1456 2668 no·-

453 2689 547 2719 minis
576 2696 731 2727 personae
754 2687 929 2716 humanae:
960 2684 1016 2714 sed
1039 2683 1147 2724 quoad
1169 2683 1246 2724 quid
1268 2683 1332 2718 rei,
1355 2683 1455 2722 longo
1508 2684 1587 2714 ratio
1610 2683 1708 2714 dubii.
1741 2684 1826 2722 Quia
1849 2690 1913 2714 tam
1943 2684 1977 2714 in
2004 2693 2139 2723 corpore
2169 2684 2309 2720 articuli,

393 2739 526 2764 tractatu
548 2733 582 2762 in
605 2732 668 2762 hoc
692 2731 824 2760 articulo
849 2728 1094 2769 perscrutandus
1118 2733 1174 2757 est.

450 2778 485 2807 In
509 2785 644 2815 corpore
659 2775 781 2805 articuli
804 2774 898 2804 unica
915 2778 962 2803 est
977 2772 1143 2802 conclusio
1159 2771 1343 2811 responsiva
1358 2779 1456 2810 quae-

394 2822 454 2851 sito
478 2821 637 2859 negative:
662 2819 766 2848 Filius
787 2818 850 2848 Dei
873 2817 963 2847 nullo
980 2815 1075 2846 modo
1092 2815 1264 2855 assumpsit
1279 2823 1455 2854 personam

394 2866 576 2895 humanam.
608 2863 772 2893 Probatur.
804 2861 885 2891 Illud
909 2860 998 2900 quod
1020 2860 1189 2890 assumitur
1216 2863 1344 2898 oportet
1365 2867 1455 2898 prae-

394 2909 525 2948 intelligi
548 2907 767 2946 assumptioni.
802 2906 941 2935 Persona
963 2914 1031 2934 non
1054 2903 1314 2944 praeintelligitur
1340 2903 1373 2932 in
1396 2902 1456 2932 hu-

394 2962 487 2983 mana
510 2957 620 2982 natura
643 2950 863 2990 assumptioni.
899 2949 996 2988 igitur
1025 2957 1162 2988 persona
1184 2956 1252 2977 non
1275 2947 1454 2976 assumitur.

450 2997 551 3026 Maior
574 3001 605 3025 et
627 2995 787 3034 probatur,
813 2993 887 3033 quia
910 2993 1027 3022 assumi
1051 2991 1171 3031 aliquid
1195 2990 1308 3021 dicitur
1324 2990 1399 3030 quia
1413 2989 1457 3020 ad

394 3040 517 3080 aliquid
539 3039 696 3070 sumitur:
724 3043 754 3067 et
777 3037 950 3067 declaratur
974 3036 1139 3075 exemplo,
1162 3035 1245 3066 sicut
1267 3034 1348 3064 illud
1370 3034 1456 3074 quod

394 3089 540 3114 movetur
556 3082 703 3112 localiter
725 3085 852 3120 oportet
864 3080 1088 3120 praeintelligi
1104 3079 1163 3119 ipsi
1179 3078 1289 3109 motui.
1307 3096 1331 3100 —
1349 3078 1456 3108 Minor

394 3134 545 3172 probatur
568 3130 716 3162 ducendo
740 3130 779 3160 ad
795 3130 1000 3168 impossibile.
1026 3129 1058 3159 Si
1074 3138 1210 3168 persona
1225 3127 1455 3168 praeintellige-

395 3182 489 3211 retur‚
514 3180 676 3215 oporteret
705 3175 806 3213 ipsam
829 3173 879 3202 vel
904 3174 1075 3212 corrumpi,
1107 3178 1137 3202 et
1160 3173 1204 3202 sic
1234 3171 1347 3202 frustra
1374 3177 1455 3201 esset

396 3225 572 3259 assumpta:
596 3218 646 3248 vel
662 3226 834 3252 remanere,
852 3222 882 3246 et
898 3217 941 3246 sic
958 3222 1061 3246 essent
1077 3216 1157 3246 duae
1173 3225 1343 3256 personae3
1366 3214 1455 3255 quod

397 3270 442 3294 est
466 3271 644 3297 erroneum,
670 3262 743 3301 quia
766 3269 833 3290 non
857 3265 938 3290 esset
960 3260 1038 3289 unio
1061 3260 1094 3289 in
1117 3269 1262 3299 persona.

453 3308 488 3337 11.
514 3307 548 3336 In
571 3307 633 3336 hoc
658 3305 790 3335 articulo
814 3303 958 3343 quaestio
982 3302 1165 3332 difficillima
1189 3304 1342 3333 occurrit:
1367 3302 1455 3340 Quid

397 3360 542 3390 persona,
566 3359 623 3380 seu
645 3348 833 3389 hypostasis,
858 3346 950 3376 addat
973 3355 1066 3385 supra
1089 3352 1233 3376 naturam
1252 3347 1453 3386 singularem.

398 3395 438 3424 Et
460 3395 523 3424 hoc
552 3399 616 3424 tam
648 3394 680 3422 in
703 3391 883 3422 substantiis
907 3390 1109 3430 compositi5‚
1134 3395 1225 3428 puta:
1254 3390 1340 3425 Quid
1366 3390 1456 3420 addit

398 3438 546 3467 Socrates
562 3446 660 3477 supra
675 3446 766 3466 suam
782 3436 865 3465 hanc
876 3433 1104 3464 humanitatem
1117 3434 1322 3472 compositam
1339 3443 1380 3463 ex
1394 3434 1455 3463 hac

399 3482 507 3511 anima
530 3486 560 3511 et
582 3481 642 3510 hoc
664 3479 827 3519 corpore?
850 3479 890 3508 Et
912 3477 1069 3507 similiter:
1097 3476 1182 3512 Quid
1209 3476 1298 3506 addit
1324 3477 1455 3507 Gabriel

398 3534 496 3565 supra
519 3534 610 3555 suam
635 3529 784 3554 naturam
807 3520 1034 3563 singularem?

1564 2639 1604 2669 Et
1629 2645 1675 2670 est
1698 2640 1875 2680 specialiter
1898 2649 1935 2670 ex
1958 2639 2062 2670 verbis
2084 2640 2180 2670 huius
2203 2640 2327 2671 articuli
2349 2641 2424 2671 hinc
2447 2646 2480 2672 et
2497 2639 2573 2672 inde

2333 2693 2431 2724 quam
2466 2685 2500 2716 in
2520 2693 2570 2716 re-

1508 2728 1683 2767 sponsione
1706 2727 1745 2758 ad
1767 2729 1912 2763 tertium,
1937 2728 2070 2758 habetur
2093 2727 2182 2767 quod
2205 2727 2291 2758 addit
2317 2727 2438 2768 aliquid
2458 2728 2574 2769 poetrica

1508 2781 1586 2802 vum
1601 2773 1633 2802 *2
1658 2771 1736 2802 dum
1752 2771 1866 2802 dicitur
1881 2773 1915 2788 *⁴*
1935 2771 2024 2811 quod
2034 2780 2210 2811 personam
2226 2777 2390 2812 oporteret
2405 2780 2445 2803 co
2547 2774 2561 2778 ”

1507 2816 1536 2846 si
1551 2818 1789 2855 praeexisteret
1810 2815 2022 2856 assumptioni
2045 2815 2147 2855 (quod
2170 2816 2203 2846 in
2218 2815 2420 2856 praecedenti
2437 2824 2571 2857 quoque
2595 2828 2618 2840 ⁸·

1508 2860 1641 2890 articulo
1657 2861 1673 2876 θ
1697 2859 1736 2890 de
1760 2859 1863 2899 angeli
1886 2869 2022 2899 persona
2045 2859 2166 2890 dictum
2188 2865 2244 2896 est,
2268 2869 2343 2890 cum
2365 2859 2573 2891 adiunctione

1509 2903 1597 2944 quod
1609 2904 1732 2944 aliquid
1736 2903 1950 2945 perfectionis
1961 2903 2251 2944 corrumperetur);
2269 2908 2300 2934 et
2310 2912 2419 2934 rursus
2428 2902 2568 2934 dicitur·
2622 2926 2629 2936 .

1508 2947 1598 2988 quod
1614 2957 1759 2988 persona
1782 2947 1892 2978 divina
1913 2957 1973 2978 sua
1996 2947 2116 2978 unione
2139 2947 2301 2987 impedivit
2321 2956 2362 2978 ne
2375 2951 2495 2978 natura
2508 2947 2569 2978 ltu·

1508 3001 1605 3022 mana
1622 2992 1793 3032 propriam
1810 2991 2077 3031 personalitatem
2099 2991 2248 3029 naheren
2270 2990 2398 3022 sienim
2419 2990 2499 3021 nihil
2513 2989 2568 3022 ad-

1508 3035 1605 3071 deret,
1629 3035 1895 3076 impedimentum
1917 3036 2019 3066 nihilo
2042 3036 2228 3076 praestitum
2251 3039 2342 3066 esset.

1563 3080 1599 3110 ln
1615 3081 1802 3120 oppositum
1817 3085 1925 3110 autem
1941 3085 2032 3110 sonat
2047 3080 2214 3119 responsio
2233 3077 2273 3109 ad
2287 3077 2465 3108 secundum
2476 3079 2504 3115 ‘‚
2520 3077 2568 3109 di-

1508 3133 1582 3154 cens
1610 3123 1698 3164 quod
1722 3129 1859 3154 naturae
1874 3128 2055 3164 assumptae
2077 3133 2142 3154 non
2158 3122 2245 3154 deest
2258 3121 2399 3163 propria
2407 3130 2568 3162 persona-

1508 3169 1582 3198 litas
1598 3173 1736 3208 propter
1752 3168 1911 3209 defectum
1925 3167 2064 3198 alicuius
2087 3166 2174 3208 quod
2193 3165 2237 3197 ad
2252 3165 2485 3207 perfectionem
2507 3165 2568 3196 hu-

1507 3222 1623 3243 manae
1646 3217 1783 3242 naturae
1799 3212 1971 3252 pertineat,
1989 3211 2046 3242 sed
2060 3215 2198 3251 propter
2218 3208 2423 3244 additionem.
2443 3214 2503 3240 etc.
2533 3209 2567 3240 Si

1508 3257 1593 3287 enim
1616 3266 1751 3296 persona
1775 3255 1901 3286 adderet
1924 3254 2043 3295 aliquid
2065 3254 2237 3294 positivum
2260 3261 2355 3293 supra
2376 3253 2459 3284 hanc
2472 3258 2566 3283 natu-

1507 3310 1584 3336 ram,
1608 3305 1771 3340 oporteret
1792 3299 1871 3330 illud
1894 3299 2002 3330 deesse
2021 3303 2152 3328 naturae
2166 3302 2362 3337 assumptae:
2387 3301 2418 3327 et
2440 3296 2485 3327 sic
2507 3295 2565 3327 fal-

1507 3354 1578 3375 sum
1602 3350 1683 3375 esset
1710 3343 1799 3384 quod
1821 3342 2026 3384 personalitas
2048 3340 2136 3373 deest
2156 3349 2224 3371 non
2246 3345 2378 3380 propter
2403 3338 2564 3371 defectum

1507 3389 1640 3419 alicuius
1656 3387 1746 3428 quod
1760 3387 1799 3418 ad
1814 3386 2044 3428 perfectionem
2059 3389 2188 3424 spectat.
2213 3382 2347 3414 Constat
2362 3383 2448 3414 enim
2464 3384 2563 3424 quod,

1507 3433 1532 3462 si
1556 3432 1760 3471 personalitas
1783 3431 1956 3471 positivum
1979 3427 2098 3469 aliquid
2113 3427 2208 3463 addit,
2231 3426 2311 3458 illud
2333 3426 2372 3458 ad
2394 3427 2564 3467 perfectio-

1507 3484 1581 3505 nem
1602 3480 1771 3515 spectaret:
1796 3483 1870 3505 cum
1885 3482 2022 3514 persona
2035 3470 2190 3512 significet
2205 3470 2470 3511 perfectissimum
2487 3471 2565 3512 quid

1507 3520 1539 3549 in
1562 3528 1676 3558 genere
1700 3518 1900 3549 substantiae.

2600 1202 2611 1213 ⁸
2626 1201 2674 1230 Qu.
2688 1207 2713 1230 ιι,
2729 1205 2772 1225 ιη.
2787 1202 2811 1225 6.

2599 1519 2654 1568 :defi
2659 1525 2700 1548 qu.
2707 1525 2732 1548 ιι,
2739 1524 2782 1543 ιη.
2789 1526 2810 1549 5,
