2872 3970
821 290 1083 338 QUAEsrlo
1113 291 1291 338 XXXIX,
1324 291 1615 328 AR‘rlcULUS
1643 292 1723 328 v111
2283 290 2356 338 395

118 370 155 423 ζ
204 383 280 412 mnt-
308 373 545 416 PRAETER'EA,
567 369 671 407 sicut
698 375 832 407 natura
864 368 955 405 nihil
971 369 1069 416 facit
1085 369 1246 416 frustra,
1303 369 1421 406 verba
1449 368 1683 417 Augustinus
1711 367 1858 405 subdit:
1889 369 1986 404 Sicut
2014 379 2087 404 non
2109 370 2297 417 oportebat
2324 374 2362 405 ut

126 427 153 464 ἶζζί
189 425 327 471 itunae
342 425 456 468 Deus,
470 430 525 460 ut?
545 422 682 461 dicitur
701 421 741 459 in
768 422 783 458 l
801 421 847 458 de
868 421 981 458 Caelo
999 420 1031 457 ²¹².
1061 421 1139 458 Sed
1157 432 1248 457 curn
1303 423 1469 459 homines
1476 422 1630 469 falleret
1642 421 1758 459 Filius
1775 422 1857 466 Dei,
1873 422 1925 462 sic
1943 422 2051 457 etiam
2071 433 2145 457 non
2174 423 2362 470 oportebat

120 474 372 518 '‘”ffmlumba
387 475 460 514 illa
486 486 567 513 non
594 473 790 512 advenerit
808 473 880 510 nisi
907 479 945 510 ut
971 474 1112 522 aliquid
1136 475 1248 522 signi·
1303 480 1343 510 ut
1357 475 1512 522 falleret
1538 475 1693 524 Spiritus
1720 475 1884 510 Sanctus.
1914 473 1986 510 Sed
2012 475 2251 522 omnipotenti
2267 475 2360 520 Deo,

176 530 322 581 >flueret
342 534 451 578 atque
471 528 712 576 praeteriret,
741 533 784 563 ut
809 525 1045 573 Augustinus
1073 525 1180 572 dicit,
1210 524 1249 562 in
1304 528 1367 576 qui
1393 529 1603 564 universam
1622 532 1831 564 creaturam
1852 538 1900 562 ex
1928 526 2040 562 nihilo
2050 527 2264 573 fabricavit,
2287 539 2361 563 non

123 578 289 628 ·Jlllbid'e?
306 583 342 620 T
336 582 408 619 rin.
428 579 460 624 ²¹⁸,
478 579 626 616 frustra
642 578 771 616 fuisset
802 590 894 615 vera
921 578 1120 616 columba:
1159 578 1249 626 quia
1304 585 1383 616 erat
1410 580 1560 627 difficile
1578 591 1707 616 verum
1735 590 1869 627 corpus
1887 578 2080 615 columbae
2106 580 2184 615 sine
2202 579 2362 616 aliarum

131 631 422 683 dweipsum
447 631 533 669 fleri
565 638 714 680 poterat
740 642 810 680 per
844 630 1047 668 columbae
1079 630 1249 668 similitu·
1305 632 1560 669 columbarum
1581 637 1598 653 ‘²
1625 633 1826 668 ministerio
1847 632 2046 680 figurare,
2074 633 2165 667 sicut
2193 644 2266 668 non
2285 632 2363 679 suit

133 683 174 700 ³
190 685 332 727 dim.
351 686 445 724 Non
464 695 554 732 ergo
573 683 635 721 illa
653 683 835 721 columba
853 683 921 720 fuit
938 695 1077 720 verum
1096 683 1248 720 animal.
1305 685 1340 720 ei
1365 685 1515 732 difficile
1541 696 1670 722 verum
1689 696 1824 733 corpus
1852 685 1888 720 in
1918 689 2019 720 utero
2038 685 2192 721 Mariae
2217 685 2296 720 sine
2313 686 2362 721 ui-

131 755 166 790 'i
205 738 548 783 „asismat-nm,
583 735 833 785 proprietates
867 735 1067 774 cuiuslibet
1097 735 1152 773 rei
1179 736 1250 773 du·
1306 737 1367 773 rili
1391 738 1530 773 semine
1547 738 1766 785 fabricare.-
1799 748 1883 773 cum
1916 742 2087 773 creatura
2121 748 2302 785 corporea
2331 743 2363 773 et

190 797 283 835 eunt
304 790 350 829 ἀεὶ
372 788 632 838 cognitionem
665 796 823 826 naturae
857 788 956 826 illius
983 789 1048 826 rei.
1092 788 1132 826 Si
1159 801 1256 837 ergo·
1306 791 1343 826 in
1362 791 1560 827 visceribus
1570 790 1742 838 feminae
1769 789 1819 826 ad
1834 789 2084 836 formandum
2112 790 2310 835 hominem,
2332 795 2364 825 et

232 841 246 853 “
279 847 323 881 ‘t
344 842 407 881 ina
432 841 614 881 columba
647 840 787 878 verum
815 841 973 888 animal,
1002 841 1250 891 proprietates
1306 844 1343 879 in
1370 844 1447 892 ipso
1475 842 1614 879 mundo
1633 842 1684 879 ad
1698 842 1947 890 formandum
1967 842 2188 888 columbam,
2209 843 2364 891 imperio

256 896 273 907 ⁶
320 895 394 934 bae
427 893 704 942 significassent
738 901 916 932 naturam
943 894 1025 931 veri
1057 894 1249 940 animalis,
1305 896 1460 932 Domini
1485 895 1732 944 voluntatique
1758 896 1919 932 serviret.

141 941 428 998 {uffinzautem
452 947 623 984 >effectus
660 946 822 996 Spiritus
859 946 998 984 Sancti.
1041 947 1133 984 Non
1161 958 1250 994 ergo
1359 949 1416 984 Αι)
1445 960 1579 984 PRIMUM
1607 959 1705 985 ERGO
1733 959 1913 984 mCENDUM
1941 948 2048 996 quod
2077 947 2237 996 Spiritus
2270 948 2364 984 San-

338 1007 341 1009 ·
364 999 476 1049 quod
503 998 565 1036 illa
592 999 773 1036 columba
799 999 910 1036 fuerit
932 1011 1070 1036 verum
1098 999 1250 1037 animal.
1307 1007 1388 1037 ctus
1409 999 1544 1037 dicitur
1572 999 1810 1037 descendisse
1829 1000 1869 1036 in
1888 1000 2012 1048 specie
2040 1001 2101 1036 vel
2121 1000 2364 1037 similitudine

217 1051 329 1093 τὶδίῐ)
348 1063 492 1090 CONTRA
519 1063 585 1089 EST
613 1051 720 1100 quod
747 1051 983 1100 Augustinus
1011 1051 1114 1098 dicit,
1144 1051 1183 1089 in
1211 1052 1252 1088 li-
1307 1053 1523 1097 columbae,
1539 1064 1619 1089 non
1637 1053 1687 1090 ad
1706 1053 1984 1089 excludendam
2002 1053 2199 1090 veritatem
2219 1054 2365 1089 colum.-

244 1104 336 1148 “ff-de
360 1105 497 1156 Agaue
527 1105 736 1142 Christiano
754 1103 792 1142 *ε
830 1105 964 1153 Neque
989 1106 1060 1142 hoc
1087 1106 1137 1142 ita
1164 1105 1251 1142 dici·
1279 1105 1281 1107 ’
1307 1105 1391 1150 bae,
1413 1105 1480 1141 sed
1499 1105 1548 1141 ad
1576 1105 1858 1142 ostendendum
1882 1105 1988 1154 quod
2017 1117 2096 1142 non
2124 1105 2298 1154 apparuit
2326 1105 2365 1142 in

264 1176 267 1178 μ
300 1163 338 1195 ut
354 1158 559 1195 Dominum
577 1158 702 1194 Iesum
720 1158 918 1195 *Christum
941 1157 1107 1194 dicamus
1132 1158 1252 1195 solum
1308 1157 1433 1206 specie
1462 1169 1554 1194 suae
1582 1157 1822 1194 substantiae.

235 1239 247 1245 Α.
340 1216 484 1260 corpus
509 1211 692 1255 hahuisse,
723 1211 898 1259 Spiritum
926 1215 1049 1247 autem
1077 1212 1252 1247 Sanctum
1361 1211 1418 1246 An
1446 1222 1635 1247 SECUNDUM
1668 1222 1848 1247 mcssNDUM
1883 1210 1990 1258 quod
2018 1221 2097 1246 non
2130 1210 2198 1246 fuit
2235 1222 2366 1259 super-

180 1263 375 1315 water
406 1265 624 1313 apparuisse
656 1262 772 1300 oculis
797 1264 1012 1300 hominum.-
1045 1263 1111 1299 sed
1142 1264 1253 1300 ambo
1308 1262 1436 1299 fluum
1469 1263 1634 1299 formare
1662 1274 1795 1299 veram
1831 1262 2053 1299 columbam
2074 1270 2116 1298 ut
2142 1262 2182 1298 in
2210 1275 2255 1311 ea
2283 1262 2366 1311 Spi-

266 1328 444 1366 ..corpora
470 1328 561 1354 vera
589 1328 667 1353 esse
692 1315 886 1352 credimus.
1309 1315 1401 1352 ritus
1430 1315 1591 1352 Sanctus
1619 1322 1837 1364 appareret:
1872 1315 1962 1364 quia
1989 1326 2058 1363 per
2085 1315 2207 1363 ipsam
2235 1315 2367 1352 verita-

256 1436 274 1469 32
295 1432 377 1460 non
410 1421 572 1459 decebat
598 1429 642 1458 ut
667 1421 786 1458 Filius
813 1421 896 1468 Dei,
926 1421 994 1470 qui
1025 1428 1081 1457 est
1107 1420 1254 1458 Veritas
1309 1429 1346 1458 et
1373 1421 1582 1458 effectuum
1610 1420 1703 1457 eius.

239 1480 243 1485 ”
283 1473 302 1482 ”
317 1504 326 1522 ,
345 1474 474 1524 aliqua
490 1474 646 1512 fictione
665 1482 850 1511 uteretur:
871 1482 908 1511 et
927 1474 1014 1511 ideo
1033 1485 1114 1510 non
1131 1475 1254 1523 phan-
1362 1474 1419 1510 AD
1446 1485 1606 1510 TERTIUM
1629 1486 1810 1511 meantium
1829 1474 1935 1522 quod
1954 1473 2202 1523 proprietates
2221 1474 2367 1510 colum-

191 1526 380 1574 Ut'teuntn
401 1527 470 1564 sed
487 1539 625 1564 verum
650 1539 791 1576 corpus
810 1527 964 1576 accepit.
993 1527 1042 1564 Et
1060 1526 1151 1576 quia
1171 1526 1255 1575 Spi-
1310 1526 1381 1563 bae
1410 1526 1551 1563 eodem
1578 1527 1698 1563 modo
1733 1526 1880 1563 ducunt
1906 1527 1956 1563 ad
1984 1526 2273 1575 significandam
2301 1538 2367 1562 na-

264 1602 272 1611 .
311 1581 483 1618 ,Sanctus
516 1580 654 1618 dicitur
689 1582 844 1630 Spiritus
878 1581 1056 1626 Veritatis,
1085 1587 1127 1616 ut
1153 1586 1256 1628 patet
1309 1586 1436 1616 turam
1465 1579 1680 1626 columbae,
1701 1586 1738 1616 et
1764 1579 1813 1616 ad
1833 1579 2086 1627 designandos
2108 1579 2264 1616 effectus
2285 1578 2368 1627 Spi—

304 1644 375 1671 ’κνι
393 1632 424 1680 ¹⁸,
444 1633 532 1670 ideo
552 1632 666 1670 etiam
684 1632 765 1682 ipse
784 1645 918 1670 veram
939 1632 1162 1669 columbam
1181 1632 1255 1669 for·
1311 1632 1403 1668 ritus
1432 1631 1570 1668 Sancti.
1599 1633 1673 1668 Per
1691 1633 1767 1668 hoc
1794 1631 1898 1668 enim
1926 1632 2032 1681 quod
2052 1632 2232 1669 columba
2254 1631 2369 1668 habet

299 1711 318 1727 μ
338 1684 380 1723 in
413 1697 507 1735 quau
522 1693 724 1735 appareret
747 1685 789 1732 *‚
818 1685 903 1723 licet
936 1697 1016 1722 non
1045 1691 1256 1722 assumeret
1310 1685 1402 1721 tales
1420 1684 1680 1733 proprietates,
1701 1684 1881 1733 contingit
1900 1683 1914 1714 β
1933 1685 2040 1734 quod
2059 1685 2240 1721 columba
2258 1683 2368 1732 signi-

300 1755 309 1771 ·
320 1764 323 1765 γ
336 1737 377 1775 in
395 1738 580 1776 unitatem
598 1749 797 1788 personae.
828 1739 939 1776 Unde
957 1746 1045 1788 post
1063 1738 1257 1787 praedicta
1311 1737 1400 1774 ficat
1429 1737 1614 1786 Spiritum
1643 1738 1828 1774 Sanctum
1846 1737 1877 1774 ²¹⁸.

236 1860 277 1900 'ij
292 1855 409 1904 aliarum
423 1867 614 1893 columbarum.
625 1881 645 1886 -
656 1868 771 1893 aliorum
785 1868 967 1893 columbarum
981 1867 1012 1897 G.
1026 1868 1140 1892 aliorum
1155 1869 1255 1893 colum·
1364 1866 1389 1902 β)
1408 1868 1548 1900 contingit.
1566 1881 1585 1885 —
1603 1867 1720 1892 ostendit
1737 1867 1811 1896 GHb,
1830 1867 1982 1892 ostenditur
2000 1867 2028 1892 P.

306 1904 330 1929 Η
349 1909 376 1929 et
393 1903 518 1928 editiones
524 1910 533 1933 ;
551 1903 687 1928 columbae
703 1904 787 1929 sine...
806 1911 896 1928 verum
914 1910 1011 1936 corpus
1030 1910 1085 1928 om.
1104 1903 1122 1928 1.

866 1992 1202 2024 commentaria
1223 1990 1475 2023 cardinalis
1492 1967 1698 2029 Caietani

234 2076 362 2111 v>rrimus
377 2078 488 2110 clarus
505 2078 642 2110 est.-1n
655 2087 790 2119 corpore
806 2088 870 2108 una
886 2078 1069 2109 conclusio:
1098 2077 1255 2108 Columba
1282 2085 1285 2136 1
1310 2078 1464 2118 scriptum
1488 2083 1535 2108 est
1549 2078 1576 2113 *‚
1605 2077 1739 2108 Verbum
1763 2087 1840 2108 caro
1855 2078 1986 2119 factum
2006 2083 2053 2108 est
2060 2085 2073 2115 ;
2096 2084 2127 2108 et
2147 2078 2220 2109 ideo
2245 2085 2373 2119 oportet

248 2123 268 2164 η’
311 2124 313 2126 ’
327 2124 402 2166 fuit
422 2132 534 2154 verum
552 2122 685 2153 animal.
710 2123 875 2157 Probatur.
901 2122 991 2153 Sicut
1005 2122 1127 2152 Veritas
1143 2131 1256 2152 verum
1310 2131 1418 2152 veram
1442 2131 1511 2152 esse
1534 2131 1671 2151 carnem.
1696 2121 1758 2151 Hic
1782 2127 1890 2152 autem
1913 2121 2036 2157 dicitur,
2053 2122 2136 2152 sicut
2158 2123 2315 2154 columba.
2332 2124 2373 2154 Et

295 2183 311 2195 ,ι
328 2176 372 2204 m,
395 2168 439 2198 ita
461 2167 595 2207 Spiritus
617 2167 764 2197 Veritatis
786 2175 895 2197 veram
918 2166 1112 2202 columbam,
1137 2166 1168 2196 in
1193 2175 1257 2205 qua
1311 2166 1466 2205 quoniam
1496 2175 1609 2196 omnes
1636 2165 1855 2205 Evangelistae
1887 2167 2083 2196 conveniunt
2109 2167 2143 2196 in
2166 2167 2372 2198 similitudine

187 2217 371 2255 metet,
387 2217 484 2242 οἵα-
497 2211 539 2242 Et
557 2210 764 2242 confirmatur
777 2211 850 2240 hoc
872 2210 1058 2240 auctoritate
1074 2210 1256 2250 Augustini.
1311 2210 1491 2245 columbae,
1508 2215 1539 2239 et
1557 2209 1664 2239 nullus
1687 2209 1763 2239 dicit
1786 2210 1986 2240 columbam:
2012 2210 2190 2241 Matthaeus
2213 2211 2372 2251 siquidem

233 2255 289 2302 ᾼΙ,
304 2257 321 2274 ⁴*
343 2255 482 2289 Adverte
505 2255 557 2286 hic
580 2254 670 2295 quod
692 2259 812 2285 tantam
834 2255 945 2285 habuit
966 2254 1090 2284 Auctor
1111 2263 1257 2284 reveren·
1311 2259 1342 2284 et
1371 2254 1475 2284 Lucas
1509 2253 1620 2283 dicunt
1652 2253 1735 2283 sicut
1769 2254 1932 2289 columba,
1963 2254 2088 2284 Marcus
2116 2254 2192 2285 dicit
2219 2260 2372 2296 tanquam

262 2297 278 2302 “’
297 2299 337 2331 ad
358 2299 576 2340 Augustinum
599 2304 635 2329 ut
657 2299 777 2338 absque
806 2298 1017 2339 trepidatione
1047 2298 1153 2338 aliqua
1177 2297 1257 2328 affir-
1311 2298 1474 2333 columba,
1507 2297 1642 2328 Ioannes
1676 2297 1752 2328 dicit
1784 2298 1877 2338 quasi
1910 2298 2056 2328 columba
2073 2299 2104 2328 ὓς
2129 2317 2152 2321 —
2174 2298 2247 2330 ideo
2277 2300 2372 2330 ratio-

250 2344 330 2375 verit
361 2343 545 2374 columbam
576 2343 663 2373 illam
693 2351 806 2372 verum
837 2341 934 2372 fuisse
966 2342 1099 2377 animal,
1127 2347 1258 2382 propter
1311 2342 1447 2372 nabilius
1477 2342 1640 2382 ingeniolo
1664 2351 1738 2371 meo
1762 2341 1886 2372 videtur
1909 2341 1948 2372 ad
1970 2342 2106 2372 litteram
2136 2344 2226 2383 sequi
2249 2349 2372 2374 textum

189 2380 368 2429 ⁴lsstigustini
397 2387 618 2418 auctoritatem
641 2387 749 2427 potius
776 2395 873 2426 quam
897 2386 980 2416 illius
1003 2386 1169 2421 rationem,
1194 2395 1258 2425 qua
1313 2387 1460 2416 omnium
1483 2386 1755 2425 Evangelistarum
1783 2395 1880 2425 quam
1903 2386 2008 2416 dicere
2031 2386 2120 2426 quod
2144 2386 2238 2417 fuerit
2259 2397 2372 2418 verum

144 2430 321 2470 {sanctor
334 2432 434 2462 utitur
449 2436 559 2462 contra
581 2441 672 2461 suam
694 2431 728 2461 in
745 2430 757 2460 1
774 2431 870 2466 Sent„
888 2430 958 2461 dist.
975 2440 1036 2466 xvn
1053 2435 1109 2460 art.
1124 2430 1153 2466 3,
1171 2430 1210 2460 ad
1227 2430 1256 2465 3,
1312 2430 1445 2460 animal:
1477 2439 1550 2460 cum
1575 2430 1670 2460 etiam
1694 2430 1872 2469 Scripturae
1897 2429 1976 2460 adsit
1999 2431 2167 2461 auctoritas
2191 2430 2229 2461 de
2254 2431 2372 2472 Spiritu

142 2464 397 2520 ’ἷρρίιιὶοηεπῃ
414 2485 478 2516 qua
499 2475 603 2506 tenuit
625 2475 810 2506 columbam
832 2474 919 2504 illam
941 2483 1009 2504 non
1031 2474 1128 2504 fuisse
1146 2483 1258 2504 verum
1312 2474 1429 2504 Sancto
1453 2475 1486 2504 in
1509 2474 1582 2514 igne
1602 2474 1699 2503 misso
1723 2473 1812 2513 quod
1835 2483 1902 2504 non
1917 2484 2010 2504 verus
2033 2475 2123 2514 ignis,
2141 2474 2196 2504 sed
2220 2480 2372 2516 tanquam

143 2521 183 2551 “-ῖ
192 2520 325 2562 ριιίῑωιΙ.
348 2520 390 2551 Et
411 2525 495 2550 certe
517 2520 596 2558 ratio
613 2518 705 2549 allata
724 2528 792 2549 non
808 2519 903 2559 cogit.
927 2518 1091 2556 Quoniam
1113 2518 1148 2548 in
1167 2518 1258 2548 nullo
1313 2518 1400 2559 ignis
1422 2517 1532 2554 fuerit3
1558 2519 1639 2548 sicut
1662 2527 1728 2548 non
1752 2517 1881 2548 fuerunt
1900 2527 1973 2548 vere
1995 2518 2134 2558 linguae,
2151 2518 2206 2549 sed
2228 2520 2373 2550 similitu-

152 2563 173 2572 ''
242 2564 330 2598 initui
343 2563 490 2597 Veritatis
512 2562 726 2604 pteiudicium
748 2562 784 2593 fit
799 2563 825 2593 si
840 2573 897 2603 per
915 2563 1056 2602 speciem
1079 2562 1258 2598 columbae,
1313 2562 1402 2593 dines
1425 2562 1616 2602 linguarum.
1644 2562 1815 2600 Quocirca,
1840 2562 1921 2592 sicut
1943 2563 2062 2602 absque
2093 2562 2214 2593 fallacia
2239 2563 2372 2603 Spiritus

193 2604 214 2631 †⁴
231 2609 233 2611 ’
253 2616 326 2639 non.
349 2608 452 2648 ipsam
482 2607 681 2643 columbam,
705 2607 895 2647 apparuerit.
927 2606 1016 2637 Sicut
1038 2607 1072 2636 in
1094 2606 1259 2646 Apostolis
1313 2606 1448 2637 Sanctus
1474 2607 1507 2636 in
1530 2607 1630 2646 igneis
1659 2606 1776 2646 linguis
1799 2607 1960 2646 apparuit,
1984 2616 2051 2636 non
2074 2607 2165 2641 veris,
2189 2607 2244 2637 sed
2267 2609 2373 2647 specie

141 2648 346 2695 ³3v³fflpparuit
367 2661 435 2682 non
450 2652 484 2682 in
499 2661 576 2682 vero
600 2652 684 2691 igne,
701 2650 756 2682 sed
779 2650 984 2681 similitudine
1007 2651 1098 2690 ignis.
1123 2651 1163 2680 Et
1179 2651 1260 2680 sicut
1313 2657 1406 2681 tenus
1429 2650 1474 2690 (et
1497 2650 1536 2680 de
1559 2651 1622 2680 hoc
1646 2650 1753 2680 nullus
1774 2650 1919 2689 dubitat),
1943 2651 1985 2680 ita
2008 2651 2041 2680 in
2064 2651 2170 2691 specie
2193 2651 2372 2687 columbae,

144 2689 276 2734 gathi·
292 2696 406 2727 dicitur
422 2701 574 2736 tanquam
601 2695 697 2736 ignis,
714 2695 757 2725 ita
775 2695 826 2725 hic
854 2694 968 2725 dicitur
993 2695 1077 2725 sicut
1101 2695 1258 2725 columba.
1315 2700 1346 2725 et
1375 2704 1442 2724 non
1470 2694 1621 2724 columba
1650 2695 1734 2734 ipsa,
1759 2695 1919 2734 apparuit:
1949 2695 2068 2725 eisdem
2096 2696 2181 2725 enim
2211 2696 2374 2725 vocabulis

140 2727 270 2779 {suec
300 2745 347 2771 est
376 2740 479 2771 simile
512 2739 552 2770 de
580 2740 732 2780 mysterio
765 2739 1008 2770 incarnationis:
1044 2739 1119 2778 quia
1150 2738 1188 2769 de
1220 2748 1259 2768 eo
1314 2738 1475 2778 Scn'ptura
1496 2738 1596 2768 utitur
1619 2738 1800 2778 utrobique.

150 2863 247 2892 ἰ
978 2892 1296 2934 ARTICULUS
1331 2891 1604 2933 OCTAVUS

446 2986 603 3018 UTRUM
627 2985 980 3021 CONVENIENTER,
1005 2985 1194 3016 CHRISTO
1217 2984 1473 3020 BAPTIZATO,
1497 2985 1656 3015 FUERIT
1680 2983 1770 3014 VOX
1793 2983 1944 3014 PATRIS
1967 2983 2133 3014 AUDITA

1041 3029 1191 3060 FILIUM
1213 3029 1541 3059 PROTESTANTIS

799 3107 873 3136 Infra,
893 3115 936 3139 qu.
954 3114 1011 3137 ην,
1031 3113 1076 3132 art.
1094 3115 1126 3138 43
1146 3115 1190 3139 qu.
1209 3114 1275 3137 ικνι,
1294 3111 1340 3132 art.
1361 3105 1391 3136 6;
1412 3106 1420 3130 l
1441 3106 1527 3134 Sent„
1548 3106 1606 3130 dist.
1625 3113 1674 3134 Χνι,
1694 3111 1739 3131 art.
1761 3105 1784 3130 3.

389 3209 395 3219 ι
416 3200 438 3224 ι)
459 3199 630 3224 οετΑνυΜ
648 3199 700 3224 Sic
720 3198 954 3224 Paocam‘run.
980 3186 1140 3223 Videtur
1158 3186 1263 3234 quod
1290 3186 1293 3238 J
1318 3194 1360 3222 ut
1387 3193 1487 3234 patet
1515 3197 1584 3233 per
1610 3184 1886 3232 Augusdnum,
1914 3184 1951 3220 in
1980 3185 2009 3221 11
2037 3185 2082 3221 de
2104 3187 2139 3221 T
2137 3187 2206 3221 rin.
2227 3184 2247 3206 ²¹²
2274 3186 2375 3233 Ergo

246 3203 268 3225 ⁹.
294 3206 307 3226 3«
323 3205 371 3227 vs·

238 3216 396 3299 ῖς
418 3238 748 3284 inconvenienter,
779 3239 930 3276 Christo
958 3238 1168 3287 baptizato,
1197 3238 1266 3275 fuit
1291 3241 1293 3284 Ι
1319 3238 1433 3274 etiam
1462 3249 1533 3274 nec
1560 3249 1755 3286 apparere.

235 3296 344 3343 '5:¹95
360 3303 496 3330 vox
523 3291 642 3329 Patris
677 3292 805 3329 audita
839 3291 980 3328 Filium
1013 3290 1263 3340 protestantis.
1374 3302 1407 3326 2.
1438 3291 1671 3336 Pmmmm,
1710 3302 1786 3326 vox
1821 3298 1875 3327 est
1912 3289 2157 3338 significativa
2193 3290 2300 3326 verbi
2337 3291 2375 3327 in

165 3385 178 3396 ‚,
233 3340 360 3378 1³⁹3)
376 3337 537 3382 Filius
557 3344 660 3382 enim
688 3352 724 3381 et
748 3343 908 3394 Spiritus
937 3345 1110 3388 Sanctus,
1132 3355 1265 3380 secun·
1320 3343 1434 3380 corde
1463 3342 1635 3391 concepti
1656 3348 1672 3364 ‘²
1691 3342 1721 3379 ²¹².
1758 3343 1835 3380 Sed
1862 3344 1974 3380 Pater
2000 3355 2080 3379 non
2108 3351 2163 3379 est
2190 3343 2374 3380 Verbum.

158 3412 163 3436 ¹.
210 3395 306 3435 dum
324 3397 400 3436 hoc
418 3397 523 3447 quod
553 3397 775 3434 sensibiliter
798 3404 1068 3446 apparuerunt,
1089 3396 1267 3432 dicuntur
1320 3396 1421 3443 Ergo
1450 3395 1763 3432 inconvenienter
1790 3395 2048 3432 manifestatur
2076 3395 2115 3431 in
2143 3407 2250 3432 voce.

210 3448 403 3494 visibiliter
420 3462 502 3487 esse
517 3450 632 3487 missi.
655 3450 731 3487 Sed
746 3449 846 3486 Patri
865 3461 945 3486 non
959 3449 1137 3486 convenit
1151 3448 1264 3485 mitti:
1377 3448 1410 3484 3.
1437 3449 1667 3495 PRAETEREA,
1683 3449 1804 3485 homo
1826 3448 1997 3485 Christus
2012 3461 2091 3485 non
2111 3447 2276 3497 incoepit
2295 3460 2376 3485 esse

265 3582 294 3617 α)
310 3585 438 3620 concepti.
454 3599 474 3604 —
491 3585 511 3610 F
530 3590 555 3610 et
573 3585 659 3615 tertia;
675 3584 813 3616 praecepti
831 3584 860 3613 E,
875 3584 995 3616 percepti
1014 3583 1099 3608 ceteri.

244 1369 469 1409 Rmonnsso
487 1380 669 1406 monimum
687 1368 806 1418 quod,
822 1367 919 1405 sicut
938 1380 1055 1417 supra
1069 1367 1089 1390 ²¹⁴
1108 1367 1254 1405 dictum
1309 1376 1387 1404 tem
1406 1368 1610 1405 columbae
1639 1367 1870 1415 significatur
1888 1367 2025 1404 veritas
2053 1367 2214 1416 Spiritus
2241 1368 2367 1405 Sancti

2495 1684 2504 1697 Γ

2397 1724 2407 1733 ·
2417 1723 2452 1744 Cf.
2464 1688 2508 1745 ΜΞ
2521 1729 2608 1751 praec„

2397 1749 2425 1770 ad
2439 1757 2461 1776 4.

2400 2083 2409 2094 ⁸
2429 2082 2493 2104 loan.
2517 2088 2568 2110 cap.
2591 2089 2611 2111 ι,

2399 2115 2458 2131 vers.
2476 2117 2510 2135 ¹4·

2399 2303 2409 2313 ⁸
2423 2302 2503 2324 Mattb.
2517 2308 2543 2324 ca
2563 2319 2568 2324 .
2579 2308 2612 2330 ιιι,

2399 2335 2457 2350 vers.
2480 2329 2518 2352 26:
2540 2309 2610 2351 flare.

2399 2361 2449 2381 cap.
2465 2361 2481 2382 ι,
2496 2362 2554 2377 vers.
2571 2362 2611 2382 ¹⁰3

2399 2381 2452 2403 Luc.
2460 2387 2510 2409 cap.
2517 2388 2546 2408 ιιι,
2552 2388 2610 2403 vers.

2398 2413 2436 2433 22;
2454 2408 2518 2429 Ioan.
2533 2414 2583 2435 cap.
2595 2414 2611 2436 ι,

2398 2440 2457 2455 vers.
2472 2440 2506 2463 3²-

2405 3192 2413 3200 ·
2428 3190 2484 3218 Cap.
2500 3197 2521 3217 v,
2536 3196 2578 3212 χιι.

2499 3358 2515 3373 α

2404 3383 2414 3393 ’
2432 3382 2527 3404 Atisim.
2548 3382 2615 3403 Peri-

2405 3409 2552 3433 herm.lib.1,
2564 3414 2589 3429 ca
2609 3424 2614 3429 .

2405 3442 2420 3461 ι,
2432 3442 2454 3456 ιι.
2469 3441 2488 3457 2.
2505 3447 2515 3451 -
2531 3435 2554 3456 S.
2569 3434 2615 3455 T1.

2403 3462 2454 3483 lect.
2471 3468 2495 3483 ιι.
