2872 3970
912 272 1173 319 QUAESTIO
1202 273 1288 320 XL,
1318 273 1610 311 ARTICULUS
1637 274 1652 310 1
2293 270 2368 318 397

733 479 1146 555 QUAESTIO
1170 480 1832 556 ,QUADRAGESIMA

617 606 707 647 DE
748 605 949 647 MODO
998 606 1616 650 CONVERSATIONIS
1664 607 1941 650 CHRISTI

981 722 1015 747 IN
1045 722 1216 753 QUATUOR
1242 722 1442 748 ARTICULOS
1469 723 1582 749 DNISA

249 801 308 863 ,in
325 825 547 859 sEQuENTER,
579 821 666 863 post
700 826 745 851 ea
773 826 872 863 quae
904 813 1094 863 pertinent
1121 815 1171 851 ad
1198 814 1251 851 in-
1360 805 1511 852 Primoss
1543 823 1674 852 utrum
1694 815 1865 852 Christus
1885 815 2058 852 debuerit
2085 814 2291 852 solitariam
2309 815 2364 852 vi·-

483 865 623 904 Christi
662 865 702 903 in
742 866 937 904 mundum
977 868 1039 904 vel
1080 867 1128 904 ad
1170 867 1251 903 eius
1412 875 1489 904 tam
1519 868 1671 914 ducere,
1691 880 1741 905 an
1769 867 1865 904 inter
1885 868 2063 906 homines
2081 867 2309 905 conversari.

157 915 444 973 ῖμῃηείρὶιιῐη,
474 918 801 956 considerandum
828 926 941 956 restat
969 919 1016 957 de
1053 919 1113 956 his
1150 931 1250 968 quae
1330 951 1334 954 .
1360 920 1561 958 Secundo:
1591 927 1722 957 utrum
1750 920 1923 957 debuerit
1941 928 2131 958 austeram
2155 920 2273 958 vitam
2293 920 2369 959 du-,

162 969 190 994 ²³·
218 979 220 981 ’
316 979 381 1011 ent
398 971 448 1009 ad
473 983 721 1021 progressum
738 971 857 1020 ipsius
874 971 905 1008 ²⁸.
935 972 984 1008 Et
1001 971 1140 1031 primo,
1160 984 1251 1009 con-
1411 984 1496 1009 cere
1515 972 1554 1008 in
1581 972 1667 1009 cibo
1688 980 1724 1009 et
1741 981 1836 1022 potu
1865 981 1900 1010 et
1919 973 2067 1019 vestitu,
2089 985 2138 1010 an
2158 973 2238 1010 aliis
2257 985 2363 1010 com-

274 1067 284 1073 ,ρ
343 1024 439 1062 dum
467 1031 522 1061 est
549 1024 597 1061 de
630 1023 751 1061 modo
786 1023 1085 1061 conversationis
1112 1024 1249 1073 ipsius3
1410 1037 1583 1063 munem.

244 1094 259 1107 u
294 1077 376 1122 ·do,
404 1077 453 1114 de
479 1076 684 1114 tentatione
717 1076 799 1113 eius
782 1076 854 1150 *ἔς
888 1076 1009 1122 tertio,
1038 1077 1086 1114 de
1115 1076 1250 1114 doctri·
1357 1077 1508 1114 Tertio:
1538 1085 1669 1114 utrum
1697 1077 1869 1115 debuerit
1897 1078 2040 1116 abiecte
2063 1078 2192 1115 vivere
2221 1077 2260 1115 in
2287 1078 2363 1115 hoc

237 1122 302 1176 >⁴¹;
326 1137 476 1180 quarto,
496 1129 544 1166 de
572 1128 823 1166 miraculis*
1409 1129 1570 1175 mundo,
1591 1142 1640 1166 an
1669 1142 1759 1167 cum
1780 1136 1796 1151 α
1824 1130 1961 1167 divitiis
1989 1139 2024 1167 et
2051 1131 2210 1168 honore.

289 1199 294 1204 ·
330 1182 501 1232 primum
528 1189 767 1231 quaeruntur
794 1189 971 1230 quatuor.
1358 1182 1523 1228 Quarto:
1539 1189 1670 1219 utrum
1680 1182 1853 1220 debuerit
1862 1183 2078 1220 secundum
2087 1184 2210 1231 legem
2219 1183 2360 1220 vivere.

1003 1299 1322 1341 ARTICULUS
1355 1299 1560 1340 PRIMUS

299 1400 425 1436 ztRuM
447 1399 660 1433 CHRISTUS
681 1400 903 1432 DEBUERIT
927 1400 1060 1431 INTER
1082 1399 1279 1431 HOMINES
1303 1400 1587 1436 CONVERSARI,
1611 1400 1671 1431 AN
1694 1400 1959 1431 SOLITARIAM
1982 1401 2128 1432 AGERE
2152 1402 2291 1435 VITAM

1049 1477 1084 1502 11·
1102 1477 1158 1509 11¹⁸,
1178 1486 1222 1510 qu.
1240 1485 1297 1508 xxV,
1317 1483 1364 1504 art.
1383 1477 1408 1509 6,
1428 1479 1459 1503 ad
1481 1478 1504 1504 5.

307 1549 376 1630 {Q
401 1578 424 1603 D
452 1577 587 1604 ptumum
615 1577 667 1603 s1c
694 1577 930 1604 PROCEDrrUR.
958 1565 1120 1603 Videtur
1143 1566 1250 1615 quod
1303 1566 1385 1603 talis
1413 1566 1546 1603 debuit
1572 1578 1653 1605 esse
1679 1574 1722 1605 ut
1749 1567 1970 1605 conveniret
1987 1567 2056 1604 fini
2083 1567 2362 1615 incarnationis,

315 1619 373 1666 Ι’3
402 1618 575 1656 Christus
611 1630 693 1656 non
729 1618 904 1655 debuerit
938 1618 1036 1655 inter
1071 1618 1250 1656 homines
1304 1619 1519 1656 secundum
1539 1631 1658 1678 quam
1683 1619 1787 1656 venit
1805 1619 1845 1656 in
1868 1621 2073 1657 mundum.
2102 1620 2215 1657 Venit
2233 1629 2363 1659 autem

352 1680 372 1721 (¹.
385 1671 631 1719 conversari,
651 1671 719 1708 sed
747 1671 953 1708 solitariam
981 1683 1091 1719 agere
1118 1671 1247 1708 vitam.
1304 1671 1343 1708 in
1371 1672 1576 1717 mundum,
1601 1671 1727 1730 primo
1763 1672 1937 1724 quidem,
1965 1673 2013 1710 ad
2041 1673 2362 1711 manifestandum

331 1755 334 1757 .
360 1718 616 1775 xx§Oportebat
634 1724 738 1761 enim
756 1724 864 1773 quod
879 1723 1052 1761 Christus
1071 1736 1140 1761 sua
1159 1736 1249 1761 con·
1303 1724 1518 1761 veritatem:
1549 1724 1645 1761 sicut
1671 1724 1751 1773 ipse
1781 1725 1879 1771 dicit,
1906 1726 2008 1762 Ioan.
2037 1737 2118 1762 xvm
2143 1725 2182 1762 *ε
2217 1727 2265 1762 In
2293 1727 2400 1763 hoc·

309 1828 405 1867 tiam
420 1829 560 1868 Deum.
591 1829 667 1868 Sed
695 1829 825 1867 Deum
843 1841 924 1867 non
951 1829 1132 1867 convenit
1158 1841 1250 1873 cum
1305 1831 1407 1867 nium
1438 1806 1657 1878 perhibeam
1690 1831 1844 1867 veritati.
1887 1831 1935 1867 Et
1961 1826 2049 1867 ideo
2086 1842 2166 1867 non
2200 1831 2364 1868 debebat

300 1882 413 1919 nibus
449 1882 686 1919 conversari:
725 1881 862 1919 dicitur
898 1881 1001 1918 enirn
1033 1882 1131 1918 Dan.
1160 1894 1182 1918 11
1208 1881 1248 1918 *ε
1305 1893 1344 1918 se
1373 1882 1574 1927 occultare,
1593 1881 1712 1918 vitam
1740 1882 1945 1919 solitariam
1974 1894 2102 1930 agens,
2130 1883 2197 1919 sed
2225 1882 2264 1919 in
2291 1895 2362 1932 pu-

305 1937 363 1972 tis
387 1935 465 1982 diis,
486 1947 644 1984 quorum
664 1947 738 1971 non
758 1940 809 1971 est
835 1947 920 1971 cum
939 1935 1147 1971 hominibus
1165 1947 1249 1971 con·
1305 1934 1448 1971 blicum
1476 1934 1702 1983 procedere,
1731 1934 1883 1984 publice
1918 1934 2187 1984 praedicando.
2229 1936 2361 1983 Unde,

318 1989 370 2033 “;
396 1995 433 2024 et
459 1987 718 2037 Philosophus
745 1986 846 2032 dicit,
865 1986 905 2024 in
933 1987 1070 2024 IPolit.
1090 1986 1122 2033 ³⁸,
1142 1987 1250 2036 quod
1304 1988 1399 2023 Luc.
1420 1999 1456 2024 ιν
1472 1986 1508 2034 *,
1538 1986 1627 2024 dicit
1654 1986 1724 2024 illis
1752 1986 1819 2036 qui
1845 1987 2026 2024 volebant
2053 1999 2144 2024 eum
2172 1987 2360 2025 detinere:

304 2038 346 2081 u'i
373 2040 560 2080 solitarius
586 2039 696 2086 vivit,
726 2046 790 2079 aut
817 2046 868 2077 est
901 2041 1027 2085 bestia,
1055 2040 1085 2076 si
1113 2039 1251 2076 scilicet
1311 2040 1408 2082 Quia
1435 2045 1468 2076 et
1495 2040 1577 2076 aliis
1610 2041 1811 2077 civitatibus
1845 2046 1985 2089 oportet
2011 2053 2071 2077 me
2107 2041 2363 2090 evangelizare

305 2104 348 2131 er
373 2092 570 2138 saevitiam
587 2093 664 2130 hoc
689 2091 810 2138 faciat,
830 2098 893 2130 aut
919 2098 970 2129 est
996 2092 1095 2138 deus,
1116 2092 1148 2128 si
1174 2092 1250 2129 hoc
1305 2103 1466 2142 regnum
1493 2093 1568 2129 Dei
1575 2105 1586 2128 .-
1613 2094 1699 2141 quia
1727 2092 1807 2129 ideo
1834 2094 1965 2130 missus
1989 2105 2082 2130 sum.

332 2153 488 2196 propter
522 2145 860 2194 contemplandam
893 2144 1103 2181 veritatem.
1147 2145 1248 2192 Ergo
1358 2145 1549 2190 Secundo,
1569 2144 1673 2181 venit
1700 2145 1749 2181 ad
1777 2146 1852 2181 hoc
1878 2152 1921 2181 ut
1952 2145 2129 2182 homines
2156 2157 2178 2182 a
2205 2153 2361 2194 peccato

322 2197 467 2248 r-,quod
493 2210 574 2235 non
592 2198 703 2235 fuerit
721 2197 955 2235 conveniens
979 2197 1175 2234 Christum
1193 2196 1248 2233 in·
1304 2196 1495 2234 liberaret:
1525 2197 1741 2233 secundum
1759 2196 1852 2233 illud
1870 2198 1884 2233 I
1908 2199 2001 2234 Tim.
2022 2210 2032 2234 1
2050 2197 2087 2234 *ε
2122 2199 2285 2235 Christus
2302 2200 2360 2235 Ie-

251 2251 450 2290 *homines
477 2250 706 2289 conversari.
1303 2262 1363 2286 sus
1389 2252 1486 2287 venit
1513 2251 1550 2286 in
1579 2250 1677 2286 hunc
1703 2250 1883 2286 mundum
1910 2256 2125 2299 peccatores
2156 2251 2277 2288 salvos
2293 2252 2360 2311 sa-

238 2302 281 2343 ⁴2.
309 2305 539 2351 PRAETEREA,
561 2303 746 2348 Christus,
769 2303 864 2340 dum
892 2303 931 2340 in
958 2314 1071 2340 carne
1099 2302 1249 2340 mortali
1303 2314 1398 2339 cere.
1428 2303 1476 2339 Et
1503 2301 1610 2348 ideo,
1641 2309 1683 2338 ut
1711 2301 2010 2351 chrysostomus
2038 2302 2126 2339 dicit
2144 2302 2183 2349 ³¹⁶,
2212 2303 2294 2340 licet
2321 2305 2359 2340 in

257 2356 294 2403 t,
322 2357 454 2395 debuit
480 2356 792 2406 perfectissimam
819 2355 938 2392 vitam
967 2355 1117 2392 ducere.
1161 2356 1248 2391 Per·
1304 2355 1431 2392 eodem
1459 2355 1540 2392 loco
1559 2355 1744 2391 manendo
1767 2361 1888 2404 posset
1911 2356 2074 2392 Christus
2101 2367 2228 2392 omnes
2255 2355 2306 2392 ad
2320 2368 2360 2393 se

153 2448 178 2459 ,Ἴ
265 2398 392 2455 'asima
426 2417 557 2446 autem
584 2409 661 2446 vita
697 2416 752 2445 est
788 2407 1102 2457 contemplativa:
1141 2415 1183 2444 ut
1209 2408 1248 2444 in
1303 2409 1504 2453 attrahere,
1535 2413 1572 2444 ut
1604 2409 1681 2444 eius
1714 2407 2024 2456 praedicationem
2061 2408 2249 2444 audirent.-
2283 2420 2357 2445 non

146 2453 371 2514 „ssecunda
402 2463 512 2499 Parte
530 2461 551 2484 *
577 2461 752 2499 habitum
781 2469 846 2498 est.
884 2461 945 2497 Ad
972 2460 1091 2497 vitam
1119 2468 1248 2497 autem
1303 2466 1425 2497 tamen
1454 2461 1524 2496 hoc
1531 2461 1636 2508 fecit,
1651 2461 1836 2509 praebens
1864 2461 1967 2497 nobis
1985 2461 2195 2509 exemplum
2223 2466 2261 2496 ut
2273 2473 2356 2510 per-

157 2510 527 2565 ἐρέθηῒειηρίαῒίνειηι
561 2514 729 2551 maxime
761 2513 942 2563 competit
977 2513 1162 2550 solitudo:
1192 2525 1248 2549 se·
1303 2513 1531 2550 ambulemus
1558 2518 1592 2548 et
1619 2514 1849 2561 requiramus
1870 2518 2082 2562 pereuntes,
2110 2514 2201 2549 sicut
2230 2519 2359 2562 pastor

140 2566 163 2598 72⁴ss
178 2567 365 2610 cundum
392 2567 486 2605 illud
514 2567 615 2604 Osee
634 2579 655 2603 11
674 2566 710 2603 *τ
740 2568 888 2604 Ducam
912 2578 995 2603 eam
1024 2567 1061 2602 in
1088 2566 1248 2603 solitudi-
1304 2578 1409 2604 ovem
1438 2566 1642 2615 perditam,
1669 2571 1702 2601 et
1729 2565 1889 2602 medicus
1916 2565 2053 2602 accedit
2080 2566 2130 2602 ad
2155 2567 2356 2613 infirmum.

146 2615 180 2665 ἒ]
172 2617 289 2670 hem,
308 2626 342 2658 et
367 2621 500 2670 loquar
526 2620 578 2657 ad
608 2632 675 2657 cor
702 2621 788 2656 eius.
830 2620 932 2667 Ergo
963 2618 1115 2655 videtur
1142 2618 1248 2667 quod
1356 2618 1499 2664 Tertio,
1519 2617 1623 2654 venit
1641 2625 1683 2654 ut
1704 2630 1777 2666 per
1803 2619 1921 2667 ipsum
1944 2619 2145 2654 habeamus
2171 2630 2357 2655 accessum

131 2674 171 2740 *15
172 2671 365 2713 Christus
392 2672 566 2710 debuerit
593 2672 797 2709 solitariam
824 2671 942 2708 vitam
971 2671 1122 2708 ducere.
1303 2671 1355 2708 ad
1370 2672 1506 2716 Deum,
1526 2678 1568 2707 ut
1593 2670 1732 2721 *dicitur
1748 2672 1858 2707 Rom.
1879 2683 1902 2707 v
1920 2670 1950 2706 ³⁸.
1981 2671 2028 2707 Et
2047 2670 2106 2716 ita,
2130 2670 2358 2707 familiariter

148 2723 153 2728 ⁴
246 2725 281 2765 3.
309 2727 546 2772 Famam,
574 2724 812 2763 conversatio
842 2723 981 2761 Christi
1009 2723 1140 2761 debuit
1167 2735 1248 2760 esse
1303 2735 1394 2761 cum
1422 2723 1644 2760 hominibus
1672 2723 1947 2769 conversando,
1968 2722 2199 2759 conveniens
2221 2722 2290 2759 fuit
2316 2730 2358 2759 ut

151 2750 411 2823 uniformis:
447 2777 539 2827 quia
572 2789 724 2826 semper
751 2777 790 2815 in
818 2789 865 2814 eo
900 2776 1031 2813 debuit
1065 2788 1248 2825 apparere
1303 2775 1526 2813 hominibus
1544 2774 1727 2812 fiduciam
1749 2775 1856 2812 daret
1874 2775 1923 2813 ad
1942 2787 1982 2812 se
2001 2774 2216 2813 accedendi.
2248 2775 2358 2826 Unde

191 2830 301 2892 Q
327 2830 519 2880 optimum
543 2837 608 2867 est.
639 2830 716 2868 Sed
734 2830 970 2879 quandoque
998 2829 1170 2866 Christus
1189 2841 1248 2866 so·
1303 2828 1439 2866 dicitur
1455 2828 1590 2865 Matth.
1611 2840 1646 2864 1x
1663 2827 1700 2863 *ε
1729 2829 1884 2864 Factum
1904 2834 1965 2873 est,
1985 2828 2230 2866 discumbente
2256 2839 2300 2864 eo
2319 2829 2356 2864 in

146 2882 311 2931 ς[Ἀπία
327 2885 412 2922 loca
430 2883 647 2933 quaerebat,
667 2883 797 2920 turbas
815 2882 1025 2920 declinans:
1051 2882 1155 2920 unde
1174 2882 1248 2919 Re·
1303 2882 1425 2927 domo,
1450 2893 1544 2926 ecce,
1571 2880 1677 2917 multi
1695 2880 1888 2928 publicani
1912 2886 1946 2916 et
1966 2885 2180 2928 peccatores
2210 2881 2357 2918 venien-

150 2931 333 2985 *ntgaus
348 2935 448 2982 dicit,
467 2947 579 2986 super
595 2936 729 2973 Matth.
749 2934 788 2972 *ε
822 2936 913 2972 Tria
940 2935 1090 2984 refugia
1114 2934 1249 2983 legitur
1302 2940 1352 2971 tes
1371 2934 1642 2970 discumbebant
1660 2944 1744 2968 cum
1762 2934 1847 2969 Iesu
1871 2938 1904 2968 et
1922 2932 2103 2981 discipulis
2122 2933 2207 2970 eius.
2238 2932 2357 2979 Quod

159 2985 376 3033 Reatinus
402 2990 588 3034 habuisse,
615 2989 758 3034 navim,
785 2993 947 3024 montem
979 2993 1013 3023 et
1048 2987 1249 3024 desertum:
1303 2998 1498 3035 exponens
1524 2985 1784 3033 Hieronymus
1808 2984 1828 3006 '¹‘
1854 2984 1959 3022 dicit:
1997 2985 2170 3022 Viderunt
2190 2985 2357 3034 publica-

160 3041 255 3106 44
268 3053 425 3092 gaiorum
452 3041 621 3086 alterum,
641 3042 934 3090 quotiescumque
959 3051 983 3076 a
1010 3041 1124 3076 turbis
1150 3051 1247 3076 com·
1303 3051 1392 3075 num
1411 3043 1438 3083 Υ,
1465 3051 1488 3075 a
1510 3039 1671 3087 peccatis
1698 3037 1748 3075 ad
1781 3037 1935 3075 meliora
1969 3049 2206 3083 conversum,
2233 3037 2356 3075 locum

335 3099 430 3140 atur,
457 3092 720 3131 conscendebat
745 3090 770 3129 β.
806 3093 908 3140 Ergo
937 3099 973 3128 et
1005 3102 1157 3140 semper
1183 3091 1247 3128 de·
1302 3092 1480 3128 invenisse
1500 3091 1765 3139 poenitentiae:
1792 3095 1824 3125 et
1843 3091 1889 3127 ob
1916 3090 1955 3127 id
1980 3091 2088 3127 etiam
2108 3091 2178 3138 ipsi
2203 3102 2276 3128 non
2296 3090 2356 3127 de-

221 3144 276 3184 uit
301 3146 507 3184 solitariam
534 3145 651 3183 vitam
680 3156 800 3193 agere.
1301 3148 1450 3193 sperant
1475 3143 1639 3179 salutem.

224 3198 320 3242 Sm
348 3211 492 3236 CONTRA
511 3209 577 3236 Es‘r
595 3197 701 3246 quod
721 3196 856 3235 dicitur
874 3196 1038 3233 Baruch.
1053 3195 1138 3233 m*:
1163 3197 1248 3233 Post
1355 3197 1412 3232 An
1441 3206 1574 3232 ramum
1603 3206 1700 3231 ERGO
1733 3205 1912 3232 met-:unum
1948 3194 2053 3243 quod
2089 3194 2260 3232 Christus
2288 3206 2358 3244 per

154 3237 285 3294 baec
309 3253 348 3289 in
374 3252 483 3289 terris
500 3253 598 3289 visus
622 3255 683 3294 est,
703 3255 737 3287 et
763 3262 847 3288 cum
866 3250 1074 3286 hominibus
1098 3260 1248 3286 conuer—
1302 3247 1580 3284 humanitatem
1616 3259 1724 3283 suam
1754 3247 1874 3284 voluit
1910 3246 2148 3285 manifestare
2185 3246 2356 3286 divinita-

194 3308 291 3349 ψει
316 3310 377 3343 est.
1302 3307 1390 3337 tem.
1416 3301 1464 3337 Et
1482 3299 1581 3345 ideo,
1602 3300 1866 3337 conversando
1886 3311 1976 3336 cum
1995 3299 2228 3346 hominibus,
2249 3300 2357 3349 quod

194 3359 195 3362 ’
246 3354 468 3400 Rsssrounsso
495 3367 675 3394 memnon
706 3354 813 3404 quod
845 3352 1081 3391 conversatio
1111 3352 1249 3390 Christi
1302 3360 1357 3390 est
1371 3352 1571 3401 proprium
1585 3351 1763 3399 hominis,
1779 3351 2030 3393 manifestavit
2046 3351 2226 3389 omnibus
2245 3365 2357 3391 suam

198 3444 225 3481 C?
240 3456 275 3503 α)
291 3475 360 3495 cum.
376 3483 396 3489 —
413 3469 440 3495 in
458 3469 532 3495 tertia
549 3473 650 3502 praeter
662 3469 693 3494 G.
713 3468 763 3493 Pro
783 3468 891 3497 divitiis,
911 3467 1011 3492 deliciis
1025 3467 1058 3497 H,
1071 3466 1198 3492 divinitus
1211 3467 1248 3497 (et
1354 3463 1380 3498 γ)
1405 3465 1532 3490 Viderunt
1551 3464 1732 3496 publtcanum.
1749 3478 1769 3483 -
1786 3464 1832 3494 E1;
1855 3464 1993 3489 Public-ani
2016 3464 2140 3488 viderunt
2158 3467 2183 3488 ee
2203 3467 2358 3496 peccatores

279 3505 332 3536 em)
350 3504 384 3531 G.
1301 3501 1389 3530 GI-lbc,
1413 3500 1540 3525 Viderunt
1553 3499 1691 3532 publicani
1707 3503 1734 3524 et
1749 3503 1902 3531 peccatores
1920 3500 1959 3524 ed.
1978 3506 2003 3528 a,
2027 3499 2155 3524 Viderunt
2168 3499 2306 3531 publicani
2325 3499 2356 3528 Ρ,

203 3549 207 3555 ·
248 3537 274 3571 β)
291 3539 488 3566 malebat.
504 3553 525 3558 -
541 3539 642 3570 Tertiam
667 3538 840 3564 descendebat
864 3538 911 3568 Ea,
929 3537 1088 3562 ascendebat
1104 3537 1133 3567 F,
1152 3537 1247 3562 conde·
1304 3535 1433 3560 Viderunt
1439 3535 1611 3568 puincanum
1624 3537 1650 3560 et
1657 3538 1811 3567 peccatores
1824 3535 1909 3560 ceteri.
1923 3535 1972 3559 Pro
1985 3541 2148 3563 conversum,
2161 3534 2282 3560 conversi
2295 3534 2355 3559 Pac.

183 3573 334 3600 “mdabat
349 3574 434 3600 ceteri.

2414 1734 2480 1757 νει-ε.
2495 1741 2529 1762 37.

301 1774 404 1815 tione
441 1789 521 1814 non
549 1778 676 1815 solum
704 1789 744 1814 se
778 1776 980 1814 hominem
1015 1777 1248 1823 ostenderet,
1305 1782 1411 1815 natus
1436 1789 1530 1823 sum,
1551 1777 1653 1814 etad
1677 1778 1748 1814 hoc
1765 1779 1851 1815 veni
1876 1779 1912 1814 in
1933 1778 2123 1823 mundum,
2145 1784 2183 1814 ut
2209 1780 2362 1816 testimo·
2384 1788 2386 1791 ’

2393 2000 2403 2009 ·
2416 1998 2481 2019 Vera.
2495 2004 2532 2024 4²,
2546 2004 2583 2027 43.

2389 2204 2400 2215 ·
2413 2203 2479 2225 Vers.
2496 2210 2527 2231 ¹5-

2388 2307 2441 2329 Ἐξ.
2451 2307 2502 2330 Cat.
2511 2307 2582 2329 Aura
2574 2307 2599 2328 in

2386 2334 2449 2382 &m
2457 2334 2597 2388 {taath

2385 2675 2395 2685 ⁹
2418 2673 2484 2696 Vers.
2507 2679 2534 2699 23
2559 2673 2596 2695 Aa

2383 2699 2493 2748 &1:238
2499 2690 2549 2728 cap.
2570 2706 2595 2726 n,

2386 2837 2394 2846 ⁸
2409 2835 2476 2857 Vera.
2493 2841 2528 2857 ιο.

2385 2988 2598 3010 Ἐοιιιωειιι.1ἰ1>,1,

2478 3047 2494 3073 Υ
