2872 3970
62 1235 75 1248 ⁴
87 1235 116 1258 D.
133 1234 194 1257 108¹.

67 1847 78 1858 ⁸
92 1846 162 1868 Num.
178 1851 211 1867 ιιι.

67 1973 81 1983 ⁸
93 1971 128 1994 Cf.
144 1978 208 1994 num.
223 1978 252 1993 nr.

1006 253 1680 300 QUAESTIO·III‚ART1CULUS
1708 253 1754 289 111
2419 254 2465 299 59

294 334 408 374 hamt
433 347 503 385 per
516 335 751 372 intellectum
770 332 912 381 aliquid
939 345 961 368 a
988 333 1072 369 Deo
1092 333 1199 380 quod
1219 331 1233 361 β
1252 331 1354 368 aliud

297 396 508 426 remaneat:
532 387 623 436 quia
640 394 764 422 totum
783 385 890 433 quod
909 392 966 421 est
982 384 1021 421 in
1041 385 1124 421 Deo
1145 391 1199 421 est
1217 396 1354 430 unum,

297 442 402 479 salva
433 438 673 477 distinetione
707 443 982 495 personarum3
1025 449 1191 486 quarum
1226 445 1356 474 tamen

297 499 376 533 una
402 493 555 538 tollitur,
585 491 731 534 sublata
758 488 841 535 alia,
871 489 962 538 quia
988 489 1272 537 distinguuntur
1299 501 1356 525 so-

297 535 380 587 lum
407 543 666 586 relationibus,
686 555 783 591 quas
811 549 960 590 oportet
988 554 1069 578 esse
1097 542 1223 578 simul.

332 597 439 634 Alio
465 596 585 634 modo
613 607 653 631 se
675 594 790 631 habet
815 594 1024 630 intellectus
1042 595 1091 631 ad
1115 594 1255 640 divina,
1277 605 1357 630 non

298 649 457 698 quidem
484 648 594 698 quasi
621 658 855 695 cognoscens
883 647 1011 683 Deum
1039 654 1081 683 ut
1109 653 1175 692 est,
1196 647 1262 683 sed
1290 658 1360 694 per

298 702 461 738 modum
482 711 620 737 suum:
649 698 787 736 scilicet
813 698 1067 747 multipliciter
1086 706 1122 735 et
1148 697 1298 735 divisim
1319 697 1359 735 id

299 753 406 806 quod
433 753 474 791 in
507 751 591 790 Deo
621 758 676 788 est
703 763 839 789 unum.
877 750 926 788 Et
953 763 1021 800 per
1054 752 1161 788 hunc
1194 751 1359 787 modum

297 813 422 855 potest
448 803 662 846 intellectus
694 811 823 842 noster
849 802 1053 852 intelligere
1086 803 1299 840 bonitatem
1325 811 1360 839 et

299 857 525 907 sapientiam
552 856 736 902 divinam,
757 864 794 893 et
820 856 892 893 alia
919 856 1156 902 huiusmodi,
1178 867 1279 904 quae
1307 855 1360 891 di-

299 917 440 947 cuntur
466 909 676 946 essentialia
702 909 889 954 attributa,
922 920 1002 945 non
1030 908 1214 945 intellecta
1241 915 1360 955 pater-

299 963 413 1000 nitate
441 963 503 999 vel
529 961 723 1008 filiatione,
744 972 844 1010 quae
866 961 1046 998 dicuntur
1063 960 1359 1010 personalitates.

300 1016 350 1065 Et
376 1015 593 1053 secundum
612 1014 698 1060 hoc,
720 1013 906 1051 abstracta
927 1013 1194 1063 personalitate
1221 1024 1290 1062 per
1308 1011 1361 1048 in-

300 1069 512 1114 tellectum,
542 1079 752 1115 possumus
789 1066 917 1103 adhuc
944 1065 1148 1114 intelligere
1184 1073 1362 1103 naturam

302 1127 576 1158 assumentem.

355 1174 412 1210 Αι)
440 1184 575 1209 PRIMUM
603 1183 701 1208 ERGO
729 1183 909 1208 nicENDUM
938 1171 1056 1219 quod,
1086 1170 1177 1219 quia
1204 1169 1244 1206 in
1271 1169 1363 1206 divi-

302 1225 361 1261 nis
380 1225 484 1261 idem
511 1232 567 1260 est
585 1235 665 1272 quo
693 1230 749 1260 est
776 1230 812 1259 et
839 1223 946 1272 quod
966 1231 1020 1259 est
1037 1222 1069 1269 ³¹⁸,
1091 1222 1280 1271 quidquid
1303 1234 1363 1259 eo-

303 1289 391 1314 rum
419 1288 518 1325 quae
547 1276 806 1313 attribuuntur
831 1276 916 1312 Deo
943 1274 984 1311 in
1011 1274 1198 1311 abstracto
1232 1287 1364 1311 secun-

303 1329 396 1367 dum
427 1341 467 1366 se
496 1328 768 1374 consideretur,
789 1327 870 1364 aliis
888 1327 1194 1376 circumscriptis,
1215 1327 1284 1364 erit
1303 1327 1364 1364 ali-

303 1381 397 1431 quid
416 1381 643 1418 subsistens:
674 1387 710 1416 et
728 1392 798 1429 per
815 1392 1058 1428 consequens
1076 1392 1253 1428 persona,
1274 1391 1365 1416 curn

1411 331 1487 368 sitis
1515 331 1806 380 proprietatibus
1830 331 2093 379 personalibus
2122 331 2160 367 in
2188 332 2284 378 Deo,
2305 330 2468 367 dicimus

1410 392 1484 421 tres
1512 395 1716 434 personas:
1746 383 1813 430 ita,
1843 383 2002 419 exclusis
2030 395 2099 432 per
2125 383 2355 420 intellectum
2383 395 2468 431 pro-

1410 437 1630 486 prietatibus
1658 435 1934 485 personalibus,
1956 435 2165 472 remanebit
2192 436 2232 472 in
2258 435 2468 472 considera-

1411 489 1514 526 tione
1550 497 1679 526 nostra
1706 496 1842 525 natura
1878 487 2009 524 divina
2036 495 2077 524 ut
2109 488 2336 533 subsistens,
2365 495 2401 524 et
2428 495 2470 524 ut

1412 554 1588 590 persona.
1610 542 1658 578 Et
1672 553 1740 590 per
1754 542 1859 577 hunc
1878 541 2042 577 modum
2056 548 2179 589 potest
2197 540 2348 588 intelligi
2363 540 2470 588 quod

1413 602 1582 631 assumat
1609 601 1786 630 naturam
1818 594 2032 630 humanam
2060 592 2204 630 ratione
2233 605 2324 629 suae
2352 592 2470 629 subsi-

1413 646 1568 684 stentiae
1595 647 1657 683 vel
1684 645 1969 694 personalitatis.

1466 700 1523 735 AD
1551 711 1739 736 SECUNDUM
1767 710 1948 735 mcssNDUM
1967 698 2085 747 quod,
2107 697 2220 734 etiam
2239 696 2471 734 circumscri-

1413 750 1485 800 ptis
1510 763 1579 800 per
1606 751 1837 788 intellectum
1855 750 2184 799 personalitatibus
2211 750 2325 786 trium
2345 762 2471 798 perso-

1414 816 1572 850 narum,
1601 803 1811 840 remanebit
1838 803 1878 839 in
1905 803 2093 839 intellectu
2121 815 2200 839 una
2227 802 2472 851 personalitas

1414 856 1497 898 Dei,
1525 864 1567 892 ut
1593 855 1722 892 Iudaei
1750 855 1978 903 intelligunt:
2017 856 2065 892 ad
2094 867 2213 904 quarn
2241 855 2377 904 poterit
2403 862 2472 891 ter-

1415 908 1552 944 minari
1581 908 1813 957 assumptio,
1843 908 1940 944 sicut
1966 919 2071 944 nunc
2098 908 2262 944 dicimus
2291 920 2377 944 eam
2404 915 2473 944 ter-

1416 960 1552 996 minari
1580 961 1628 997 ad
1656 973 1862 1009 personam
1889 960 2017 997 Verbi.

1468 1014 1525 1049 AD
1552 1025 1711 1050 TERTIUM
1738 1025 1919 1050 DICENDUM
1947 1013 2066 1061 quod,
2087 1013 2270 1050 abstracta
2297 1025 2474 1062 persona-

1416 1065 1515 1101 litate
1543 1078 1612 1114 per
1639 1065 1880 1111 intellectum,
1902 1065 2037 1102 dicitur
2062 1065 2155 1102 nihil
2183 1078 2379 1102 remanere
2407 1077 2476 1114 per

1417 1118 1582 1154 modum
1610 1117 1862 1163 resolutionis,
1889 1117 1998 1166 quasi
2026 1118 2129 1154 aliud
2157 1118 2202 1154 sit
2229 1119 2335 1166 quod
2363 1117 2476 1154 subii-

1418 1170 1515 1206 citur
1541 1169 1732 1215 relationi,
1763 1177 1799 1206 et
1826 1170 1929 1206 aliud
1957 1170 2039 1218 ipsa
2067 1170 2215 1206 relatio:
2251 1170 2341 1218 quia
2369 1170 2475 1219 quid-

1418 1222 1511 1271 quid
1546 1222 1808 1258 consideratur
1835 1222 1874 1258 in
1901 1222 2004 1268 Deo,
2034 1222 2295 1258 consideratur
2321 1229 2363 1258 ut
2391 1234 2476 1270 sup-

1418 1274 1588 1323 positum
1613 1274 1832 1310 subsistens.
1868 1275 1995 1310 Potest
2014 1281 2143 1310 tamen
2171 1274 2313 1323 aliquid
2341 1287 2477 1311 eorum

1419 1339 1518 1376 quae
1556 1327 1735 1364 dicuntur
1771 1327 1818 1363 de
1854 1327 1937 1363 Deo
1966 1326 2118 1375 intelligi
2155 1327 2236 1363 sine
2274 1326 2369 1373 alio,
2398 1339 2478 1363 non

1418 1392 1488 1428 per
1514 1380 1678 1416 modum
1707 1379 1958 1426 resolutionis,
1987 1380 2052 1416 sed
2080 1391 2150 1428 per
2176 1380 2340 1416 modum
2368 1379 2479 1416 iam*

1419 1433 1564 1469 dictum

303 1434 349 1471 sit
375 1433 415 1470 in
442 1442 578 1470 natura
606 1432 856 1470 intellectuali.
887 1432 993 1469 Sicut
1020 1432 1131 1480 igitur
1158 1444 1273 1479 nunc,
1298 1445 1366 1481 po·
1448 1432 1454 1439 ‘
1570 1461 1576 1468 .

357 1564 383 1599 β)
402 1565 482 1597 quod.
493 1579 512 1584 —-
529 1568 556 1590 et
574 1564 646 1597 quod
664 1564 725 1588 EsG
744 1569 770 1588 et
787 1563 922 1589 editiones.

981 1658 1313 1690 Commentaria
1335 1657 1585 1690 Cardinalis
1608 1657 1807 1690 Caietam

365 1758 472 1778 rrimus
497 1749 629 1784 articuli,
649 1749 724 1787 quia
739 1749 772 1778 in
794 1757 930 1787 corpore
949 1747 1072 1777 articuli
1088 1746 1278 1782 declaratur,
1298 1755 1369 1785 per—

308 1760 574 1822 Ttranseundus
604 1797 665 1822 est:
697 1801 736 1821 eo
767 1797 874 1821 tamen
902 1796 996 1830 pacto
1020 1796 1056 1820 ut
1082 1796 1156 1830 post
1186 1789 1370 1819 declaratio-

306 1845 382 1867 nem
405 1836 526 1866 litterae
549 1835 685 1875 amplius
709 1834 884 1865 declaretur
898 1835 925 1864 ὓ.

303 1888 307 1891 ’
361 1880 397 1910 Ιιι
427 1889 563 1919 corpore
593 1879 715 1908 articuli
745 1878 811 1908 duo
834 1878 932 1908 fiunt:
962 1878 1078 1917 primo,
1103 1877 1306 1916 distinguitur
1332 1886 1368 1906 ac

307 1924 483 1954 declaratur
501 1932 585 1953 unus
600 1923 754 1952 terminus
771 1922 975 1962 quaestioni5‚
999 1922 1119 1951 scilicet
1141 1921 1174 1961 ly
1189 1921 1370 1956 abstracta‚·

307 1967 469 2003 secundo,
492 1966 703 2007 respondetur
726 1966 870 2006 quaesito
893 1966 989 1996 unica
1012 1965 1220 1995 conclusione
1236 1966 1262 1994 ἕ.
1298 1965 1369 1994 Dis-

307 2012 420 2042 tinctio
445 2011 562 2051 duplex
584 2011 617 2040 in
640 2010 741 2040 littera
763 2010 904 2049 ponitur.
929 2010 1001 2040 Una
1016 2009 1172 2049 explicite,
1194 2009 1233 2038 de
1250 2008 1370 2048 duplici

307 2055 408 2086 modo
432 2064 498 2094 quo
523 2064 556 2084 se
578 2055 693 2084 habere
716 2059 823 2093 potest
839 2053 1018 2083 intellectus
1041 2052 1080 2082 ad
1099 2052 1221 2082 divina:
1244 2052 1295 2082 vel
1315 2061 1370 2082 co-

308 2098 494 2139 gnoscendo
518 2099 626 2128 Deum
649 2098 741 2128 sicuti
764 2103 826 2133 est3
857 2097 907 2127 vel
931 2096 1158 2136 cognoscendo
1181 2097 1287 2126 Deum
1314 2105 1371 2135 per

309 2143 445 2173 modum
467 2143 566 2182 ipsius
589 2142 777 2177 intellectus,
802 2141 921 2171 scilicet
941 2140 1158 2180 multipliciter
1181 2145 1212 2169 et
1235 2139 1369 2169 divisim.

309 2187 418 2217 Altera
439 2186 602 2225 implicite,
627 2184 666 2215 de
689 2185 809 2224 duplici
828 2185 1054 2214 abstractione:
1079 2183 1129 2214 vel
1154 2193 1191 2213 ex
1214 2189 1302 2223 parte
1326 2184 1370 2213 rei

310 2230 396 2260 unde
419 2229 455 2259 fit
478 2229 661 2264 abstractim
684 2229 735 2258 vel
751 2238 789 2258 ex
804 2233 892 2268 parte
914 2228 1092 2258 intellectus
1108 2233 1242 2257 tantum.
1266 2227 1371 2257 Prima

311 2274 397 2304 enim
421 2274 587 2303 abstractio
617 2278 738 2312 spectat
765 2272 804 2302 ad
826 2273 966 2312 primum
989 2271 1125 2302 modum
1155 2270 1371 2310 cognoscendi

310 2326 388 2353 rem,
413 2317 532 2347 scilicet
554 2317 647 2347 sicuti
670 2322 732 2346 est:
767 2315 907 2346 secunda
930 2321 1037 2346 autem
1060 2316 1227 2345 abstractio
1251 2320 1372 2354 spectat

311 2361 351 2391 ad
373 2360 551 2391 secundum
573 2359 708 2390 modum
733 2359 949 2399 cognoscendi
971 2369 1053 2394 rem,
1077 2359 1197 2389 scilicet
1218 2359 1371 2398 multipli-

311 2405 388 2435 citer
409 2409 440 2435 et
461 2404 585 2434 divisim
609 2403 698 2444 quod
713 2404 746 2433 in
762 2413 795 2433 re
811 2413 914 2433 unum
930 2408 986 2433 est.
1011 2403 1099 2433 quta
1114 2403 1254 2442 primum
1270 2412 1371 2432 mem-

310 2449 404 2479 brum
426 2453 492 2478 tam
514 2447 604 2478 modi
627 2447 842 2487 cognoscendi
872 2456 970 2486 quam
993 2447 1227 2482 abstractionis,
1259 2446 1372 2476 dicitur

312 2492 402 2532 quod
428 2497 475 2522 est
496 2490 692 2531 impossibile
722 2491 842 2531 aliquid
872 2491 1007 2520 abstrahi
1036 2491 1069 2520 in
1097 2491 1184 2520 Deo:
1217 2491 1371 2530 quoniam

312 2536 423 2566 omnia
445 2540 519 2566 sunt
540 2536 584 2565 ibi
605 2544 718 2570 unum,
743 2535 827 2565 salva
850 2534 1052 2564 distinctione
1074 2543 1294 2574 personarum,
1312 2540 1371 2564 etc.

312 2579 402 2610 quta
423 2578 600 2610 secundum
622 2579 758 2609 modum
781 2584 846 2608 tam
862 2579 1053 2618 cognitionis
1077 2588 1174 2618 quam
1190 2578 1372 2608 abstractio-

311 2624 377 2659 nis,
408 2622 522 2653 dicitur
551 2622 640 2663 quod
670 2623 821 2663 possibile
849 2628 895 2652 est
925 2622 1046 2662 aliquid
1068 2623 1204 2652 abstrahi
1226 2623 1259 2652 in
1283 2622 1371 2652 Deo:

313 2667 388 2707 quia
410 2672 516 2707 potest
538 2667 690 2706 cognosci
721 2676 823 2696 unum
858 2676 925 2696 non
949 2666 1176 2706 cognoscendo
1204 2666 1305 2702 aliud;
1337 2672 1373 2696 ut

312 2716 400 2751 patet
422 2710 462 2740 de
485 2710 638 2740 attributis
661 2715 693 2740 et
714 2711 959 2750 proprietatibus
981 2710 1210 2750 personalibus.

369 2754 405 2784 II.
429 2754 515 2784 Nota
537 2755 589 2784 hic
612 2753 701 2794 quod
722 2755 843 2794 primus
862 2754 978 2784 modus
1002 2754 1194 2793 cognitionis
1210 2759 1241 2783 et
1256 2754 1372 2783 abstra-

315 2799 428 2829 ctionis
451 2798 658 2838 perspicietur
679 2798 883 2837 impossibilis
902 2798 936 2827 in
956 2797 1078 2833 divinis,
1098 2798 1123 2827 si
1138 2798 1259 2828 videbis
1275 2807 1372 2837 quare

313 2843 409 2873 habet
430 2842 541 2872 locum
563 2842 596 2871 in
620 2842 778 2877 creaturis,
802 2847 833 2871 et
854 2842 888 2872 in
912 2842 1038 2882 quibus.
1067 2841 1207 2879 Quando
1231 2842 1316 2872 enim
1339 2843 1373 2871 in

313 2896 348 2916 re
370 2886 530 2916 invenitur
552 2885 638 2915 aliud
661 2890 692 2915 et
714 2885 800 2915 aliud
823 2894 906 2921 esse,
930 2886 995 2916 sive
1017 2886 1051 2915 in
1074 2891 1147 2916 actu
1170 2886 1234 2915 sive
1257 2886 1291 2915 in
1314 2895 1373 2925 po-

313 2930 422 2965 tentia,
445 2935 523 2959 tunc
545 2930 704 2959 invenitur
726 2929 892 2959 abstractio
917 2938 954 2959 ex
977 2934 1065 2969 parte
1080 2930 1134 2960 rei.
1159 2930 1242 2959 Nam
1265 2930 1373 2959 album

314 2974 354 3004 ab
376 2974 518 3008 homine,
543 2978 574 3003 et
597 2982 614 3002 e
639 2972 758 3008 c'ontra‚
783 2973 959 3003 abstrahere
982 2982 1115 3013 possum
1139 2983 1177 3003 ex
1199 2979 1288 3013 parte
1311 2974 1372 3003 rei:

316 3017 391 3057 quia
413 3017 499 3047 aliud
522 3022 568 3047 est
592 3026 659 3046 esse
682 3016 807 3052 album,
832 3021 863 3046 et
885 3016 971 3046 aliud
994 3026 1062 3047 esse
1085 3018 1260 3047 hominem.
1295 3017 1374 3047 For-

314 3070 402 3091 mam
425 3070 558 3100 quoque
581 3070 599 3090 a
621 3060 761 3094 materia,
786 3065 817 3090 et
833 3070 850 3090 e
866 3065 986 3096 contra,
1010 3061 1172 3091 abstraho:
1198 3062 1273 3101 quia
1289 3061 1374 3091 aliud

316 3110 363 3135 est
373 3105 513 3140 materia,
526 3104 612 3134 aliud
623 3104 739 3139 forma;
756 3103 841 3134 aliud
857 3104 942 3133 enim
959 3109 1005 3134 est
1021 3114 1148 3144 corpus,
1161 3104 1246 3135 aliud
1258 3105 1372 3135 anima.

314 3149 443 3178 Animal
466 3158 599 3188 quoque
622 3158 640 3178 a
662 3147 817 3183 rationali,
842 3153 873 3177 et
888 3157 906 3177 e
922 3154 1041 3184 contra,
1066 3149 1211 3178 abstraho
1233 3158 1270 3178 ex
1286 3154 1374 3188 parte

315 3192 376 3222 rei:
408 3192 483 3231 quia
506 3191 592 3222 aliud
616 3197 662 3222 est
685 3201 753 3221 esse
776 3191 907 3227 animal,
937 3191 1022 3222 aliud
1045 3198 1092 3222 est
1115 3202 1182 3222 esse
1205 3192 1373 3228 rationale;

317 3236 461 3275 quamvis
483 3236 517 3266 in
540 3236 648 3276 aliquo
673 3234 855 3265 coincidant
876 3235 910 3265 in
930 3245 1028 3266 unam
1051 3246 1128 3266 rem.
1153 3237 1193 3266 Et
1212 3237 1312 3266 simile
1329 3241 1375 3265 est

317 3279 356 3309 de
379 3279 446 3309 aliis
468 3279 654 3310 huiusmodi
676 3279 840 3309 iudicium.
865 3279 907 3309 Et
927 3289 985 3319 per
1000 3281 1197 3320 oppositum,
1222 3280 1246 3309 si
1270 3280 1375 3318 aliqua

317 3332 399 3363 quae
419 3322 569 3354 dicuntur
583 3324 684 3364 plura,
707 3323 750 3352 ita
765 3322 948 3362 simpliciter
963 3329 1078 3354 coeant
1100 3329 1136 3353 ut
1151 3333 1211 3353 nec
1227 3328 1299 3352 actu
1315 3331 1375 3352 nec

315 3367 460 3406 potentia
482 3367 717 3397 distinctionem
733 3366 872 3406 aliquam
887 3367 1032 3403 habeant,
1056 3367 1111 3397 sed
1131 3377 1195 3397 una
1210 3366 1374 3405 simplicis-

317 3410 397 3440 sima
410 3420 459 3440 res
475 3411 515 3440 sit
529 3411 647 3441 altioris
663 3410 782 3440 ordinis
798 3410 999 3450 aequivalens
1015 3412 1175 3446 omnibus,
1194 3419 1261 3439 non
1281 3410 1375 3439 habet

317 3453 362 3483 ibi
383 3453 494 3484 locum
517 3455 683 3485 abstractio
708 3464 745 3484 ex
768 3458 855 3494 parte
878 3455 932 3484 rei.
960 3454 1124 3492 Quoniam
1147 3453 1312 3483 abstractio
1338 3462 1375 3482 ex

317 3500 406 3536 parte
420 3498 466 3527 rei
481 3498 717 3529 distinctionem
729 3498 868 3537 aliquam
884 3508 922 3528 ex
933 3504 1021 3538 parte
1032 3499 1077 3528 rei
1092 3507 1150 3537 pro
1166 3497 1374 3527 fundamento

317 3540 418 3579 ipsius
440 3541 551 3581 exigit:
576 3542 719 3581 alioquin
743 3551 780 3572 ex
795 3546 883 3581 parte
898 3543 943 3572 rei
958 3551 1025 3571 non
1041 3551 1074 3571 se
1089 3546 1191 3577 tenet;
1217 3550 1291 3570 cum
1307 3541 1375 3570 abs-

1422 1746 1532 1775 tractio
1557 1745 1794 1776 distinctionem
1818 1746 1978 1785 quandam
2000 1747 2042 1776 ita
2064 1746 2205 1776 includat
2227 1752 2263 1776 ut
2286 1747 2353 1776 sine
2373 1746 2481 1776 distin-

1423 1790 1529 1819 ctione
1545 1799 1612 1819 non
1625 1790 1664 1819 sit
1678 1790 1891 1829 intelligibilis
1912 1791 1961 1820 Eo
1978 1800 2117 1829 namque
2133 1791 2203 1830 ipso
2221 1790 2309 1830 quod
2325 1791 2480 1826 abstraho,

1423 1832 1594 1872 distinguo,
1618 1834 1668 1863 vel
1693 1833 1928 1864 distinctionem
1952 1843 2118 1874 suppono:
2145 1840 2175 1864 et
2198 1840 2375 1874 propterea,
2400 1835 2426 1863 si
2445 1843 2482 1864 ex

1422 1882 1510 1915 parte
1533 1877 1577 1907 rei
1602 1883 1648 1907 est
1671 1878 1848 1913 abstractio,
1874 1887 1911 1907 ex
1926 1883 2014 1918 parte
2030 1879 2074 1907 rei
2097 1878 2289 1917 supponitur
2312 1877 2481 1907 distinctio.

1423 1920 1526 1956 Unde,
1538 1922 1613 1960 quia
1623 1922 1710 1951 Deus
1723 1926 1769 1951 est
1781 1922 2011 1961 simplicissima
2023 1931 2071 1951 res
2084 1922 2223 1951 altissimi
2236 1921 2364 1957 ordinis,
2375 1922 2483 1951 omnia

1422 1965 1618 2004 praehabens
1641 1966 1674 1995 in
1698 1975 1755 1995 sua
1778 1967 1872 1995 unica
1895 1975 1928 1996 re
1951 1966 2027 1995 reali
2044 1971 2074 1995 et
2089 1965 2224 1999 formali,
2247 1965 2321 1995 ideo
2338 1965 2424 1995 nulla
2439 1966 2483 1995 ibi

1424 2018 1461 2038 ex
1477 2014 1565 2047 parte
1581 2010 1625 2038 rei
1640 2015 1746 2049 potest
1761 2009 1829 2039 fieri
1846 2010 2029 2039 abstractio:
2055 2010 2139 2039 salva
2154 2015 2260 2039 tamen
2275 2019 2484 2049 personarum

1423 2052 1636 2082 distinctione.

1477 2096 1545 2125 Nec
1568 2101 1737 2136 propterea
1760 2096 1918 2127 censenda
1941 2102 1987 2126 est
2010 2097 2119 2127 fictitia
2142 2097 2308 2127 abstractio
2337 2106 2374 2127 ex
2396 2102 2484 2136 parte

1423 2140 1601 2170 intellectus
1624 2146 1758 2170 tantum.
1783 2141 1947 2178 Quoniam
1971 2141 2039 2170 talis
2058 2142 2235 2176 abstractio,
2259 2141 2333 2170 licet
2347 2150 2415 2170 non
2430 2141 2485 2170 ha-

1424 2183 1496 2213 beat
1510 2184 1543 2213 in
1559 2193 1592 2213 re
1609 2183 1846 2214 distinctionem
1861 2185 1920 2214 sibi
1936 2185 2249 2224 correspondentem‚
2269 2185 2363 2214 habet
2378 2190 2484 2214 tamen

1424 2227 1550 2257 alterius
1573 2228 1702 2257 rationis
1725 2227 1970 2258 fundamentum
1993 2229 2026 2258 in
2049 2238 2098 2258 re:
2124 2229 2242 2258 scilicet
2265 2228 2484 2258 celsitudinem

1423 2271 1469 2303 rei
1491 2271 1663 2301 virtualiter
1689 2272 1908 2311 praehabentis
1938 2272 2123 2302 huiusmodi
2147 2272 2392 2302 distinctionem.
2427 2272 2483 2307 Et,

1424 2320 1460 2345 ut
1482 2316 1579 2345 unico
1603 2316 1700 2345 verbo
1725 2315 1858 2351 dicatur,
1886 2316 2052 2345 abstractio
2077 2325 2114 2345 ex
2136 2321 2224 2355 parte
2247 2316 2292 2345 rei
2316 2321 2346 2345 et
2369 2316 2485 2345 abstra-

1426 2359 1489 2389 ctio
1513 2369 1550 2388 ex
1574 2365 1661 2398 parte
1685 2359 1862 2389 intellectus
1885 2364 2009 2389 tantum
2033 2359 2182 2389 differunt
2204 2360 2285 2388 sicut
2300 2358 2430 2388 effectus
2447 2368 2484 2388 ex

1425 2412 1519 2433 causa
1542 2404 1690 2438 univoca,
1715 2408 1746 2433 et
1769 2413 1807 2433 ex
1831 2413 1925 2433 causa
1948 2403 2138 2443 aequivoca:
2164 2403 2318 2442 quoniam
2333 2403 2367 2432 in
2382 2402 2484 2441 prima

1426 2446 1585 2477 distinctio
1616 2447 1833 2477 abstractionis
1864 2453 1910 2476 est
1937 2456 1974 2476 ex
1998 2446 2199 2476 distinctione
2226 2447 2354 2476 inventa
2376 2446 2409 2475 in
2432 2455 2481 2482 re;

1424 2491 1457 2520 in
1481 2490 1620 2521 secunda
1643 2500 1718 2520 vero
1749 2490 1907 2520 distinctio
1939 2491 2155 2520 abstractionis
2183 2495 2245 2525 est,
2269 2499 2336 2519 non
2360 2499 2398 2519 ex
2421 2489 2483 2519 dis-

1424 2535 1579 2564 tinctione
1611 2535 1740 2564 inventa
1762 2535 1795 2564 in
1818 2544 1868 2570 re,
1893 2534 1948 2564 sed
1979 2543 2015 2564 ex
2039 2544 2071 2564 re
2093 2534 2266 2564 virtualiter
2298 2534 2482 2563 continente

1425 2578 1610 2608 huiusmodi
1633 2578 1879 2608 distinctionem.
1915 2579 1950 2608 In
1971 2578 2059 2608 nulla
2081 2578 2175 2617 igitur
2203 2576 2388 2607 huiusmodi
2414 2577 2483 2606 abs-

1424 2623 1617 2652 tractionum
1630 2628 1676 2652 est
1690 2622 1908 2652 mendacium:
1925 2621 1980 2652 sed
1996 2627 2129 2661 utraque
2144 2631 2218 2651 vere
2234 2621 2321 2657 fulta,
2339 2621 2483 2660 quamvis

1426 2666 1621 2701 difformster,
1647 2676 1684 2696 ex
1706 2671 1794 2706 parte
1818 2667 1872 2696 rei.

1481 2710 1531 2740 111.
1556 2710 1598 2740 Et
1619 2719 1676 2750 per
1698 2710 1761 2740 hoc
1783 2715 1870 2750 patet
1892 2710 2002 2740 titulus
2025 2710 2147 2739 articuli
2162 2710 2194 2738 *1
2224 2709 2281 2738 sub
2305 2708 2391 2747 quali
2414 2708 2484 2737 abs-

1424 2755 1579 2784 tractione
1599 2755 1729 2784 vertitur
1751 2755 1783 2783 in
1808 2753 1941 2783 dubium
1965 2763 2038 2783 cum
2055 2753 2223 2793 quaeritur,
2247 2753 2306 2787 An,
2323 2752 2484 2782 abstracta

1419 2798 1664 2838 personalitate,
1675 2803 1734 2828 etc.
1758 2798 1847 2827 Patet
1859 2798 1943 2827 enim
1961 2797 2049 2836 quod
2065 2796 2103 2826 de
2120 2796 2327 2826 abstractione
2343 2805 2381 2825 ex
2395 2801 2484 2835 parte

1425 2842 1604 2872 intellectus
1628 2847 1752 2871 tantum
1775 2847 1822 2871 est
1844 2842 1998 2880 quaestio.
2034 2840 2197 2877 Quoniam
2224 2839 2429 2879 personalitas
2453 2844 2484 2869 et

1427 2886 1524 2916 deitas
1547 2886 1638 2915 nullo
1662 2885 1761 2915 modo
1785 2885 2021 2923 distinguuntur
2044 2894 2081 2914 ex
2097 2889 2208 2913 natura
2223 2884 2284 2913 rei:
2309 2883 2364 2913 sed
2379 2888 2426 2913 est
2440 2883 2484 2912 ibi

1427 2940 1490 2960 una
1513 2930 1744 2969 simplicissima
1766 2938 1824 2963 res,
1849 2929 1942 2958 unius
1965 2929 1998 2957 in
2014 2937 2047 2957 se
2070 2927 2319 2967 simplicissimae
2335 2926 2415 2956 adeo
2432 2936 2484 2956 ex-

1427 2973 1529 3004 celsae
1545 2973 1673 3003 rationis
1690 2971 1829 3002 formalis
1852 2977 1887 3001 ut
1910 2972 2023 3001 habeat
2038 2971 2210 3001 formaliter
2231 2976 2261 3000 et
2276 2971 2403 3010 propria
2419 2970 2485 3000 dei-

1426 3018 1497 3047 tatis
1513 3022 1544 3047 et
1558 3017 1686 3056 propria
1701 3015 1940 3055 personalitatis,
1962 3020 1992 3045 et
2007 3016 2134 3054 propria
2150 3015 2340 3045 substantiae
2365 3020 2395 3044 et
2410 3023 2484 3053 pro-

1427 3061 1495 3100 pria
1517 3060 1687 3090 relationis.
1723 3059 1763 3088 Et
1790 3064 1959 3098 propterea
1982 3059 2154 3089 virtualiter
2181 3058 2294 3088 dicitur
2321 3058 2484 3088 continere

2509 1383 2517 1392 ·
2531 1382 2555 1403 in
2571 1387 2676 1409 corpore.

2512 2716 2520 2725 ⁸
2536 2715 2570 2736 Ct.
2592 2721 2655 2737 num.
2670 2722 2684 2737 1.

1427 3105 1538 3134 talium
1558 3103 1802 3133 distinctionem.
1827 3102 1926 3139 Quod
1945 3103 2073 3132 abusive
2089 3103 2127 3132 ab
2153 3102 2251 3132 aliis
2274 3107 2406 3132 vocatur
2421 3101 2484 3131 dis·
2513 3103 2560 3125 'Cf·
2566 3104 2721 3129 Scotisent

1428 3148 1533 3188 tingui
1546 3147 1739 3188 formaliter
1761 3155 1802 3176 ex
1826 3151 1944 3176 natura
1968 3146 2024 3176 rei.

2512 3130 2565 3152 dist.
2586 3137 2609 3155 ιι,
2629 3131 2657 3152 nd
2678 3131 2719 3152 1⁵¹⁰

2512 3161 2600 3208 quae¹st
2603 3157 2633 3183 (in
2642 3157 2722 3179 ordine

1483 3190 1554 3226 Sed,
1578 3191 1625 3220 his
1642 3190 1775 3225 omissis,
1800 3195 1831 3219 et
1853 3190 1957 3220 sobrie
1975 3190 2133 3220 intellecta
2149 3168 2357 3220 abstractione
2376 3199 2484 3229 perso·
2511 3184 2668 3231 {ifficgmmp
2691 3184 2721 3205 ³²¹

1428 3235 1572 3270 nalitatis,
1597 3234 1711 3273 quovis
1726 3232 1826 3263 modo
1844 3234 2045 3273 exprimatur,
2070 3234 2237 3274 dupliciter
2254 3239 2359 3273 potest
2374 3233 2484 3263 titulus

1429 3278 1550 3308 articuli
1573 3278 1667 3307 huius
1690 3277 1837 3317 intelligi.
1862 3278 1982 3317 primo,
2007 3283 2042 3307 ut
2066 3278 2231 3307 abstractio
2255 3277 2484 3317 personalitatis

1428 3321 1483 3352 fiat
1505 3331 1523 3351 a
1546 3321 1632 3357 Deo;
1657 3320 1815 3356 secund0‚
1840 3327 1876 3351 ut
1899 3322 2064 3351 abstractio
2088 3322 2317 3361 personalitatis
2340 3330 2407 3350 non
2430 3320 2484 3350 fiat

1429 3375 1446 3395 a
1469 3365 1556 3400 Deo,
1588 3364 1643 3394 sed
1673 3365 1711 3394 ab
1736 3370 1808 3394 actu
1831 3365 2054 3395 incarnationis
2085 3366 2179 3395 etiam
2209 3365 2416 3395 terminative.
2451 3365 2483 3395 Si

1429 3409 1514 3438 enirn
1537 3409 1742 3448 personalitas
1766 3409 1900 3438 abstrahi
1926 3409 2108 3448 intelligitur
2132 3419 2149 3438 a
2172 3409 2258 3444 Deo,
2287 3418 2396 3438 sensus
2420 3414 2482 3438 est:

1428 3453 1496 3487 An,
1521 3453 1546 3482 si
1570 3453 1656 3482 Deus
1679 3462 1747 3482 non
1775 3453 1903 3482 haberet
1931 3453 2186 3492 personalitatem
2217 3461 2313 3492 quam
2337 3452 2375 3482 de
2399 3451 2483 3482 facto

1428 3497 1532 3532 habet,
1555 3502 1663 3536 posset
1683 3506 1858 3532 assumere3
1883 3501 1914 3526 et
1935 3497 2105 3536 praecipue
2120 3493 2336 3526 terminative?
2359 3496 2392 3526 Si
2407 3505 2482 3526 vero

1429 3540 1594 3570 abstractio
1618 3539 1672 3570 fiat
1687 3540 1792 3570 solum
1816 3540 1853 3570 ab
1870 3545 1942 3570 actu
1957 3540 2189 3576 incarnationis,
2209 3549 2318 3570 sensus
2335 3545 2396 3570 est:
2420 3539 2482 3575 An,
