2872 3970
214 348 349 387 nitaoes
374 344 415 382 in
442 355 489 384 eo
517 342 584 392 qui
611 350 666 379 est
690 349 798 391 pater
823 341 993 390 plurium
1021 342 1191 379 filiorum
1209 354 1271 390 ge—

214 398 410 439 neratione
445 394 617 432 naturali.
661 395 779 431 Secus
816 401 946 430 autem
983 402 1079 430 esset
1111 394 1141 431 si
1175 402 1272 431 esset

173 490 180 504 ,
211 448 462 512 Ραῐετῇιηίυε
489 446 731 496 generatione
758 446 935 492 naturali,
961 454 997 482 et
1024 447 1175 485 alterius
1202 459 1272 496 per

142 519 161 536 υ
266 515 291 543 o
347 512 475 540 onem.
1178 521 1181 524 >

212 515 512 601 ζῶᾓῃίίεεωω
539 559 595 589 est
629 558 759 588 autem
786 551 894 600 quod
928 563 1008 588 non
1041 564 1119 588 una
1147 559 1182 588 et
1210 563 1270 589 ea-

209 609 307 648 dem.
338 604 528 644 nativitate
565 603 737 641 Christus
772 611 827 640 est
853 611 965 641 natus
999 616 1045 641 ex
1079 605 1189 641 Patre
1221 604 1270 641 ab

147 656 166 679 s
211 667 380 705 euterun,
398 665 437 695 et
462 669 511 694 ex
537 663 657 694 matre
685 668 732 693 ex
763 664 949 704 tempore.
987 657 1071 693 Nec
1098 656 1270 693 nativitas

212 714 277 759 'est
296 711 410 749 unius
437 708 586 762 speciei.
616 709 738 756 Unde,
760 716 949 759 quantum
973 709 1021 746 ad
1049 710 1135 755 hoc,
1157 721 1270 758 opor-

134 760 157 810 ᾖ
210 757 308 811 {feret
333 763 457 803 dicere
485 762 526 800 in
554 760 705 799 Christo
738 773 819 799 esse
855 761 1024 799 diversas
1050 761 1268 807 filiationes,

209 810 335 859 finam
359 815 612 864 temporalem
635 821 671 851 et
698 813 812 851 aliam
839 821 1044 851 aeternam.
1075 814 1151 851 Sed
1179 813 1270 862 quia

207 869 428 909 &abiectum
445 865 636 904 filiationis
663 878 744 904 non
770 874 826 903 est
844 874 980 904 natura
1004 874 1070 903 aut
1097 878 1185 915 pars
1203 878 1269 903 na—

131 917 156 966 J
209 929 331 968 mirae,
350 920 418 957 sed
437 921 564 956 solum
582 930 748 967 persona
766 921 827 955 vel
846 918 1081 968 hypostasis;
1102 919 1141 955 in
1161 919 1269 955 Chri—

140 971 157 1019 ’ἶζ
206 973 274 1012 eto
302 981 432 1011 autem
463 983 544 1009 non
577 978 632 1008 est
667 971 881 1021 hypostasis
908 973 969 1008 vel
1003 982 1167 1020 persona
1199 971 1270 1008 nisi

128 1050 158 1074 ,3
208 1034 385 1073 aeterna:
413 1036 493 1064 non
519 1031 644 1075 potest
672 1023 711 1061 in
740 1023 890 1062 Christo
919 1035 1000 1061 esse
1022 1023 1149 1073 aliqua
1175 1023 1269 1061 filia-

131 1078 155 1126 ’ζ
208 1077 266 1120 'iio
283 1077 356 1118 nisi
380 1089 482 1127 quae
501 1076 547 1114 sit
573 1076 613 1113 in
632 1075 827 1126 hypostasi
850 1084 1013 1114 aeterna.
1045 1076 1184 1114 Omnis
1202 1089 1269 1114 au-

135 1142 163 1165 ῖ
207 1138 293 1171 aem
307 1129 438 1168 relatio
466 1141 566 1178 quae
586 1141 632 1167 ex
650 1136 824 1178 tempore
851 1130 898 1166 de
917 1130 1002 1166 Deo
1021 1129 1168 1176 dicitur,
1189 1141 1269 1166 non

207 1183 321 1239 ponit
337 1183 377 1220 in
394 1182 478 1232 ipso
497 1182 582 1219 Deo
601 1189 756 1219 aeterno
776 1182 919 1230 aliquid
938 1182 1154 1218 secundum
1173 1194 1267 1229 rem⁷

206 1237 281 1275 aed
306 1235 522 1273 secundum
541 1234 728 1271 rationem
753 1241 919 1271 tantum:
949 1234 1046 1271 sicut
1073 1234 1112 1271 in
1141 1234 1270 1272 Prima

205 1287 322 1344 ,Parte
339 1287 360 1310 ⁴⁸
386 1286 561 1326 habitum
589 1294 654 1325 est.
697 1287 745 1325 Et
772 1287 859 1325 ideo
895 1286 1025 1324 filiatio
1054 1299 1132 1336 qua
1161 1287 1268 1324 Chri-

155 1351 169 1361 *
204 1348 292 1389 &us
317 1340 476 1380 refertur
502 1339 552 1378 ad
578 1347 760 1386 matrem,
786 1351 868 1376 non
898 1347 1023 1389 potest
1051 1352 1131 1377 esse
1160 1340 1268 1377 realis

206 1393 354 1442 mdo,
374 1393 443 1431 sed
469 1394 596 1430 solum
624 1392 841 1430 secundum
869 1392 1068 1429 rationem.

176 1472 178 1475 s
203 1447 313 1484 ,ta-Et
339 1445 392 1483 sic
410 1452 600 1495 quantum
627 1446 676 1482 ad
695 1445 839 1494 aliquid
867 1452 1028 1494 utraque
1053 1444 1184 1494 opinio
1203 1458 1267 1482 ve-

205 1501 300 1545 'fflizn
327 1498 426 1536 dicit.
455 1499 560 1535 Nam
587 1497 619 1534 si
655 1498 896 1535 attendamus
925 1498 973 1535 ad
1001 1499 1183 1548 perfectas
1211 1511 1268 1536 ra-

202 1544 333 1604 ffibnes
359 1550 563 1597 filiationis,
584 1558 734 1599 oportet
769 1550 894 1588 dicere
926 1551 1022 1588 duas
1055 1550 1266 1598 filiationes,

204 1604 426 1655 ,saecundum
454 1603 673 1641 dualitatem
701 1603 952 1640 nativitatum.
991 1603 1031 1642 Si
1059 1611 1188 1641 autem
1216 1612 1268 1642 at-

132 1654 164 1710 Ῐ;,“,
204 1657 414 1697 meamus
433 1656 483 1694 ad
510 1656 726 1693 subiectum
743 1655 945 1703 filiationis,
965 1656 1074 1705 quod
1100 1668 1180 1693 non
1199 1669 1268 1707 po-

126 1709 162 1758 ’Ῑῖ
205 1706 282 1758 'test
307 1722 389 1747 esse
416 1709 488 1746 nisi
516 1708 759 1758 suppositum
793 1716 1010 1756 aeternum,
1038 1721 1118 1746 non
1145 1717 1268 1758 potest

171 1763 173 1766 “
202 1762 252 1803 in
271 1762 431 1800 Christo
460 1774 542 1801 esse
570 1761 718 1799 realiter
745 1761 817 1798 nisi
845 1761 974 1798 filiatio
1004 1769 1157 1799 aeterna
1176 1767 1199 1798 ².

227 1811 242 1827 ‘⁴
263 1812 410 1855 Dicitur
436 1823 566 1852 tamen
593 1814 747 1853 relative
775 1814 876 1852 filius
904 1815 953 1851 ad
980 1822 1143 1851 matrem
1175 1816 1268 1851 rela-

226 1866 315 1909 'one
340 1881 441 1918 quae
468 1867 732 1916 cointelligitur
756 1866 928 1904 relationi
955 1866 1200 1904 maternitatis
1219 1867 1268 1904 ad

212 1920 418 1961 Christum.
449 1920 554 1958 Sicut
572 1921 678 1957 Deus
706 1919 843 1958 dicitur
869 1919 1062 1957 Dominus
1088 1919 1268 1957 relatione

200 1979 311 2024 {quae
347 1973 612 2021 cointelligitur
649 1972 739 2010 reali
775 1972 947 2009 relationi
982 1984 1060 2022 qua
1096 1979 1268 2009 creatura

153 2062 160 2071 ,,
202 2025 407 2074 §subiicitur
433 2027 529 2064 Deo.
560 2027 608 2063 Et
635 2025 813 2075 quamvis
841 2025 971 2062 relatio
1000 2024 1161 2061 dominii
1189 2037 1268 2062 non

146 2084 181 2126 ’,ζμ
203 2072 259 2117 Ἑίῒ
277 2080 392 2117 realis
419 2079 459 2116 in
486 2079 582 2126 Deo,
611 2086 741 2116 tamen
769 2077 916 2116 realiter
943 2077 1028 2115 estt
1056 2077 1266 2124 Dominus,

146 2141 175 2171 ³1
199 2144 262 2181 vgx
284 2133 375 2172 reali
402 2132 637 2170 subiectione
665 2139 858 2168 creaturae
887 2131 936 2167 ad
963 2130 1103 2179 ipsum.
1146 2131 1194 2167 Et
1222 2130 1268 2167 si-

139 2175 187 2218 ‘¹3
201 2184 348 2227 {militer
366 2184 540 2223 Christus
559 2184 695 2222 dicitur
713 2183 861 2221 realiter
887 2182 988 2220 filius
1006 2182 1169 2231 Virginis
1188 2195 1268 2220 ma-

200 2237 275 2276 πίε
302 2250 349 2276 ex
376 2237 556 2275 relatione
592 2236 682 2274 reali
709 2235 954 2273 maternitatis
982 2235 1031 2273 ad
1060 2235 1266 2272 Christum.

204 2297 234 2330 ‘1²⁰
264 2292 321 2328 An
341 2303 475 2329 ramum
493 2302 592 2328 ERGO
611 2301 792 2327 monimum
806 2289 913 2339 quod
929 2288 1102 2325 nativitas
1121 2296 1268 2338 tempo-

203 2341 350 2394 petalis
385 2351 556 2382 causaret
582 2342 622 2380 in
651 2342 802 2380 Christo
836 2342 1087 2390 temporalem
1122 2340 1269 2378 filiatio-

205 2394 303 2442 nem
334 2398 494 2443 realem,
523 2396 554 2433 si
581 2403 679 2432 esset
706 2394 758 2433 ibi
795 2394 1010 2432 subiectum
1045 2393 1269 2432 huiusmodi

181 2454 182 2457 ’
204 2447 400 2489 Μοηίε
428 2461 558 2499 capax.
588 2448 708 2495 Quod
731 2447 890 2497 quidem
918 2459 999 2485 esse
1028 2459 1108 2484 non
1126 2454 1266 2496 potest:

263 2563 285 2598 ι)
302 2567 420 2591 aeterna.
437 2578 457 2583 -
474 2563 534 2588 EFa
553 2549 579 2588 et
596 2563 682 2593 tertia;
701 2570 754 2587 om.

261 2599 289 2636 ζ)
307 2602 395 2626 tamen
414 2599 523 2627 realiter
541 2602 589 2624 est.
606 2613 627 2617 -
644 2598 744 2623 dicitur
762 2601 850 2623 tamen
869 2597 981 2622 realiter·
999 2597 1080 2622 tertia.

212 2748 213 2751 ’
269 2757 375 2781 nunus
403 2746 442 2777 de
464 2745 670 2779 filiationibus
692 2745 838 2781 realibus,
854 2745 917 2776 hoc
938 2749 993 2781 est,
1011 2754 1051 2774 an
1072 2744 1183 2774 ambae
1204 2743 1266 2773 sint

204 2789 226 2831 ᾗ,
269 2791 367 2825 reales
388 2790 567 2826 relationes,
590 2789 784 2829 intelligitur.
1191 2797 1194 2800 ’

136 2868 162 2879 ,,,
205 2870 210 2874 ,
266 2835 303 2869 In
317 2844 452 2876 corpore
475 2839 614 2875 quatuor
635 2832 734 2864 fiunt:
759 2833 874 2874 primo,
898 2837 1064 2872 ponuntur
1087 2830 1168 2862 duae
1185 2832 1266 2861 circa

126 2875 172 2922 ⁷,
213 2879 389 2920 quaesitum
405 2878 591 2919 opinionest.
608 2877 761 2913 secundo,
773 2882 922 2908 tractatur
937 2878 970 2907 in
986 2876 1153 2906 communi
1168 2884 1266 2916 penes

207 2922 292 2969 qiud
319 2922 489 2955 attenditur
518 2922 622 2954 unitas
651 2921 702 2952 vel
731 2921 892 2961 pluralitas
926 2920 1086 2952 relationis
1116 2919 1207 2950 realis
1230 2919 1265 2954 *;

145 2999 165 3002 ,
206 2962 317 3013 ΜΟ,
337 2966 512 3010 applicatur
535 2965 574 2997 ad
593 2965 710 2997 Christi
732 2964 920 2996 filiationem
935 2965 968 3001 *3
993 2969 1116 3004 quarto,
1135 2972 1267 3002 respon-

146 3009 167 3040 ’ἶς
208 3008 469 3054 „depr-'quaesito
484 3010 511 3040 “.
966 3023 968 3026 ’

206 3052 245 3096 ’ὲ
263 3054 384 3097 ⁴Quoad
410 3053 567 3097 primum,
598 3053 701 3094 prima
732 3052 844 3094 opinio
876 3052 968 3093 ponit
998 3050 1076 3081 duas
1107 3050 1206 3082 reales
1234 3050 1267 3080 in

174 3094 178 3100 ⁴
258 3096 267 3134 J
280 3099 339 3137 'to
368 3097 550 3133 filiationes,
575 3101 706 3138 propter
734 3096 841 3136 plures
870 3095 1060 3130 nativitates,
1085 3103 1167 3134 quae
1195 3099 1268 3123 sunt

214 3139 334 3179 causae.
355 3159 377 3166 —
399 3140 547 3173 Secunda
568 3140 660 3180 ponit
682 3149 780 3170 unam
803 3144 937 3175 tantum,
960 3143 1091 3179 propter
1114 3138 1268 3169 unitatem

204 3189 376 3232 'mnam
401 3195 483 3229 quae
506 3190 553 3216 est
575 3183 764 3215 subiectum.

208 3225 306 3275 &JgJ-L'
327 3228 446 3271 Quoad
471 3227 654 3263 secundum,
679 3225 906 3259 advertendum
930 3230 976 3257 est
999 3224 1088 3266 quod
1110 3225 1168 3254 tria
1191 3233 1268 3254 con-

172 3311 176 3315 ,
205 3275 344 3319 Νῶϊ
365 3272 406 3308 ad
427 3272 544 3306 realem
574 3272 778 3304 relationem:
809 3269 927 3302 scilicet
954 3278 1058 3305 causa,
1081 3277 1148 3298 non
1172 3277 1268 3308 quae-

176 3331 178 3333 *
218 3311 250 3323 '⁷'
311 3326 365 3355 ue.
379 3316 436 3351 sed
450 3326 488 3347 ea
503 3325 586 3358 quae
601 3315 713 3349 fundat
727 3314 924 3349 relationem,
941 3318 978 3343 ut
993 3311 1106 3342 albedo
1122 3316 1269 3352 respectu

242 3361 253 3367 ''
329 3353 435 3399 ¹timis.
451 3365 483 3393 et
498 3361 655 3402 quantitas
677 3363 823 3399 respectu
839 3356 1044 3397 aequalitatis,
1061 3361 1092 3387 et
1106 3355 1268 3395 generatio

174 3422 182 3434 ·
208 3394 481 3448 Wffrespectu
503 3402 708 3448 paternitatis,
732 3407 763 3433 et
785 3401 915 3436 similia;
940 3400 1128 3449 subiectum,
1146 3399 1179 3429 in
1202 3408 1268 3438 quo

174 3487 177 3490 Α
212 3445 332 3492 &iacet
347 3448 401 3481 vest
422 3448 594 3481 subiective
617 3448 685 3490 ipsa
707 3446 827 3481 relatio,
845 3450 879 3476 ut
894 3444 1063 3486 paternitas
1086 3452 1119 3473 in
1135 3452 1270 3483 persona

284 3488 325 3534 f„
344 3497 376 3525 et
397 3492 441 3525 sic
464 3491 504 3525 de
526 3490 611 3528 aliis;
636 3496 667 3522 et
689 3490 842 3523 terminus
865 3487 905 3519 ad
927 3496 1025 3529 quem
1049 3492 1085 3517 ut
1103 3485 1142 3516 ad
1166 3495 1269 3516 corre-

206 3568 210 3572 .
228 3535 232 3542 ²
270 3544 346 3573 vum
360 3532 470 3569 relatio
487 3541 542 3572 est,
555 3540 593 3567 ut
606 3534 690 3567 filius
702 3535 719 3551 ⁴*
732 3539 778 3566 est
793 3532 832 3564 ad
848 3541 946 3573 quem
962 3531 1076 3562 dicitur
1090 3530 1268 3570 paternitas,

212 3575 316 3619 sstsii:
338 3578 377 3613 de
403 3579 481 3612 aliis.
509 3578 551 3612 Et
574 3578 650 3620 quia
678 3578 756 3609 haec
785 3577 989 3608 inveniuntur
1020 3583 1207 3606 concurrere
1231 3573 1271 3604 ad

883 264 1146 310 QUAESTIO
1176 265 1331 312 XXXV,
1360 262 1652 305 ARTICULUS
1680 267 1714 303 V

2304 269 2379 317 357

1325 342 1454 391 ipsum
1491 344 1594 380 enim
1629 344 1871 393 suppositum
1908 352 2105 382 aeternum
2142 358 2221 383 non
2258 355 2381 395 potest

1325 407 1406 432 esse
1436 396 1696 444 susceptivum
1716 397 1905 433 relationis
1923 398 2154 446 temporaliS,
2175 406 2217 435 ut
2235 398 2380 436 dictum

1326 455 1380 484 est
1398 447 1427 484 ²¹⁶.
1449 471 1473 474 —
1502 449 1585 485 Nec
1613 449 1726 485 etiam
1745 457 1868 497 potest
1897 449 1969 486 dici
1993 451 2099 498 quod
2128 451 2173 486 sit
2201 452 2380 501 suscepti-

1325 512 1421 536 vum
1449 500 1638 537 filiationis
1665 501 1884 549 temporalis
1912 501 2055 538 ratione
2093 503 2286 540 humanae
2314 516 2380 541 na-

1325 559 1443 599 turae,
1465 553 1560 590 sicut
1588 553 1702 590 etiam
1730 561 1767 590 et
1794 553 2012 602 temporalis
2039 554 2260 592 nativitatis:
2290 556 2380 604 quia

1325 613 1516 653 oporteret
1534 613 1711 643 naturam
1731 607 1943 643 humanam
1964 606 2172 655 aliqualiter
2189 620 2272 644 esse
2292 608 2379 644 sub-

1324 657 1461 694 iectam
1488 657 1671 703 filiationi,
1691 658 1786 695 sicut
1809 666 1864 694 est
1892 658 2101 707 aliqualiter
2127 660 2295 696 subiecta
2314 672 2379 697 na—

1323 709 1472 756 tivitati3
1503 722 1593 747 cum
1611 710 1717 747 enim
1735 711 1920 760 Aethiops
1940 711 2075 748 dicitur
2099 712 2207 749 albus
2235 712 2379 749 ratione

1325 762 1458 809 dentis,
1479 770 1628 811 oportet
1655 763 1763 812 quod
1790 763 1884 800 dens
1903 763 2100 814 Aethiopis
2129 764 2174 801 sit
2197 765 2380 802 albedinis

1324 814 1550 852 subiectum.
1580 816 1727 852 Natura
1761 823 1890 852 autem
1919 817 2091 854 humana
2125 818 2231 854 nullo
2260 818 2379 854 modo

1323 875 1447 915 potest
1466 880 1546 904 esse
1575 867 1790 905 subiectum
1809 868 2017 905 filiationis:
2046 869 2137 918 quia
2164 871 2260 906 haec
2287 871 2379 907 rela-

1323 919 1376 956 tio
1404 920 1543 957 directe
1572 920 1720 969 respicit
1747 933 1964 969 personam.

1377 973 1433 1009 ΑΙ)
1470 985 1658 1010 SECUNDUM
1694 985 1873 1010 mcENDUM
1914 974 2021 1022 quod
2057 973 2186 1010 filiatio
2227 982 2379 1011 aeterna

1323 1036 1403 1061 non
1431 1025 1622 1074 dependet
1648 1038 1671 1062 a
1697 1033 1817 1062 matre
1836 1025 2051 1075 temporali:
2083 1027 2148 1063 sed
2168 1027 2259 1064 huic
2285 1026 2379 1064 filia-

1323 1076 1417 1114 tioni
1430 1080 1604 1115 aeternae
1625 1077 1886 1126 cointelligitur
1899 1078 2058 1127 quidam
2078 1087 2270 1128 respectus
2284 1088 2378 1117 tem-

1323 1129 1463 1178 poralis
1477 1130 1700 1178 dependens
1719 1143 1741 1167 a
1759 1138 1891 1177 matre,
1908 1131 2122 1168 secundum
2137 1144 2255 1180 quem
2271 1132 2378 1169 Chri-

1324 1189 1403 1218 stus
1429 1182 1566 1219 dicitur
1593 1182 1694 1219 filius
1722 1184 1862 1220 matris.

1376 1236 1432 1271 An
1459 1246 1618 1272 TEanJM
1636 1247 1816 1273 1>1cENDUM
1836 1236 1943 1285 quod
1962 1249 2076 1273 unum
2096 1242 2128 1272 et
2153 1249 2216 1273 ens
2234 1249 2274 1273 se
2293 1249 2379 1273 con-

1322 1293 1533 1336 sequuntur,
1554 1295 1595 1325 ut
1623 1287 1759 1325 dicitur
1785 1288 1824 1325 in
1853 1290 1902 1326 IV
1920 1290 2131 1339 Metaphys.
2151 1288 2172 1310 ’¹‘
2205 1290 2252 1326 Et
2279 1288 2378 1336 ideo,

1323 1339 1419 1377 sicut
1447 1339 1627 1388 contingit
1653 1341 1760 1390 quod
1788 1341 1827 1378 in
1855 1354 1934 1378 uno
1963 1350 2223 1379 extremorum
2250 1342 2379 1379 relatio

1323 1393 1368 1429 sit
1396 1393 1596 1442 quoddam
1624 1406 1702 1440 ens,
1723 1394 1762 1430 in
1781 1394 1855 1431 alio
1883 1402 2012 1431 autem
2031 1406 2112 1431 non
2140 1394 2185 1431 sit
2213 1406 2292 1439 enS,
2313 1395 2379 1431 sed

1323 1445 1417 1482 ratio
1444 1453 1606 1493 tantum,
1626 1447 1722 1483 sicut
1749 1447 1796 1483 de
1823 1446 1941 1483 scibili
1968 1455 2005 1484 et
2032 1446 2186 1484 scientia
2209 1447 2380 1484 Philoso-

1322 1499 1424 1547 phus
1453 1499 1558 1545 dicit,
1588 1499 1628 1535 in
1646 1500 1682 1536 V
1699 1501 1911 1548 Metaphys.
1940 1499 1980 1536 *z
2018 1499 2068 1536 ita
2096 1499 2210 1536 etiam
2235 1499 2379 1536 contin-

1322 1551 1372 1600 git
1399 1551 1507 1600 quod
1526 1564 1572 1589 ex
1599 1560 1705 1601 parte
1725 1551 1840 1589 unius
1868 1552 2024 1589 extremi
2048 1559 2103 1589 est
2129 1564 2208 1590 una
2236 1552 2378 1598 relatio,

1323 1616 1370 1641 ex
1396 1612 1501 1653 parte
1530 1612 1660 1642 autem
1687 1604 1838 1642 alterius
1867 1604 2023 1642 extremi
2047 1613 2135 1642 sunt
2162 1606 2304 1643 multae
2323 1617 2379 1642 re-

1322 1656 1491 1694 lationes.
1523 1657 1627 1694 Sicut
1654 1657 1694 1694 in
1721 1657 1944 1694 hominibus
1973 1670 2018 1694 ex
2045 1665 2150 1706 parte
2176 1665 2380 1706 parentum

1322 1709 1515 1746 invenitur
1541 1710 1683 1759 duplex
1711 1710 1851 1756 relatio,
1879 1722 1959 1747 una
1985 1710 2216 1759 paternitatis
2243 1718 2280 1746 et
2308 1710 2380 1746 alia

1322 1762 1578 1809 maternitatis,
1599 1775 1698 1811 quae
1719 1770 1806 1799 sunt
1825 1763 1950 1811 specie
1978 1763 2205 1808 differentes,
2226 1770 2381 1811 propter

1323 1815 1398 1851 hoc
1426 1815 1533 1864 quod
1561 1814 1633 1852 alia
1670 1814 1815 1852 ratione
1851 1822 1976 1864 pater,
2008 1823 2043 1851 et
2071 1815 2142 1852 alia
2170 1822 2291 1851 mater
2326 1823 2381 1851 est

1321 1867 1573 1915 generationis
1597 1867 1828 1916 principium
1856 1869 1902 1915 (—
1922 1867 1953 1904 si
1980 1879 2072 1904 vero
2102 1875 2227 1904 essent
2253 1868 2381 1916 plures

1322 1920 1459 1956 eadem
1494 1920 1638 1957 ratione
1671 1920 1902 1969 principium
1937 1920 2052 1957 unius
2085 1920 2261 1967 actionis,
2288 1928 2381 1969 puta

1322 1985 1410 2009 cum
1450 1973 1559 2009 multi
1596 1972 1711 2009 simul
1742 1975 1898 2010 trahunt
1934 1985 2095 2020 navem,
2125 1973 2165 2009 in
2200 1972 2381 2009 omnibus

1322 2033 1419 2062 esset
1437 2037 1516 2062 una
1535 2033 1571 2062 et
1589 2026 1726 2062 eadem
1754 2025 1920 2073 relati0):
1951 2038 1997 2062 ex
2015 2033 2120 2074 parte
2145 2033 2274 2062 autem
2293 2037 2381 2074 pro·

1322 2078 1365 2114 lis
1393 2085 1448 2114 est
1475 2090 1553 2115 una
1581 2079 1661 2114 sola
1688 2077 1818 2115 filiatio
1848 2078 2060 2115 secundum
2091 2090 2185 2124 rem,
2215 2078 2283 2115 sed
2311 2078 2380 2115 du-

1321 2131 1422 2179 plex*
1437 2131 1652 2168 secundum
1680 2130 1878 2177 rationem,
1900 2130 2131 2179 inquantum
2158 2142 2381 2180 correspon-

1322 2183 1385 2220 det
1405 2188 1422 2210 η
1442 2183 1593 2232 utrique
1618 2183 1789 2220 relationi
1816 2191 2021 2232 parentum
2040 2183 2254 2220 secundum
2283 2184 2381 2220 duos

1322 2244 1515 2285 respectus
1543 2236 1762 2272 intellectus.
1800 2237 1847 2273 Et
1875 2235 1927 2272 sic
1961 2235 2075 2272 etiam
2109 2243 2299 2284 quantum
2332 2236 2381 2273 ad

1323 2288 1464 2338 aliquid
1494 2288 1532 2325 in
1563 2288 1714 2325 Christo
1742 2296 1797 2325 est
1823 2295 1972 2325 tantum
1999 2300 2078 2325 una
2101 2288 2230 2325 filiatio
2259 2288 2378 2335 realis,

1323 2353 1422 2390 quae
1451 2341 1601 2391 respicit
1636 2342 1788 2378 Patrem
1823 2348 2038 2378 aeternum:
2077 2348 2132 2377 est
2165 2348 2294 2377 tamen
2328 2340 2380 2377 ibi

1323 2393 1417 2431 alius
1446 2399 1638 2443 respectus
1674 2393 1911 2443 temporalis,
1940 2393 2006 2442 qui
2034 2393 2183 2442 respicit
2218 2401 2380 2430 matrem

1322 2449 1587 2496 temporalem.

1373 2562 1400 2596 η)
1419 2562 1616 2594 correspondet.
1634 2576 1652 2580 —
1671 2561 1812 2593 respondet
1830 2560 1917 2585 GHbc.

878 2673 1215 2706 Commenta-ria
1238 2671 1489 2707 cardinalis
1512 2668 1711 2702 Caietam

1321 2751 1387 2772 esse
1403 2740 1579 2775 relationis;
1606 2744 1636 2768 et
1651 2739 1754 2768 unitas
1775 2742 1828 2767 aut
1844 2736 2003 2776 pluralitas
2020 2734 2059 2765 ad
2075 2744 2141 2765 esse
2158 2735 2202 2764 rei
2218 2739 2377 2774 spectant:

1319 2785 1393 2816 ideo
1417 2785 1549 2819 Auctor,
1574 2783 1606 2813 in
1631 2782 1796 2812 communi
1823 2787 1953 2811 tractare
1984 2779 2094 2809 volens
2122 2779 2173 2808 hic
2197 2777 2235 2808 de
2258 2778 2379 2821 unitate

1320 2830 1371 2860 vel
1394 2828 1571 2869 pluralitate
1594 2826 1754 2856 relationis
1777 2825 1876 2860 realis,
1901 2823 1939 2854 de
1964 2832 2027 2863 qua
2046 2828 2091 2852 est
2115 2830 2229 2857 sermO,
2252 2821 2289 2851 ab
2313 2822 2379 2851 istis

1320 2874 1419 2903 tribus
1448 2871 1610 2902 inchoavit
1641 2875 1671 2899 et
1700 2878 1756 2910 per
1783 2869 1861 2898 haec
1893 2868 1951 2897 tria
1981 2866 2141 2901 discurrit,
2165 2865 2378 2906 proponendo

1321 2916 1409 2958 quod
1432 2925 1531 2956 penes
1547 2922 1675 2944 causam
1690 2913 1740 2942 vel
1756 2912 1944 2946 subiectum,
1963 2916 1993 2941 et
2007 2919 2074 2940 non
2090 2919 2188 2950 penes
2205 2909 2379 2939 terminum

1320 2961 1430 2991 relatio
1449 2958 1654 2999 plurificatur,
1672 2955 1871 2986 excludendo
1890 2955 1993 2995 primo
2009 2954 2181 2984 terminum
2198 2962 2264 2983 esse
2280 2962 2379 2992 penes

1322 3013 1419 3045 quem
1434 3003 1537 3033 unitas
1549 3007 1603 3031 aut
1614 3000 1775 3041 pluralitas
1790 2999 1949 3029 relationis
1965 2998 2054 3028 realis
2071 2996 2250 3028 attenditur.
2263 2997 2380 3027 Probat

1322 3054 1428 3079 autem
1458 3047 1521 3076 hoc
1550 3055 1587 3075 ex
1615 3054 1654 3074 eo
1683 3043 1788 3083 quod,
1813 3043 1837 3072 si
1861 3042 1900 3072 ad
1927 3042 2139 3082 pluralitatem
2168 3040 2379 3071 terminorum

1321 3091 1583 3132 multiplicaretur
1598 3087 1688 3118 realis
1704 3087 1823 3122 relatio,
1836 3091 2022 3127 sequeretur
2033 3084 2122 3125 quod
2137 3084 2282 3115 Socrates
2298 3090 2380 3114 esset

1322 3135 1405 3166 filius
1421 3133 1543 3164 duabus
1566 3131 1770 3162 filiationibus
1789 3130 1924 3160 realibus
1940 3130 2045 3170 specie
2062 3127 2286 3164 differentibus,
2303 3128 2379 3168 quia

1323 3185 1369 3209 est
1384 3178 1467 3208 filius
1490 3177 1586 3217 patris
1610 3181 1640 3205 et
1655 3175 1778 3205 matris:
1803 3173 1892 3214 quod
1908 3179 1955 3204 est
1969 3173 2207 3208 inconveniens,
2225 3172 2299 3212 quia
2315 3181 2379 3202 una

1322 3223 1482 3253 nativitate
1506 3226 1552 3250 est
1575 3220 1740 3259 utriusque
1763 3217 1856 3248 filius.

1377 3266 1417 3296 Et
1440 3265 1524 3300 hinc,
1543 3262 1695 3299 secundo,
1711 3262 1805 3292 infert
1827 3270 1925 3302 penes
1947 3261 2102 3291 unitatem
2125 3269 2238 3290 causae
2262 3258 2379 3290 attendi

1322 3309 1476 3340 unitatem
1499 3306 1681 3348 specificam
1705 3306 1874 3337 relationis.
1902 3305 1943 3336 Et
1965 3304 2145 3335 manifestat
2166 3304 2238 3340 hoc,
2262 3304 2378 3344 primo,

1322 3354 1356 3384 in
1372 3352 1523 3383 filiatione
1546 3360 1644 3392 penes
1662 3350 1874 3386 nativitatem;
1898 3348 2050 3384 secundo,
2067 3349 2100 3378 in
2115 3349 2264 3388 magistro
2280 3354 2379 3387 penes

1323 3406 1421 3428 unam
1452 3395 1639 3430 doctrinam,
1664 3399 1695 3424 et
1717 3395 1750 3424 in
1773 3393 1906 3424 domino
1935 3402 2034 3432 penes
2061 3401 2164 3422 unum
2188 3390 2378 3423 dominium.

1378 3441 1419 3471 Et
1442 3439 1526 3476 inde,
1550 3439 1653 3475 tertio,
1677 3438 1881 3479 prosequitur
1903 3436 2114 3477 pluralitatem
2138 3434 2319 3476 specificam
2334 3440 2380 3465 at-

1323 3483 1411 3515 tendi
1433 3493 1532 3525 penes
1558 3482 1740 3524 specificam
1766 3481 1978 3522 pluralitatem
2005 3489 2127 3510 causae.
2155 3478 2253 3517 Quod
2278 3479 2380 3509 mani-

1324 3528 1415 3559 festat
1437 3528 1471 3558 in
1490 3527 1669 3567 magisterio
1692 3526 1914 3566 grammaticae
1931 3529 1962 3554 et
1977 3524 2114 3564 logicae:
2139 3529 2171 3553 et
2185 3523 2230 3553 sic
2246 3522 2285 3553 de
2301 3522 2378 3553 aliis.

1379 3572 1420 3602 Et
1443 3571 1583 3606 demum,
1607 3571 1761 3601 unitatem
1790 3569 1987 3600 numeralem
2011 3567 2169 3599 relationis
2192 3575 2259 3598 non
2281 3575 2381 3607 penes

2408 456 2418 466 ⁸
2432 455 2457 476 ln
2473 461 2580 483 corpore.

2409 1302 2418 1310 ¹
2432 1302 2454 1323 S.
2465 1302 2508 1324 Th.
2527 1303 2577 1324 lect.
2588 1309 2615 1328 ¹¹5

2407 1328 2459 1349 Did.
2469 1329 2507 1350 lib.
2517 1329 2555 1352 111.
2565 1335 2591 1350 ca
2611 1345 2616 1350 .

2390 1356 2428 1378 '¹¹2
2444 1360 2466 1375 n.
2481 1361 2519 1382 5.-
2531 1355 2565 1377 Cf.
2578 1356 2616 1376 li.

2407 1380 2435 1427 ἕ.
2445 1386 2496 1428 “riis
2508 1387 2617 1429 iffi?

2407 1434 2458 1455 lect.
2474 1439 2507 1455 ιιι.

2408 1510 2417 1520 ’
2427 1509 2496 1531 S.Th.
2507 1509 2618 1531 lect.xvn.

2407 1547 2417 1551 -
2437 1536 2489 1557 Did.
2511 1536 2549 1557 lib.
2569 1536 2616 1563 IV,

2408 1568 2458 1589 cap.
2473 1568 2510 1588 xv,
2526 1568 2548 1583 n.
2564 1562 2585 1583 8.
