<?xml version="1.0" encoding="UTF-8"?>
<!DOCTYPE html PUBLIC "-//W3C//DTD XHTML 1.0 Transitional//EN"
    "http://www.w3.org/TR/xhtml1/DTD/xhtml1-transitional.dtd">
<html xmlns="http://www.w3.org/1999/xhtml" xml:lang="en" lang="en">
 <head>
  <title>
</title>
<meta http-equiv="Content-Type" content="text/html;charset=utf-8" />
  <meta name='ocr-system' content='tesseract 3.04.00' />
  <meta name='ocr-capabilities' content='ocr_page ocr_carea ocr_par ocr_line ocrx_word'/>
</head>
<body>
  <div class='ocr_page' id='page_1' title='image "./operaomniaiussui11thom_0538.png"; bbox 0 0 2872 3970; ppageno 0'>
   <div class='ocr_carea' id='block_1_1' title="bbox 243 414 456 469">
    <p class='ocr_par' dir='ltr' id='par_1_1' title="bbox 243 414 456 469">
     <span class='ocr_line' id='line_1_1' title="bbox 243 414 454 440; baseline -0.019 -1"><span class='ocrx_word' id='word_1_1' title='bbox 243 418 254 428; x_wconf 78' lang='lat'>⁸</span> <span class='ocrx_word' id='word_1_2' title='bbox 264 417 300 438; x_wconf 86' lang='lat' dir='ltr'>De</span> <span class='ocrx_word' id='word_1_3' title='bbox 310 415 330 437; x_wconf 88' lang='lat' dir='ltr'><em>F</em></span> <span class='ocrx_word' id='word_1_4' title='bbox 330 415 368 437; x_wconf 75' lang='lat' dir='ltr'>ide</span> <span class='ocrx_word' id='word_1_5' title='bbox 380 414 454 440; x_wconf 65' lang='lat' dir='ltr'>Orth„</span> 
     </span>
     <span class='ocr_line' id='line_1_2' title="bbox 243 443 456 469; baseline -0.019 -4"><span class='ocrx_word' id='word_1_6' title='bbox 243 443 283 465; x_wconf 87' lang='lat' dir='ltr'>lib.</span> <span class='ocrx_word' id='word_1_7' title='bbox 289 443 328 469; x_wconf 90' lang='lat'>111,</span> <span class='ocrx_word' id='word_1_8' title='bbox 335 446 456 469; x_wconf 78' lang='lat' dir='ltr'>cap.xxvn.</span> 
     </span>
    </p>
   </div>
   <div class='ocr_carea' id='block_1_2' title="bbox 246 790 456 818">
    <p class='ocr_par' dir='ltr' id='par_1_2' title="bbox 246 790 456 818">
     <span class='ocr_line' id='line_1_3' title="bbox 246 790 456 818; baseline -0.005 -7"><span class='ocrx_word' id='word_1_9' title='bbox 246 791 256 802; x_wconf 69' lang='lat'>⁸</span> <span class='ocrx_word' id='word_1_10' title='bbox 270 790 318 818; x_wconf 88' lang='lat' dir='ltr'>Qu.</span> <span class='ocrx_word' id='word_1_11' title='bbox 333 795 364 815; x_wconf 77' lang='lat' dir='ltr'>vt,</span> <span class='ocrx_word' id='word_1_12' title='bbox 379 791 420 810; x_wconf 80' lang='lat' dir='ltr'>art.</span> <span class='ocrx_word' id='word_1_13' title='bbox 438 795 456 810; x_wconf 78' lang='grc'>1.</span> 
     </span>
    </p>
   </div>
   <div class='ocr_carea' id='block_1_3' title="bbox 247 1201 457 1255">
    <p class='ocr_par' dir='ltr' id='par_1_3' title="bbox 247 1201 457 1251">
     <span class='ocr_line' id='line_1_4' title="bbox 248 1201 457 1230; baseline -0.016 -4.726"><span class='ocrx_word' id='word_1_14' title='bbox 248 1201 457 1230; x_wconf 77' lang='lat' dir='ltr'>⁸1n¹oan.Evang,</span> 
     </span>
     <span class='ocr_line' id='line_1_5' title="bbox 247 1229 420 1255; baseline -0.006 -4"><span class='ocrx_word' id='word_1_15' title='bbox 247 1234 312 1251; x_wconf 80' lang='lat' dir='ltr'>tract.</span> <span class='ocrx_word' id='word_1_16' title='bbox 328 1229 420 1255; x_wconf 80' lang='lat' dir='ltr'>XLVII,</span> 
     </span>
    </p>
   </div>
   <div class='ocr_carea' id='block_1_4' title="bbox 249 1262 328 1284">
    <p class='ocr_par' dir='ltr' id='par_1_4' title="bbox 249 1262 328 1284">
     <span class='ocr_line' id='line_1_6' title="bbox 249 1262 328 1284; baseline 0 -1"><span class='ocrx_word' id='word_1_17' title='bbox 249 1262 328 1284; x_wconf 76' lang='lat' dir='ltr'><strong>9⁵·&lt;1q</strong></span> 
     </span>
    </p>
   </div>
   <div class='ocr_carea' id='block_1_5' title="bbox 259 2641 471 2689">
    <p class='ocr_par' dir='ltr' id='par_1_5' title="bbox 259 2641 471 2689">
     <span class='ocr_line' id='line_1_7' title="bbox 260 2641 471 2668; baseline 0 -6"><span class='ocrx_word' id='word_1_18' title='bbox 260 2643 270 2651; x_wconf 81' lang='lat'>⁸</span> <span class='ocrx_word' id='word_1_19' title='bbox 285 2641 368 2668; x_wconf 70' lang='lat' dir='ltr'>Qu.V1,</span> <span class='ocrx_word' id='word_1_20' title='bbox 380 2644 421 2662; x_wconf 81' lang='lat' dir='ltr'>art.</span> <span class='ocrx_word' id='word_1_21' title='bbox 433 2647 450 2662; x_wconf 90' lang='grc' dir='ltr'>ι.</span> <span class='ocrx_word' id='word_1_22' title='bbox 460 2652 471 2656; x_wconf 95' lang='grc'>-</span> 
     </span>
     <span class='ocr_line' id='line_1_8' title="bbox 259 2667 442 2689; baseline -0.005 0"><span class='ocrx_word' id='word_1_23' title='bbox 259 2668 295 2689; x_wconf 84' lang='lat' dir='ltr'>Cf.</span> <span class='ocrx_word' id='word_1_24' title='bbox 312 2667 442 2689; x_wconf 82' lang='lat' dir='ltr'>Comment.</span> 
     </span>
    </p>
   </div>
   <div class='ocr_carea' id='block_1_6' title="bbox 482 282 1542 336">
    <p class='ocr_par' dir='ltr' id='par_1_6' title="bbox 482 282 1542 336">
     <span class='ocr_line' id='line_1_9' title="bbox 482 282 1542 336; baseline -0.003 -14"><span class='ocrx_word' id='word_1_25' title='bbox 482 286 558 332; x_wconf 85' lang='lat'>482</span> <span class='ocrx_word' id='word_1_26' title='bbox 1199 282 1461 336; x_wconf 83' lang='lat' dir='ltr'>QUAEsT1o</span> <span class='ocrx_word' id='word_1_27' title='bbox 1489 283 1542 328; x_wconf 87' lang='lat' dir='ltr'>L,</span> 
     </span>
    </p>
   </div>
   <div class='ocr_carea' id='block_1_7' title="bbox 477 360 1546 1038">
    <p class='ocr_par' dir='ltr' id='par_1_7' title="bbox 477 360 1540 620">
     <span class='ocr_line' id='line_1_10' title="bbox 535 360 1540 412; baseline -0.005 -11"><span class='ocrx_word' id='word_1_28' title='bbox 535 364 608 401; x_wconf 79' lang='lat' dir='ltr'>SED</span> <span class='ocrx_word' id='word_1_29' title='bbox 637 375 780 400; x_wconf 80' lang='lat' dir='ltr'>CONTRA</span> <span class='ocrx_word' id='word_1_30' title='bbox 808 375 873 400; x_wconf 84' lang='grc' dir='ltr'>Ε5τ</span> <span class='ocrx_word' id='word_1_31' title='bbox 901 363 1008 412; x_wconf 89' lang='lat' dir='ltr'>quod</span> <span class='ocrx_word' id='word_1_32' title='bbox 1035 362 1123 399; x_wconf 90' lang='lat' dir='ltr'>dicit</span> <span class='ocrx_word' id='word_1_33' title='bbox 1141 363 1416 406; x_wconf 89' lang='lat' dir='ltr'>Damascenus,</span> <span class='ocrx_word' id='word_1_34' title='bbox 1436 360 1476 397; x_wconf 92' lang='lat' dir='ltr'>in</span> <span class='ocrx_word' id='word_1_35' title='bbox 1494 361 1540 396; x_wconf 90' lang='grc' dir='ltr'>ΙΙΙ</span> 
     </span>
     <span class='ocr_line' id='line_1_11' title="bbox 482 415 1540 459; baseline -0.005 -6"><span class='ocrx_word' id='word_1_36' title='bbox 482 416 577 453; x_wconf 91' lang='lat' dir='ltr'>libro</span> <span class='ocrx_word' id='word_1_37' title='bbox 596 416 633 452; x_wconf 77' lang='grc' dir='ltr'>*ε</span> <span class='ocrx_word' id='word_1_38' title='bbox 662 417 741 453; x_wconf 89' lang='lat' dir='ltr'>Etsi</span> <span class='ocrx_word' id='word_1_39' title='bbox 762 417 925 453; x_wconf 88' lang='lat' dir='ltr'>Christus</span> <span class='ocrx_word' id='word_1_40' title='bbox 952 421 1118 454; x_wconf 88' lang='lat' dir='ltr'>mortuus</span> <span class='ocrx_word' id='word_1_41' title='bbox 1136 420 1187 451; x_wconf 86' lang='lat' dir='ltr'>est</span> <span class='ocrx_word' id='word_1_42' title='bbox 1205 420 1243 450; x_wconf 90' lang='lat' dir='ltr'>ut</span> <span class='ocrx_word' id='word_1_43' title='bbox 1261 415 1385 459; x_wconf 84' lang='lat' dir='ltr'>homo,</span> <span class='ocrx_word' id='word_1_44' title='bbox 1405 418 1438 449; x_wconf 86' lang='lat' dir='ltr'>et</span> <span class='ocrx_word' id='word_1_45' title='bbox 1455 424 1540 449; x_wconf 89' lang='lat' dir='ltr'>san-</span> 
     </span>
     <span class='ocr_line' id='line_1_12' title="bbox 482 465 1540 506; baseline -0.005 -1"><span class='ocrx_word' id='word_1_46' title='bbox 482 475 540 506; x_wconf 87' lang='lat' dir='ltr'>cta</span> <span class='ocrx_word' id='word_1_47' title='bbox 568 470 643 505; x_wconf 88' lang='lat' dir='ltr'>eius</span> <span class='ocrx_word' id='word_1_48' title='bbox 671 470 798 505; x_wconf 89' lang='lat' dir='ltr'>anima</span> <span class='ocrx_word' id='word_1_49' title='bbox 826 470 874 505; x_wconf 95' lang='lat' dir='ltr'>ab</span> <span class='ocrx_word' id='word_1_50' title='bbox 901 468 1190 504; x_wconf 88' lang='lat' dir='ltr'>incontaminato</span> <span class='ocrx_word' id='word_1_51' title='bbox 1211 465 1225 495; x_wconf 76' lang='grc' dir='ltr'><strong>β</strong></span> <span class='ocrx_word' id='word_1_52' title='bbox 1253 466 1368 503; x_wconf 82' lang='lat' dir='ltr'>divisa</span> <span class='ocrx_word' id='word_1_53' title='bbox 1393 470 1443 501; x_wconf 88' lang='lat' dir='ltr'>est</span> <span class='ocrx_word' id='word_1_54' title='bbox 1461 476 1540 502; x_wconf 88' lang='lat' dir='ltr'>cor-</span> 
     </span>
     <span class='ocr_line' id='line_1_13' title="bbox 477 519 1541 570; baseline -0.005 -13"><span class='ocrx_word' id='word_1_55' title='bbox 477 533 574 570; x_wconf 89' lang='lat' dir='ltr'>pore</span> <span class='ocrx_word' id='word_1_56' title='bbox 581 534 594 565; x_wconf 89' lang='lat'>,·</span> <span class='ocrx_word' id='word_1_57' title='bbox 620 520 686 557; x_wconf 85' lang='lat' dir='ltr'>sed</span> <span class='ocrx_word' id='word_1_58' title='bbox 711 521 879 558; x_wconf 83' lang='lat' dir='ltr'>divinitas</span> <span class='ocrx_word' id='word_1_59' title='bbox 907 519 1162 570; x_wconf 84' lang='lat' dir='ltr'>inseparabilis</span> <span class='ocrx_word' id='word_1_60' title='bbox 1189 520 1236 555; x_wconf 92' lang='lat' dir='ltr'>ab</span> <span class='ocrx_word' id='word_1_61' title='bbox 1270 519 1430 566; x_wconf 86' lang='lat' dir='ltr'>utrisque</span> <span class='ocrx_word' id='word_1_62' title='bbox 1455 528 1541 566; x_wconf 90' lang='lat' dir='ltr'>per-</span> 
     </span>
     <span class='ocr_line' id='line_1_14' title="bbox 483 572 1224 620; baseline -0.005 -10"><span class='ocrx_word' id='word_1_63' title='bbox 483 574 627 619; x_wconf 86' lang='lat' dir='ltr'>mansit,</span> <span class='ocrx_word' id='word_1_64' title='bbox 656 574 704 610; x_wconf 93' lang='lat' dir='ltr'>ab</span> <span class='ocrx_word' id='word_1_65' title='bbox 731 575 859 610; x_wconf 90' lang='lat' dir='ltr'>anima</span> <span class='ocrx_word' id='word_1_66' title='bbox 886 572 968 609; x_wconf 84' lang='lat' dir='ltr'>dico</span> <span class='ocrx_word' id='word_1_67' title='bbox 996 577 1030 608; x_wconf 89' lang='lat' dir='ltr'>et</span> <span class='ocrx_word' id='word_1_68' title='bbox 1056 582 1224 620; x_wconf 88' lang='lat' dir='ltr'>corpore.</span> 
     </span>
    </p>

    <p class='ocr_par' dir='ltr' id='par_1_8' title="bbox 483 620 1546 1038">
     <span class='ocr_line' id='line_1_15' title="bbox 535 620 1541 672; baseline -0.007 -9"><span class='ocrx_word' id='word_1_69' title='bbox 535 627 759 663; x_wconf 60' lang='lat' dir='ltr'>Resposnzo</span> <span class='ocrx_word' id='word_1_70' title='bbox 778 636 959 662; x_wconf 76' lang='lat' dir='ltr'><strong>DICENDUM</strong></span> <span class='ocrx_word' id='word_1_71' title='bbox 977 623 1084 672; x_wconf 89' lang='lat' dir='ltr'>quod</span> <span class='ocrx_word' id='word_1_72' title='bbox 1104 622 1233 660; x_wconf 86' lang='lat' dir='ltr'>anima</span> <span class='ocrx_word' id='word_1_73' title='bbox 1251 621 1358 658; x_wconf 89' lang='lat' dir='ltr'>unita</span> <span class='ocrx_word' id='word_1_74' title='bbox 1376 628 1431 657; x_wconf 91' lang='lat' dir='ltr'>est</span> <span class='ocrx_word' id='word_1_75' title='bbox 1449 620 1541 657; x_wconf 92' lang='lat' dir='ltr'>Ver-</span> 
     </span>
     <span class='ocr_line' id='line_1_16' title="bbox 483 675 1540 725; baseline -0.006 -10"><span class='ocrx_word' id='word_1_76' title='bbox 483 678 535 715; x_wconf 93' lang='lat' dir='ltr'>bo</span> <span class='ocrx_word' id='word_1_77' title='bbox 563 677 635 715; x_wconf 93' lang='lat' dir='ltr'>Dei</span> <span class='ocrx_word' id='word_1_78' title='bbox 662 676 920 714; x_wconf 88' lang='lat' dir='ltr'>immediatius</span> <span class='ocrx_word' id='word_1_79' title='bbox 948 684 984 712; x_wconf 86' lang='lat' dir='ltr'>et</span> <span class='ocrx_word' id='word_1_80' title='bbox 1011 688 1080 725; x_wconf 90' lang='lat' dir='ltr'>per</span> <span class='ocrx_word' id='word_1_81' title='bbox 1107 675 1213 724; x_wconf 91' lang='lat' dir='ltr'>prius</span> <span class='ocrx_word' id='word_1_82' title='bbox 1241 685 1359 723; x_wconf 90' lang='lat' dir='ltr'>quam</span> <span class='ocrx_word' id='word_1_83' title='bbox 1380 684 1540 722; x_wconf 88' lang='lat' dir='ltr'>corpus:</span> 
     </span>
     <span class='ocr_line' id='line_1_17' title="bbox 483 724 1542 779; baseline -0.006 -12"><span class='ocrx_word' id='word_1_84' title='bbox 483 742 575 767; x_wconf 92' lang='lat' dir='ltr'>cum</span> <span class='ocrx_word' id='word_1_85' title='bbox 603 741 743 779; x_wconf 90' lang='lat' dir='ltr'>corpus</span> <span class='ocrx_word' id='word_1_86' title='bbox 765 729 918 765; x_wconf 88' lang='lat' dir='ltr'>unitum</span> <span class='ocrx_word' id='word_1_87' title='bbox 938 728 983 764; x_wconf 91' lang='lat' dir='ltr'>sit</span> <span class='ocrx_word' id='word_1_88' title='bbox 1000 727 1130 765; x_wconf 91' lang='lat' dir='ltr'>Verbo</span> <span class='ocrx_word' id='word_1_89' title='bbox 1150 726 1221 763; x_wconf 92' lang='lat' dir='ltr'>Dei</span> <span class='ocrx_word' id='word_1_90' title='bbox 1249 725 1440 763; x_wconf 86' lang='lat' dir='ltr'><strong>mediante</strong></span> <span class='ocrx_word' id='word_1_91' title='bbox 1463 724 1542 762; x_wconf 88' lang='lat' dir='ltr'>ani-</span> 
     </span>
     <span class='ocr_line' id='line_1_18' title="bbox 483 777 1544 841; baseline -0.006 -22"><span class='ocrx_word' id='word_1_92' title='bbox 483 794 559 829; x_wconf 87' lang='lat' dir='ltr'>ma,</span> <span class='ocrx_word' id='word_1_93' title='bbox 588 789 630 819; x_wconf 89' lang='lat' dir='ltr'>ut</span> <span class='ocrx_word' id='word_1_94' title='bbox 658 793 774 841; x_wconf 88' lang='lat' dir='ltr'>supra</span> <span class='ocrx_word' id='word_1_95' title='bbox 791 780 811 802; x_wconf 77' lang='grc'><em>*</em></span> <span class='ocrx_word' id='word_1_96' title='bbox 839 780 984 817; x_wconf 90' lang='lat' dir='ltr'>dictum</span> <span class='ocrx_word' id='word_1_97' title='bbox 1013 788 1079 817; x_wconf 87' lang='lat' dir='ltr'>est.</span> <span class='ocrx_word' id='word_1_98' title='bbox 1110 779 1213 816; x_wconf 89' lang='lat' dir='ltr'>Cum</span> <span class='ocrx_word' id='word_1_99' title='bbox 1241 778 1352 826; x_wconf 86' lang='lat' dir='ltr'>igitur</span> <span class='ocrx_word' id='word_1_100' title='bbox 1369 777 1544 815; x_wconf 89' lang='lat' dir='ltr'>Verbum</span> 
     </span>
     <span class='ocr_line' id='line_1_19' title="bbox 484 830 1543 882; baseline -0.006 -10"><span class='ocrx_word' id='word_1_101' title='bbox 484 834 556 872; x_wconf 90' lang='lat' dir='ltr'>Dei</span> <span class='ocrx_word' id='word_1_102' title='bbox 584 846 664 871; x_wconf 92' lang='lat' dir='ltr'>non</span> <span class='ocrx_word' id='word_1_103' title='bbox 683 834 728 870; x_wconf 86' lang='lat' dir='ltr'>sit</span> <span class='ocrx_word' id='word_1_104' title='bbox 747 840 966 882; x_wconf 85' lang='lat' dir='ltr'>separatum</span> <span class='ocrx_word' id='word_1_105' title='bbox 985 832 1024 869; x_wconf 91' lang='lat' dir='ltr'>in</span> <span class='ocrx_word' id='word_1_106' title='bbox 1035 836 1167 869; x_wconf 88' lang='lat' dir='ltr'>morte</span> <span class='ocrx_word' id='word_1_107' title='bbox 1186 843 1208 868; x_wconf 86' lang='lat' dir='ltr'>a</span> <span class='ocrx_word' id='word_1_108' title='bbox 1228 842 1400 879; x_wconf 90' lang='lat' dir='ltr'>corpore,</span> <span class='ocrx_word' id='word_1_109' title='bbox 1421 830 1543 866; x_wconf 90' lang='lat' dir='ltr'>multo</span> 
     </span>
     <span class='ocr_line' id='line_1_20' title="bbox 484 881 1544 941; baseline -0.006 -17"><span class='ocrx_word' id='word_1_110' title='bbox 484 887 612 924; x_wconf 90' lang='lat' dir='ltr'>minus</span> <span class='ocrx_word' id='word_1_111' title='bbox 640 893 859 935; x_wconf 89' lang='lat' dir='ltr'>separatum</span> <span class='ocrx_word' id='word_1_112' title='bbox 887 892 943 921; x_wconf 89' lang='lat' dir='ltr'>est</span> <span class='ocrx_word' id='word_1_113' title='bbox 970 885 1018 921; x_wconf 91' lang='lat' dir='ltr'>ab</span> <span class='ocrx_word' id='word_1_114' title='bbox 1047 883 1188 921; x_wconf 87' lang='lat' dir='ltr'>anima.</span> <span class='ocrx_word' id='word_1_115' title='bbox 1218 882 1343 941; x_wconf 88' lang='lat' dir='ltr'><strong>Unde,</strong></span> <span class='ocrx_word' id='word_1_116' title='bbox 1372 881 1469 919; x_wconf 86' lang='lat' dir='ltr'>sicut</span> <span class='ocrx_word' id='word_1_117' title='bbox 1496 881 1544 918; x_wconf 91' lang='lat' dir='ltr'>de</span> 
     </span>
     <span class='ocr_line' id='line_1_21' title="bbox 484 933 1545 993; baseline -0.005 -17"><span class='ocrx_word' id='word_1_118' title='bbox 484 938 580 976; x_wconf 91' lang='lat' dir='ltr'>Filio</span> <span class='ocrx_word' id='word_1_119' title='bbox 608 938 680 975; x_wconf 92' lang='lat' dir='ltr'>Dei</span> <span class='ocrx_word' id='word_1_120' title='bbox 707 936 947 987; x_wconf 82' lang='lat' dir='ltr'>praedicatur</span> <span class='ocrx_word' id='word_1_121' title='bbox 973 937 1013 973; x_wconf 93' lang='lat' dir='ltr'>id</span> <span class='ocrx_word' id='word_1_122' title='bbox 1041 936 1149 985; x_wconf 91' lang='lat' dir='ltr'>quod</span> <span class='ocrx_word' id='word_1_123' title='bbox 1176 934 1356 972; x_wconf 86' lang='lat' dir='ltr'>convenit</span> <span class='ocrx_word' id='word_1_124' title='bbox 1393 933 1545 993; x_wconf 86' lang='lat' dir='ltr'>corpori</span> 
     </span>
     <span class='ocr_line' id='line_1_22' title="bbox 484 986 1546 1038; baseline -0.005 -10"><span class='ocrx_word' id='word_1_125' title='bbox 484 992 532 1028; x_wconf 87' lang='lat' dir='ltr'>ab</span> <span class='ocrx_word' id='word_1_126' title='bbox 560 990 689 1027; x_wconf 84' lang='lat' dir='ltr'>anima</span> <span class='ocrx_word' id='word_1_127' title='bbox 726 996 921 1038; x_wconf 83' lang='lat' dir='ltr'>separato,</span> <span class='ocrx_word' id='word_1_128' title='bbox 950 988 1088 1025; x_wconf 87' lang='lat' dir='ltr'>scilicet</span> <span class='ocrx_word' id='word_1_129' title='bbox 1125 999 1206 1024; x_wconf 92' lang='lat' dir='ltr'>esse</span> <span class='ocrx_word' id='word_1_130' title='bbox 1243 988 1458 1037; x_wconf 89' lang='lat' dir='ltr'>sepultum;</span> <span class='ocrx_word' id='word_1_131' title='bbox 1495 986 1546 1024; x_wconf 92' lang='lat' dir='ltr'>ita</span> 
     </span>
    </p>
   </div>
   <div class='ocr_carea' id='block_1_8' title="bbox 247 1039 1545 1101">
    <p class='ocr_par' dir='ltr' id='par_1_9' title="bbox 247 1039 1545 1101">
     <span class='ocr_line' id='line_1_23' title="bbox 247 1039 1545 1101; baseline -0.003 -21"><span class='ocrx_word' id='word_1_132' title='bbox 247 1049 257 1059; x_wconf 84' lang='grc'><em>“</em></span> <span class='ocrx_word' id='word_1_133' title='bbox 271 1047 448 1075; x_wconf 66' lang='lat' dir='ltr'><strong>AP0⁵¹0¹⁰f¹¹¹¹¹</strong></span> <span class='ocrx_word' id='word_1_134' title='bbox 484 1044 532 1080; x_wconf 92' lang='lat' dir='ltr'>de</span> <span class='ocrx_word' id='word_1_135' title='bbox 552 1055 599 1080; x_wconf 92' lang='lat' dir='ltr'>eo</span> <span class='ocrx_word' id='word_1_136' title='bbox 619 1043 658 1079; x_wconf 93' lang='lat' dir='ltr'>in</span> <span class='ocrx_word' id='word_1_137' title='bbox 678 1042 866 1101; x_wconf 83' lang='lat' dir='ltr'>Symbolo</span> <span class='ocrx_word' id='word_1_138' title='bbox 884 1041 904 1063; x_wconf 82' lang='lat'><em>*</em></span> <span class='ocrx_word' id='word_1_139' title='bbox 932 1041 1069 1078; x_wconf 88' lang='lat' dir='ltr'>dicitur</span> <span class='ocrx_word' id='word_1_140' title='bbox 1087 1040 1195 1090; x_wconf 92' lang='lat' dir='ltr'>quod</span> <span class='ocrx_word' id='word_1_141' title='bbox 1222 1039 1405 1077; x_wconf 86' lang='lat' dir='ltr'>descendit</span> <span class='ocrx_word' id='word_1_142' title='bbox 1423 1039 1474 1076; x_wconf 87' lang='lat' dir='ltr'>ad</span> <span class='ocrx_word' id='word_1_143' title='bbox 1491 1040 1545 1076; x_wconf 89' lang='lat' dir='ltr'>in-</span> 
     </span>
    </p>
   </div>
   <div class='ocr_carea' id='block_1_9' title="bbox 474 1091 1554 1931">
    <p class='ocr_par' dir='ltr' id='par_1_10' title="bbox 475 1091 1547 1193">
     <span class='ocr_line' id='line_1_24' title="bbox 475 1091 1547 1144; baseline -0.005 -11"><span class='ocrx_word' id='word_1_144' title='bbox 475 1097 602 1144; x_wconf 88' lang='lat' dir='ltr'>feros,</span> <span class='ocrx_word' id='word_1_145' title='bbox 632 1095 722 1143; x_wconf 85' lang='lat' dir='ltr'>quia</span> <span class='ocrx_word' id='word_1_146' title='bbox 750 1094 880 1131; x_wconf 89' lang='lat' dir='ltr'>anima</span> <span class='ocrx_word' id='word_1_147' title='bbox 907 1094 999 1141; x_wconf 85' lang='lat' dir='ltr'>eius,</span> <span class='ocrx_word' id='word_1_148' title='bbox 1026 1106 1048 1130; x_wconf 89' lang='lat' dir='ltr'>a</span> <span class='ocrx_word' id='word_1_149' title='bbox 1076 1104 1238 1142; x_wconf 87' lang='lat' dir='ltr'>corpore</span> <span class='ocrx_word' id='word_1_150' title='bbox 1272 1099 1455 1142; x_wconf 83' lang='lat' dir='ltr'>separata,</span> <span class='ocrx_word' id='word_1_151' title='bbox 1483 1091 1547 1128; x_wconf 87' lang='lat' dir='ltr'>de-</span> 
     </span>
     <span class='ocr_line' id='line_1_25' title="bbox 486 1146 1463 1193; baseline -0.008 -8"><span class='ocrx_word' id='word_1_152' title='bbox 486 1147 630 1185; x_wconf 88' lang='lat' dir='ltr'>scendit</span> <span class='ocrx_word' id='word_1_153' title='bbox 658 1147 707 1184; x_wconf 88' lang='lat' dir='ltr'>ad</span> <span class='ocrx_word' id='word_1_154' title='bbox 734 1146 885 1183; x_wconf 86' lang='lat' dir='ltr'>inferos.</span> <span class='ocrx_word' id='word_1_155' title='bbox 1461 1191 1463 1193; x_wconf 21' lang='grc' dir='ltr'>Ι</span> 
     </span>
    </p>

    <p class='ocr_par' dir='ltr' id='par_1_11' title="bbox 474 1195 1554 1931">
     <span class='ocr_line' id='line_1_26' title="bbox 538 1195 1545 1246; baseline -0.004 -9"><span class='ocrx_word' id='word_1_156' title='bbox 538 1202 595 1237; x_wconf 80' lang='lat' dir='ltr'>AD</span> <span class='ocrx_word' id='word_1_157' title='bbox 624 1211 758 1236; x_wconf 67' lang='lat' dir='ltr'>ptumum</span> <span class='ocrx_word' id='word_1_158' title='bbox 787 1210 884 1235; x_wconf 80' lang='lat' dir='ltr'>ERGO</span> <span class='ocrx_word' id='word_1_159' title='bbox 913 1209 1094 1235; x_wconf 66' lang='lat' dir='ltr'>monimum</span> <span class='ocrx_word' id='word_1_160' title='bbox 1123 1198 1231 1246; x_wconf 88' lang='lat' dir='ltr'>quod</span> <span class='ocrx_word' id='word_1_161' title='bbox 1259 1196 1545 1245; x_wconf 86' lang='lat' dir='ltr'>Augustinus,</span> <span class='ocrx_word' id='word_1_162' title='bbox 1512 1195 1533 1218; x_wconf 78' lang='lat'>&#39;⁴&#39;</span> 
     </span>
     <span class='ocr_line' id='line_1_27' title="bbox 487 1249 1547 1302; baseline -0.003 -13"><span class='ocrx_word' id='word_1_163' title='bbox 487 1264 683 1302; x_wconf 86' lang='lat' dir='ltr'>exponens</span> <span class='ocrx_word' id='word_1_164' title='bbox 719 1251 811 1288; x_wconf 91' lang='lat' dir='ltr'>illud</span> <span class='ocrx_word' id='word_1_165' title='bbox 846 1251 1012 1287; x_wconf 89' lang='lat' dir='ltr'>verbum</span> <span class='ocrx_word' id='word_1_166' title='bbox 1039 1250 1212 1296; x_wconf 89' lang='lat' dir='ltr'>Ioannis,</span> <span class='ocrx_word' id='word_1_167' title='bbox 1242 1249 1417 1299; x_wconf 86' lang='lat' dir='ltr'>inquirit,</span> <span class='ocrx_word' id='word_1_168' title='bbox 1455 1261 1547 1286; x_wconf 90' lang='lat' dir='ltr'>cum</span> 
     </span>
     <span class='ocr_line' id='line_1_28' title="bbox 474 1304 1547 1348; baseline -0.004 -5"><span class='ocrx_word' id='word_1_169' title='bbox 474 1305 660 1343; x_wconf 42' lang='lat' dir='ltr'>*Christus</span> <span class='ocrx_word' id='word_1_170' title='bbox 680 1304 725 1340; x_wconf 88' lang='lat' dir='ltr'>sit</span> <span class='ocrx_word' id='word_1_171' title='bbox 746 1305 905 1342; x_wconf 87' lang='lat' dir='ltr'><em>Verbum</em></span> <span class='ocrx_word' id='word_1_172' title='bbox 925 1309 958 1339; x_wconf 89' lang='lat' dir='ltr'>et</span> <span class='ocrx_word' id='word_1_173' title='bbox 976 1305 1104 1340; x_wconf 91' lang='lat' dir='ltr'>anima</span> <span class='ocrx_word' id='word_1_174' title='bbox 1123 1308 1157 1339; x_wconf 95' lang='lat' dir='ltr'>et</span> <span class='ocrx_word' id='word_1_175' title='bbox 1174 1314 1277 1348; x_wconf 83' lang='lat' dir='ltr'>caro,</span> <span class='ocrx_word' id='word_1_176' title='bbox 1294 1307 1416 1339; x_wconf 86' lang='lat' dir='ltr'>utrum</span> <span class='ocrx_word' id='word_1_177' title='bbox 1436 1314 1486 1339; x_wconf 88' lang='lat' dir='ltr'>ex</span> <span class='ocrx_word' id='word_1_178' title='bbox 1504 1313 1547 1339; x_wconf 94' lang='lat' dir='ltr'>eo</span> 
     </span>
     <span class='ocr_line' id='line_1_29' title="bbox 489 1354 1550 1416; baseline -0.004 -21"><span class='ocrx_word' id='word_1_179' title='bbox 489 1357 586 1408; x_wconf 87' lang='lat' dir='ltr'>quod</span> <span class='ocrx_word' id='word_1_180' title='bbox 610 1363 659 1394; x_wconf 88' lang='lat' dir='ltr'>est</span> <span class='ocrx_word' id='word_1_181' title='bbox 685 1358 857 1416; x_wconf 85' lang='lat' dir='ltr'><em>Verbum,</em></span> <span class='ocrx_word' id='word_1_182' title='bbox 867 1361 986 1405; x_wconf 86' lang='lat' dir='ltr'>ponat</span> <span class='ocrx_word' id='word_1_183' title='bbox 1009 1356 1197 1400; x_wconf 86' lang='lat' dir='ltr'>animam;</span> <span class='ocrx_word' id='word_1_184' title='bbox 1225 1368 1275 1392; x_wconf 90' lang='lat' dir='ltr'>an</span> <span class='ocrx_word' id='word_1_185' title='bbox 1304 1367 1353 1392; x_wconf 87' lang='lat' dir='ltr'>ex</span> <span class='ocrx_word' id='word_1_186' title='bbox 1379 1367 1423 1392; x_wconf 92' lang='lat' dir='ltr'>eo</span> <span class='ocrx_word' id='word_1_187' title='bbox 1451 1354 1550 1404; x_wconf 82' lang='lat' dir='ltr'>quod</span> 
     </span>
     <span class='ocr_line' id='line_1_30' title="bbox 488 1406 1549 1457; baseline -0.003 -10"><span class='ocrx_word' id='word_1_188' title='bbox 488 1416 538 1447; x_wconf 92' lang='lat' dir='ltr'>est</span> <span class='ocrx_word' id='word_1_189' title='bbox 566 1412 713 1452; x_wconf 88' lang='lat' dir='ltr'>anima‚·</span> <span class='ocrx_word' id='word_1_190' title='bbox 747 1422 795 1446; x_wconf 87' lang='lat' dir='ltr'>an</span> <span class='ocrx_word' id='word_1_191' title='bbox 824 1409 963 1446; x_wconf 90' lang='lat' dir='ltr'>iterum</span> <span class='ocrx_word' id='word_1_192' title='bbox 999 1420 1048 1445; x_wconf 91' lang='lat' dir='ltr'>ex</span> <span class='ocrx_word' id='word_1_193' title='bbox 1085 1420 1128 1444; x_wconf 92' lang='lat' dir='ltr'>eo</span> <span class='ocrx_word' id='word_1_194' title='bbox 1161 1406 1274 1457; x_wconf 86' lang='lat' dir='ltr'>quod</span> <span class='ocrx_word' id='word_1_195' title='bbox 1285 1413 1335 1445; x_wconf 86' lang='lat' dir='ltr'>est</span> <span class='ocrx_word' id='word_1_196' title='bbox 1362 1418 1464 1445; x_wconf 88' lang='lat' dir='ltr'>caro.</span> <span class='ocrx_word' id='word_1_197' title='bbox 1501 1407 1549 1444; x_wconf 93' lang='lat' dir='ltr'>Et</span> 
     </span>
     <span class='ocr_line' id='line_1_31' title="bbox 489 1459 1547 1511; baseline -0.004 -11"><span class='ocrx_word' id='word_1_198' title='bbox 489 1463 577 1500; x_wconf 89' lang='lat' dir='ltr'>dicit</span> <span class='ocrx_word' id='word_1_199' title='bbox 604 1462 727 1511; x_wconf 80' lang='lat' dir='ltr'>quod,</span> <span class='ocrx_word' id='word_1_200' title='bbox 755 1463 788 1498; x_wconf 90' lang='lat' dir='ltr'>si</span> <span class='ocrx_word' id='word_1_201' title='bbox 814 1461 1018 1498; x_wconf 82' lang='lat' dir='ltr'>dixerimus</span> <span class='ocrx_word' id='word_1_202' title='bbox 1046 1459 1144 1509; x_wconf 82' lang='lat' dir='ltr'>quod</span> <span class='ocrx_word' id='word_1_203' title='bbox 1176 1461 1335 1498; x_wconf 84' lang='lat' dir='ltr'><strong><em>Verbum</em></strong></span> <span class='ocrx_word' id='word_1_204' title='bbox 1362 1460 1435 1496; x_wconf 88' lang='lat' dir='ltr'>Dei</span> <span class='ocrx_word' id='word_1_205' title='bbox 1467 1460 1547 1496; x_wconf 88' lang='lat' dir='ltr'>ani-</span> 
     </span>
     <span class='ocr_line' id='line_1_32' title="bbox 488 1511 1549 1564; baseline -0.004 -12"><span class='ocrx_word' id='word_1_206' title='bbox 488 1519 590 1553; x_wconf 81' lang='lat' dir='ltr'>mam</span> <span class='ocrx_word' id='word_1_207' title='bbox 603 1516 737 1564; x_wconf 82' lang='lat' dir='ltr'>posuit,</span> <span class='ocrx_word' id='word_1_208' title='bbox 757 1519 969 1563; x_wconf 84' lang='lat' dir='ltr'><strong><em>sequeretur</em></strong></span> <span class='ocrx_word' id='word_1_209' title='bbox 994 1513 1092 1562; x_wconf 84' lang='lat' dir='ltr'>quod</span> <span class='ocrx_word' id='word_1_210' title='bbox 1111 1513 1312 1562; x_wconf 87' lang='lat' dir='ltr'>aliquando</span> <span class='ocrx_word' id='word_1_211' title='bbox 1338 1513 1466 1549; x_wconf 87' lang='lat' dir='ltr'>anima</span> <span class='ocrx_word' id='word_1_212' title='bbox 1485 1511 1549 1549; x_wconf 87' lang='lat' dir='ltr'>illa</span> 
     </span>
     <span class='ocr_line' id='line_1_33' title="bbox 487 1565 1548 1618; baseline -0.004 -13"><span class='ocrx_word' id='word_1_213' title='bbox 487 1573 659 1618; x_wconf 88' lang='lat' dir='ltr'>separata</span> <span class='ocrx_word' id='word_1_214' title='bbox 678 1573 728 1604; x_wconf 88' lang='lat' dir='ltr'>est</span> <span class='ocrx_word' id='word_1_215' title='bbox 747 1579 770 1604; x_wconf 93' lang='lat' dir='ltr'>a</span> <span class='ocrx_word' id='word_1_216' title='bbox 788 1568 918 1604; x_wconf 90' lang='lat' dir='ltr'>Verbo.</span> <span class='ocrx_word' id='word_1_217' title='bbox 945 1565 1055 1608; x_wconf 86' lang='lat' dir='ltr'>Quod</span> <span class='ocrx_word' id='word_1_218' title='bbox 1078 1571 1128 1602; x_wconf 83' lang='lat' dir='ltr'>est</span> <span class='ocrx_word' id='word_1_219' title='bbox 1139 1566 1299 1614; x_wconf 87' lang='lat' dir='ltr'>salsum.</span> <span class='ocrx_word' id='word_1_220' title='bbox 1319 1567 1431 1602; x_wconf 88' lang='lat' dir='ltr'>Mors</span> <span class='ocrx_word' id='word_1_221' title='bbox 1450 1566 1548 1601; x_wconf 89' lang='lat' dir='ltr'>enim</span> 
     </span>
     <span class='ocr_line' id='line_1_34' title="bbox 489 1618 1548 1670; baseline -0.004 -12"><span class='ocrx_word' id='word_1_222' title='bbox 489 1633 622 1670; x_wconf 88' lang='lat' dir='ltr'>corpus</span> <span class='ocrx_word' id='word_1_223' title='bbox 649 1622 697 1657; x_wconf 90' lang='lat' dir='ltr'>ab</span> <span class='ocrx_word' id='word_1_224' title='bbox 725 1621 852 1657; x_wconf 89' lang='lat' dir='ltr'>anima</span> <span class='ocrx_word' id='word_1_225' title='bbox 879 1620 1084 1669; x_wconf 75' lang='lat' dir='ltr'>separavit.-</span> <span class='ocrx_word' id='word_1_226' title='bbox 1111 1631 1134 1655; x_wconf 88' lang='lat' dir='ltr'>a</span> <span class='ocrx_word' id='word_1_227' title='bbox 1167 1619 1286 1656; x_wconf 92' lang='lat' dir='ltr'>Verbo</span> <span class='ocrx_word' id='word_1_228' title='bbox 1319 1623 1441 1654; x_wconf 89' lang='lat' dir='ltr'>autem</span> <span class='ocrx_word' id='word_1_229' title='bbox 1469 1618 1548 1655; x_wconf 90' lang='lat' dir='ltr'>ani-</span> 
     </span>
     <span class='ocr_line' id='line_1_35' title="bbox 489 1670 1552 1733; baseline -0.004 -23"><span class='ocrx_word' id='word_1_230' title='bbox 489 1686 590 1710; x_wconf 89' lang='lat' dir='ltr'>mam</span> <span class='ocrx_word' id='word_1_231' title='bbox 608 1679 819 1733; x_wconf 79' lang='lat' dir='ltr'><em>separatam</em></span> <span class='ocrx_word' id='word_1_232' title='bbox 839 1685 913 1709; x_wconf 90' lang='lat' dir='ltr'>non</span> <span class='ocrx_word' id='word_1_233' title='bbox 934 1672 1026 1708; x_wconf 87' lang='lat' dir='ltr'>dico.</span> <span class='ocrx_word' id='word_1_234' title='bbox 1057 1672 1097 1708; x_wconf 89' lang='lat' dir='ltr'>Si</span> <span class='ocrx_word' id='word_1_235' title='bbox 1113 1683 1202 1708; x_wconf 82' lang='lat' dir='ltr'>vero</span> <span class='ocrx_word' id='word_1_236' title='bbox 1230 1671 1434 1708; x_wconf 81' lang='lat' dir='ltr'>dixerimus</span> <span class='ocrx_word' id='word_1_237' title='bbox 1453 1670 1552 1719; x_wconf 86' lang='lat' dir='ltr'>quod</span> 
     </span>
     <span class='ocr_line' id='line_1_36' title="bbox 490 1723 1550 1775; baseline -0.004 -12"><span class='ocrx_word' id='word_1_238' title='bbox 490 1727 617 1763; x_wconf 88' lang='lat' dir='ltr'>anima</span> <span class='ocrx_word' id='word_1_239' title='bbox 645 1727 724 1775; x_wconf 88' lang='lat' dir='ltr'>ipsa</span> <span class='ocrx_word' id='word_1_240' title='bbox 749 1737 787 1762; x_wconf 87' lang='lat' dir='ltr'>se</span> <span class='ocrx_word' id='word_1_241' title='bbox 807 1730 936 1774; x_wconf 87' lang='lat' dir='ltr'>ponat,</span> <span class='ocrx_word' id='word_1_242' title='bbox 962 1725 1124 1773; x_wconf 85' lang='lat' dir='ltr'>sequitur</span> <span class='ocrx_word' id='word_1_243' title='bbox 1155 1723 1254 1773; x_wconf 86' lang='lat' dir='ltr'>quod</span> <span class='ocrx_word' id='word_1_244' title='bbox 1278 1725 1356 1771; x_wconf 88' lang='lat' dir='ltr'>ipsa</span> <span class='ocrx_word' id='word_1_245' title='bbox 1384 1735 1408 1760; x_wconf 92' lang='lat' dir='ltr'>a</span> <span class='ocrx_word' id='word_1_246' title='bbox 1432 1734 1471 1759; x_wconf 90' lang='lat' dir='ltr'>se</span> <span class='ocrx_word' id='word_1_247' title='bbox 1496 1734 1550 1759; x_wconf 88' lang='lat' dir='ltr'>se·</span> 
     </span>
     <span class='ocr_line' id='line_1_37' title="bbox 485 1773 1552 1828; baseline -0.003 -13"><span class='ocrx_word' id='word_1_248' title='bbox 485 1784 655 1828; x_wconf 88' lang='lat' dir='ltr'>paratur.</span> <span class='ocrx_word' id='word_1_249' title='bbox 699 1778 809 1820; x_wconf 85' lang='lat' dir='ltr'>Quod</span> <span class='ocrx_word' id='word_1_250' title='bbox 835 1783 885 1814; x_wconf 88' lang='lat' dir='ltr'>est</span> <span class='ocrx_word' id='word_1_251' title='bbox 912 1777 1215 1814; x_wconf 86' lang='lat' dir='ltr'>absurdissimum</span> <span class='ocrx_word' id='word_1_252' title='bbox 1243 1780 1270 1811; x_wconf 71' lang='grc' dir='ltr'>Ὺ.</span> <span class='ocrx_word' id='word_1_253' title='bbox 1309 1773 1552 1824; x_wconf 88' lang='lat' dir='ltr'>Relinquitur</span> 
     </span>
     <span class='ocr_line' id='line_1_38' title="bbox 492 1829 1551 1890; baseline -0.003 -23"><span class='ocrx_word' id='word_1_254' title='bbox 492 1842 581 1878; x_wconf 85' lang='lat' dir='ltr'>ergo</span> <span class='ocrx_word' id='word_1_255' title='bbox 609 1830 716 1879; x_wconf 91' lang='lat' dir='ltr'>quod</span> <span class='ocrx_word' id='word_1_256' title='bbox 744 1832 823 1890; x_wconf 81' lang='lat' dir='ltr'>ipsa</span> <span class='ocrx_word' id='word_1_257' title='bbox 851 1841 940 1866; x_wconf 91' lang='lat' dir='ltr'>caro</span> <span class='ocrx_word' id='word_1_258' title='bbox 969 1831 1135 1866; x_wconf 88' lang='lat' dir='ltr'>animam</span> <span class='ocrx_word' id='word_1_259' title='bbox 1163 1840 1269 1865; x_wconf 88' lang='lat' dir='ltr'>suam</span> <span class='ocrx_word' id='word_1_260' title='bbox 1291 1829 1398 1877; x_wconf 89' lang='lat' dir='ltr'>ponit</span> <span class='ocrx_word' id='word_1_261' title='bbox 1426 1833 1459 1864; x_wconf 93' lang='lat' dir='ltr'>et</span> <span class='ocrx_word' id='word_1_262' title='bbox 1491 1829 1551 1864; x_wconf 92' lang='lat' dir='ltr'>ite-</span> 
     </span>
     <span class='ocr_line' id='line_1_39' title="bbox 492 1881 1554 1931; baseline -0.003 -12"><span class='ocrx_word' id='word_1_263' title='bbox 492 1895 576 1920; x_wconf 91' lang='lat' dir='ltr'>rum</span> <span class='ocrx_word' id='word_1_264' title='bbox 605 1895 688 1919; x_wconf 89' lang='lat' dir='ltr'>eam</span> <span class='ocrx_word' id='word_1_265' title='bbox 719 1883 846 1928; x_wconf 88' lang='lat' dir='ltr'>sumit,</span> <span class='ocrx_word' id='word_1_266' title='bbox 877 1894 951 1918; x_wconf 90' lang='lat' dir='ltr'>non</span> <span class='ocrx_word' id='word_1_267' title='bbox 974 1886 1152 1931; x_wconf 85' lang='lat' dir='ltr'>potestate</span> <span class='ocrx_word' id='word_1_268' title='bbox 1178 1893 1265 1926; x_wconf 88' lang='lat' dir='ltr'>sua,</span> <span class='ocrx_word' id='word_1_269' title='bbox 1293 1881 1359 1917; x_wconf 86' lang='lat' dir='ltr'>sed</span> <span class='ocrx_word' id='word_1_270' title='bbox 1377 1885 1554 1929; x_wconf 78' lang='lat' dir='ltr'>potestate</span> 
     </span>
    </p>
   </div>
   <div class='ocr_carea' id='block_1_10' title="bbox 492 2025 1555 2240">
    <p class='ocr_par' dir='ltr' id='par_1_12' title="bbox 493 2025 1553 2096">
     <span class='ocr_line' id='line_1_40' title="bbox 545 2025 1553 2062; baseline -0.004 -8"><span class='ocrx_word' id='word_1_271' title='bbox 545 2029 570 2062; x_wconf 86' lang='grc' dir='ltr'>β)</span> <span class='ocrx_word' id='word_1_272' title='bbox 590 2029 808 2054; x_wconf 83' lang='lat' dir='ltr'>incontaminato.</span> <span class='ocrx_word' id='word_1_273' title='bbox 826 2042 846 2047; x_wconf 92' lang='lat'><em>-</em></span> <span class='ocrx_word' id='word_1_274' title='bbox 864 2028 993 2059; x_wconf 79' lang='lat' dir='ltr'>PEFGIb3</span> <span class='ocrx_word' id='word_1_275' title='bbox 1016 2028 1090 2053; x_wconf 85' lang='lat' dir='ltr'>omni</span> <span class='ocrx_word' id='word_1_276' title='bbox 1113 2027 1304 2053; x_wconf 82' lang='lat' dir='ltr'>contaminato.</span> <span class='ocrx_word' id='word_1_277' title='bbox 1327 2027 1378 2051; x_wconf 79' lang='lat' dir='ltr'>Pro</span> <span class='ocrx_word' id='word_1_278' title='bbox 1398 2026 1493 2056; x_wconf 80' lang='lat' dir='ltr'>divisa,</span> <span class='ocrx_word' id='word_1_279' title='bbox 1512 2025 1553 2051; x_wconf 85' lang='lat' dir='ltr'>di-</span> 
     </span>
     <span class='ocr_line' id='line_1_41' title="bbox 493 2063 1210 2096; baseline -0.006 -6"><span class='ocrx_word' id='word_1_280' title='bbox 493 2072 578 2093; x_wconf 78' lang='lat' dir='ltr'>versa,</span> <span class='ocrx_word' id='word_1_281' title='bbox 598 2070 624 2090; x_wconf 87' lang='lat' dir='ltr'>et</span> <span class='ocrx_word' id='word_1_282' title='bbox 641 2072 688 2096; x_wconf 85' lang='lat' dir='ltr'>pro</span> <span class='ocrx_word' id='word_1_283' title='bbox 705 2065 752 2089; x_wconf 85' lang='lat' dir='ltr'>sed</span> <span class='ocrx_word' id='word_1_284' title='bbox 771 2064 907 2092; x_wconf 77' lang='lat' dir='ltr'>divinitas,</span> <span class='ocrx_word' id='word_1_285' title='bbox 926 2063 1055 2088; x_wconf 77' lang='lat' dir='ltr'>divinitas</span> <span class='ocrx_word' id='word_1_286' title='bbox 1073 2066 1161 2087; x_wconf 81' lang='lat' dir='ltr'>tamen</span> <span class='ocrx_word' id='word_1_287' title='bbox 1181 2063 1210 2087; x_wconf 88' lang='lat' dir='ltr'>P.</span> 
     </span>
    </p>

    <p class='ocr_par' dir='ltr' id='par_1_13' title="bbox 492 2096 1555 2168">
     <span class='ocr_line' id='line_1_42' title="bbox 545 2096 1555 2134; baseline -0.005 -9"><span class='ocrx_word' id='word_1_288' title='bbox 545 2101 571 2134; x_wconf 84' lang='grc' dir='ltr'>γ)</span> <span class='ocrx_word' id='word_1_289' title='bbox 590 2100 735 2132; x_wconf 86' lang='lat' dir='ltr'>sequitur...</span> <span class='ocrx_word' id='word_1_290' title='bbox 758 2099 987 2124; x_wconf 78' lang='lat' dir='ltr'>absurdissimum.</span> <span class='ocrx_word' id='word_1_291' title='bbox 1009 2113 1028 2117; x_wconf 88' lang='lat'>—</span> <span class='ocrx_word' id='word_1_292' title='bbox 1051 2099 1170 2130; x_wconf 83' lang='lat' dir='ltr'>sequitur</span> <span class='ocrx_word' id='word_1_293' title='bbox 1195 2097 1266 2129; x_wconf 80' lang='lat' dir='ltr'>quod</span> <span class='ocrx_word' id='word_1_294' title='bbox 1290 2097 1382 2121; x_wconf 82' lang='lat' dir='ltr'>anima</span> <span class='ocrx_word' id='word_1_295' title='bbox 1407 2096 1466 2128; x_wconf 77' lang='lat' dir='ltr'>ipsa</span> <span class='ocrx_word' id='word_1_296' title='bbox 1487 2103 1505 2120; x_wconf 85' lang='lat' dir='ltr'>a</span> <span class='ocrx_word' id='word_1_297' title='bbox 1526 2103 1555 2121; x_wconf 81' lang='lat' dir='ltr'>se</span> 
     </span>
     <span class='ocr_line' id='line_1_43' title="bbox 492 2133 1131 2168; baseline -0.005 -8"><span class='ocrx_word' id='word_1_298' title='bbox 492 2138 618 2168; x_wconf 81' lang='lat' dir='ltr'>separata</span> <span class='ocrx_word' id='word_1_299' title='bbox 636 2135 671 2160; x_wconf 82' lang='lat' dir='ltr'>sit</span> <span class='ocrx_word' id='word_1_300' title='bbox 689 2135 761 2167; x_wconf 84' lang='lat' dir='ltr'>quod</span> <span class='ocrx_word' id='word_1_301' title='bbox 778 2138 817 2159; x_wconf 83' lang='lat' dir='ltr'>est</span> <span class='ocrx_word' id='word_1_302' title='bbox 834 2134 979 2158; x_wconf 82' lang='lat' dir='ltr'>absurdum</span> <span class='ocrx_word' id='word_1_303' title='bbox 999 2133 1131 2158; x_wconf 84' lang='lat' dir='ltr'>editiones.</span> 
     </span>
    </p>

    <p class='ocr_par' dir='ltr' id='par_1_14' title="bbox 546 2167 1401 2202">
     <span class='ocr_line' id='line_1_44' title="bbox 546 2167 1401 2202; baseline -0.005 -7"><span class='ocrx_word' id='word_1_304' title='bbox 546 2170 571 2202; x_wconf 86' lang='grc' dir='ltr'>ὃ)</span> <span class='ocrx_word' id='word_1_305' title='bbox 591 2178 653 2195; x_wconf 85' lang='lat' dir='ltr'>una.</span> <span class='ocrx_word' id='word_1_306' title='bbox 667 2170 804 2200; x_wconf 79' lang='lat' dir='ltr'>-Tertia;</span> <span class='ocrx_word' id='word_1_307' title='bbox 823 2170 902 2194; x_wconf 84' lang='lat' dir='ltr'>unica</span> <span class='ocrx_word' id='word_1_308' title='bbox 920 2170 991 2198; x_wconf 85' lang='lat' dir='ltr'>ABa,</span> <span class='ocrx_word' id='word_1_309' title='bbox 1011 2169 1087 2193; x_wconf 76' lang='lat' dir='ltr'>unita</span> <span class='ocrx_word' id='word_1_310' title='bbox 1105 2168 1157 2198; x_wconf 85' lang='lat' dir='ltr'>EF,</span> <span class='ocrx_word' id='word_1_311' title='bbox 1176 2169 1328 2192; x_wconf 84' lang='lat' dir='ltr'>alterutrum</span> <span class='ocrx_word' id='word_1_312' title='bbox 1347 2167 1401 2192; x_wconf 89' lang='lat' dir='ltr'>CD.</span> 
     </span>
    </p>

    <p class='ocr_par' dir='ltr' id='par_1_15' title="bbox 546 2201 1555 2240">
     <span class='ocr_line' id='line_1_45' title="bbox 546 2201 1555 2240; baseline -0.004 -10"><span class='ocrx_word' id='word_1_313' title='bbox 546 2206 568 2240; x_wconf 89' lang='grc' dir='ltr'>ε)</span> <span class='ocrx_word' id='word_1_314' title='bbox 589 2206 624 2230; x_wconf 81' lang='lat' dir='ltr'>Et</span> <span class='ocrx_word' id='word_1_315' title='bbox 641 2212 736 2237; x_wconf 83' lang='lat' dir='ltr'>corpus</span> <span class='ocrx_word' id='word_1_316' title='bbox 755 2205 824 2230; x_wconf 85' lang='lat' dir='ltr'>enim</span> <span class='ocrx_word' id='word_1_317' title='bbox 842 2207 868 2229; x_wconf 84' lang='lat' dir='ltr'>et</span> <span class='ocrx_word' id='word_1_318' title='bbox 881 2204 981 2229; x_wconf 86' lang='lat' dir='ltr'>anima.</span> <span class='ocrx_word' id='word_1_319' title='bbox 993 2204 1061 2228; x_wconf 74' lang='lat' dir='ltr'>-Et</span> <span class='ocrx_word' id='word_1_320' title='bbox 1078 2210 1174 2235; x_wconf 80' lang='lat' dir='ltr'>corpus</span> <span class='ocrx_word' id='word_1_321' title='bbox 1193 2203 1249 2228; x_wconf 84' lang='lat' dir='ltr'>eius</span> <span class='ocrx_word' id='word_1_322' title='bbox 1268 2206 1294 2227; x_wconf 81' lang='lat' dir='ltr'>et</span> <span class='ocrx_word' id='word_1_323' title='bbox 1311 2201 1444 2231; x_wconf 76' lang='lat' dir='ltr'>animaF,</span> <span class='ocrx_word' id='word_1_324' title='bbox 1458 2208 1555 2234; x_wconf 75' lang='lat' dir='ltr'>corpus</span> 
     </span>
    </p>
   </div>
   <div class='ocr_carea' id='block_1_11' title="bbox 1165 2288 1997 2336">
    <p class='ocr_par' dir='ltr' id='par_1_16' title="bbox 1165 2288 1997 2336">
     <span class='ocr_line' id='line_1_46' title="bbox 1165 2288 1997 2336; baseline -0.002 -14"><span class='ocrx_word' id='word_1_325' title='bbox 1165 2289 1502 2322; x_wconf 59' lang='lat' dir='ltr'>Commentariis</span> <span class='ocrx_word' id='word_1_326' title='bbox 1524 2288 1776 2322; x_wconf 77' lang='lat' dir='ltr'>Cardinalis</span> <span class='ocrx_word' id='word_1_327' title='bbox 1797 2288 1997 2336; x_wconf 75' lang='lat' dir='ltr'>Caietam</span> 
     </span>
    </p>
   </div>
   <div class='ocr_carea' id='block_1_12' title="bbox 495 2377 1560 3115">
    <p class='ocr_par' dir='ltr' id='par_1_17' title="bbox 554 2377 1556 2418">
     <span class='ocr_line' id='line_1_47' title="bbox 554 2377 1556 2418; baseline -0.003 -9"><span class='ocrx_word' id='word_1_328' title='bbox 554 2389 660 2410; x_wconf 77' lang='lat' dir='ltr'>rrums</span> <span class='ocrx_word' id='word_1_329' title='bbox 688 2379 798 2410; x_wconf 88' lang='lat' dir='ltr'>clarus.</span> <span class='ocrx_word' id='word_1_330' title='bbox 823 2396 843 2401; x_wconf 94' lang='lat'>—</span> <span class='ocrx_word' id='word_1_331' title='bbox 868 2379 903 2408; x_wconf 87' lang='lat' dir='ltr'>In</span> <span class='ocrx_word' id='word_1_332' title='bbox 927 2387 1062 2418; x_wconf 88' lang='lat' dir='ltr'>corpore</span> <span class='ocrx_word' id='word_1_333' title='bbox 1082 2387 1148 2408; x_wconf 84' lang='lat' dir='ltr'>una</span> <span class='ocrx_word' id='word_1_334' title='bbox 1172 2377 1355 2408; x_wconf 82' lang='lat' dir='ltr'>conclusio:</span> <span class='ocrx_word' id='word_1_335' title='bbox 1389 2377 1429 2406; x_wconf 88' lang='lat' dir='ltr'>In</span> <span class='ocrx_word' id='word_1_336' title='bbox 1453 2381 1556 2406; x_wconf 87' lang='lat' dir='ltr'>morte</span> 
     </span>
    </p>

    <p class='ocr_par' dir='ltr' id='par_1_18' title="bbox 495 2420 1556 2683">
     <span class='ocr_line' id='line_1_48' title="bbox 557 2420 1556 2464; baseline -0.003 -11"><span class='ocrx_word' id='word_1_337' title='bbox 557 2423 676 2454; x_wconf 83' lang='lat' dir='ltr'>Christi</span> <span class='ocrx_word' id='word_1_338' title='bbox 708 2433 772 2453; x_wconf 89' lang='lat' dir='ltr'>non</span> <span class='ocrx_word' id='word_1_339' title='bbox 796 2423 870 2464; x_wconf 88' lang='lat' dir='ltr'>fuit</span> <span class='ocrx_word' id='word_1_340' title='bbox 891 2427 1042 2462; x_wconf 85' lang='lat' dir='ltr'>separata</span> <span class='ocrx_word' id='word_1_341' title='bbox 1061 2421 1163 2452; x_wconf 83' lang='lat' dir='ltr'>deitas</span> <span class='ocrx_word' id='word_1_342' title='bbox 1187 2421 1226 2452; x_wconf 87' lang='lat' dir='ltr'>ab</span> <span class='ocrx_word' id='word_1_343' title='bbox 1249 2421 1368 2451; x_wconf 87' lang='lat' dir='ltr'>anima.</span> <span class='ocrx_word' id='word_1_344' title='bbox 1401 2420 1556 2450; x_wconf 87' lang='lat' dir='ltr'>Probatur</span> 
     </span>
     <span class='ocr_line' id='line_1_49' title="bbox 496 2465 1556 2507; baseline -0.003 -10"><span class='ocrx_word' id='word_1_345' title='bbox 496 2467 672 2507; x_wconf 85' lang='lat' dir='ltr'>dupliciter.</span> <span class='ocrx_word' id='word_1_346' title='bbox 696 2467 814 2503; x_wconf 90' lang='lat' dir='ltr'>Primo,</span> <span class='ocrx_word' id='word_1_347' title='bbox 831 2467 963 2496; x_wconf 90' lang='lat' dir='ltr'>ratione.</span> <span class='ocrx_word' id='word_1_348' title='bbox 987 2466 1131 2496; x_wconf 88' lang='lat' dir='ltr'>Verbum</span> <span class='ocrx_word' id='word_1_349' title='bbox 1147 2465 1208 2495; x_wconf 90' lang='lat' dir='ltr'>Dei</span> <span class='ocrx_word' id='word_1_350' title='bbox 1230 2475 1298 2495; x_wconf 90' lang='lat' dir='ltr'>non</span> <span class='ocrx_word' id='word_1_351' title='bbox 1314 2470 1361 2495; x_wconf 91' lang='lat' dir='ltr'>est</span> <span class='ocrx_word' id='word_1_352' title='bbox 1375 2469 1556 2504; x_wconf 87' lang='lat' dir='ltr'>separatum</span> 
     </span>
     <span class='ocr_line' id='line_1_50' title="bbox 495 2508 1555 2550; baseline -0.003 -9"><span class='ocrx_word' id='word_1_353' title='bbox 495 2512 529 2541; x_wconf 89' lang='lat' dir='ltr'>in</span> <span class='ocrx_word' id='word_1_354' title='bbox 551 2516 654 2541; x_wconf 88' lang='lat' dir='ltr'>morte</span> <span class='ocrx_word' id='word_1_355' title='bbox 677 2521 695 2540; x_wconf 92' lang='lat' dir='ltr'>a</span> <span class='ocrx_word' id='word_1_356' title='bbox 718 2520 863 2550; x_wconf 87' lang='lat' dir='ltr'>corpore.</span> <span class='ocrx_word' id='word_1_357' title='bbox 892 2510 977 2549; x_wconf 87' lang='lat' dir='ltr'>Ergo</span> <span class='ocrx_word' id='word_1_358' title='bbox 1010 2509 1113 2539; x_wconf 89' lang='lat' dir='ltr'>multo</span> <span class='ocrx_word' id='word_1_359' title='bbox 1137 2509 1244 2539; x_wconf 89' lang='lat' dir='ltr'>minus</span> <span class='ocrx_word' id='word_1_360' title='bbox 1267 2509 1306 2538; x_wconf 92' lang='lat' dir='ltr'>ab</span> <span class='ocrx_word' id='word_1_361' title='bbox 1330 2509 1445 2539; x_wconf 90' lang='lat' dir='ltr'>anima.</span> <span class='ocrx_word' id='word_1_362' title='bbox 1478 2508 1555 2538; x_wconf 90' lang='lat' dir='ltr'>Pro-</span> 
     </span>
     <span class='ocr_line' id='line_1_51' title="bbox 496 2551 1556 2594; baseline -0.004 -9"><span class='ocrx_word' id='word_1_363' title='bbox 496 2555 587 2585; x_wconf 85' lang='lat' dir='ltr'>batur</span> <span class='ocrx_word' id='word_1_364' title='bbox 610 2554 754 2594; x_wconf 89' lang='lat' dir='ltr'>sequela:</span> <span class='ocrx_word' id='word_1_365' title='bbox 790 2555 864 2594; x_wconf 90' lang='lat' dir='ltr'>quia</span> <span class='ocrx_word' id='word_1_366' title='bbox 896 2554 1002 2584; x_wconf 87' lang='lat' dir='ltr'>anima</span> <span class='ocrx_word' id='word_1_367' title='bbox 1024 2554 1114 2583; x_wconf 88' lang='lat' dir='ltr'>unita</span> <span class='ocrx_word' id='word_1_368' title='bbox 1144 2558 1190 2583; x_wconf 89' lang='lat' dir='ltr'>est</span> <span class='ocrx_word' id='word_1_369' title='bbox 1212 2553 1320 2583; x_wconf 89' lang='lat' dir='ltr'>Verbo</span> <span class='ocrx_word' id='word_1_370' title='bbox 1343 2551 1556 2582; x_wconf 85' lang='lat' dir='ltr'>immediatius</span> 
     </span>
     <span class='ocr_line' id='line_1_52' title="bbox 498 2595 1555 2639; baseline -0.003 -10"><span class='ocrx_word' id='word_1_371' title='bbox 498 2608 595 2639; x_wconf 91' lang='lat' dir='ltr'>quam</span> <span class='ocrx_word' id='word_1_372' title='bbox 617 2607 743 2638; x_wconf 89' lang='lat' dir='ltr'>corpus.</span> <span class='ocrx_word' id='word_1_373' title='bbox 767 2615 790 2620; x_wconf 89' lang='lat'>—</span> <span class='ocrx_word' id='word_1_374' title='bbox 812 2597 936 2628; x_wconf 89' lang='lat' dir='ltr'>Deinde</span> <span class='ocrx_word' id='word_1_375' title='bbox 951 2597 1138 2627; x_wconf 83' lang='lat' dir='ltr'>auctoritate</span> <span class='ocrx_word' id='word_1_376' title='bbox 1154 2596 1313 2637; x_wconf 89' lang='lat' dir='ltr'>Symboli:</span> <span class='ocrx_word' id='word_1_377' title='bbox 1339 2596 1414 2635; x_wconf 88' lang='lat' dir='ltr'>quia</span> <span class='ocrx_word' id='word_1_378' title='bbox 1429 2595 1555 2626; x_wconf 82' lang='lat' dir='ltr'>descen-</span> 
     </span>
     <span class='ocr_line' id='line_1_53' title="bbox 497 2639 1483 2683; baseline -0.004 -10"><span class='ocrx_word' id='word_1_379' title='bbox 497 2642 544 2673; x_wconf 88' lang='lat' dir='ltr'>dit</span> <span class='ocrx_word' id='word_1_380' title='bbox 566 2642 608 2673; x_wconf 84' lang='lat' dir='ltr'>ad</span> <span class='ocrx_word' id='word_1_381' title='bbox 632 2642 765 2683; x_wconf 87' lang='lat' dir='ltr'>inferos.</span> <span class='ocrx_word' id='word_1_382' title='bbox 789 2659 811 2664; x_wconf 87' lang='lat'><em>—</em></span> <span class='ocrx_word' id='word_1_383' title='bbox 835 2641 953 2672; x_wconf 83' lang='lat' dir='ltr'>Omnia</span> <span class='ocrx_word' id='word_1_384' title='bbox 976 2641 1058 2671; x_wconf 87' lang='lat' dir='ltr'>clara</span> <span class='ocrx_word' id='word_1_385' title='bbox 1081 2646 1156 2671; x_wconf 92' lang='lat' dir='ltr'>sunt</span> <span class='ocrx_word' id='word_1_386' title='bbox 1178 2650 1216 2671; x_wconf 85' lang='lat' dir='ltr'>ex</span> <span class='ocrx_word' id='word_1_387' title='bbox 1239 2649 1334 2680; x_wconf 89' lang='lat' dir='ltr'>supra</span> <span class='ocrx_word' id='word_1_388' title='bbox 1349 2641 1366 2656; x_wconf 44' lang='grc' dir='ltr'>θ</span> <span class='ocrx_word' id='word_1_389' title='bbox 1382 2639 1483 2670; x_wconf 80' lang='lat' dir='ltr'>dictis.</span> 
     </span>
    </p>

    <p class='ocr_par' dir='ltr' id='par_1_19' title="bbox 498 2683 1560 3115">
     <span class='ocr_line' id='line_1_54' title="bbox 553 2683 1555 2725; baseline -0.003 -9"><span class='ocrx_word' id='word_1_390' title='bbox 553 2686 589 2716; x_wconf 93' lang='lat'>11.</span> <span class='ocrx_word' id='word_1_391' title='bbox 615 2686 650 2716; x_wconf 89' lang='lat' dir='ltr'>In</span> <span class='ocrx_word' id='word_1_392' title='bbox 673 2686 882 2725; x_wconf 87' lang='lat' dir='ltr'>responsione</span> <span class='ocrx_word' id='word_1_393' title='bbox 905 2684 945 2715; x_wconf 93' lang='lat' dir='ltr'>ad</span> <span class='ocrx_word' id='word_1_394' title='bbox 960 2685 1111 2724; x_wconf 88' lang='lat' dir='ltr'>primum,</span> <span class='ocrx_word' id='word_1_395' title='bbox 1128 2684 1254 2715; x_wconf 89' lang='lat' dir='ltr'>adverte</span> <span class='ocrx_word' id='word_1_396' title='bbox 1273 2683 1364 2724; x_wconf 89' lang='lat' dir='ltr'>quod</span> <span class='ocrx_word' id='word_1_397' title='bbox 1378 2684 1555 2723; x_wconf 87' lang='lat' dir='ltr'>responsio,</span> 
     </span>
     <span class='ocr_line' id='line_1_55' title="bbox 498 2728 1557 2769; baseline -0.003 -9"><span class='ocrx_word' id='word_1_398' title='bbox 498 2729 676 2760; x_wconf 88' lang='lat' dir='ltr'>secundum</span> <span class='ocrx_word' id='word_1_399' title='bbox 700 2730 934 2769; x_wconf 88' lang='lat' dir='ltr'>expositionem</span> <span class='ocrx_word' id='word_1_400' title='bbox 955 2729 1143 2768; x_wconf 88' lang='lat' dir='ltr'>Augustini,</span> <span class='ocrx_word' id='word_1_401' title='bbox 1167 2728 1312 2768; x_wconf 86' lang='lat' dir='ltr'>intelligit</span> <span class='ocrx_word' id='word_1_402' title='bbox 1334 2728 1467 2758; x_wconf 89' lang='lat' dir='ltr'>nomine</span> <span class='ocrx_word' id='word_1_403' title='bbox 1490 2728 1557 2757; x_wconf 89' lang='lat' dir='ltr'>ani-</span> 
     </span>
     <span class='ocr_line' id='line_1_56' title="bbox 499 2770 1557 2813; baseline -0.003 -10"><span class='ocrx_word' id='word_1_404' title='bbox 499 2783 570 2804; x_wconf 87' lang='lat' dir='ltr'>mae</span> <span class='ocrx_word' id='word_1_405' title='bbox 586 2774 687 2813; x_wconf 83' lang='lat' dir='ltr'>ipsam</span> <span class='ocrx_word' id='word_1_406' title='bbox 703 2774 826 2803; x_wconf 86' lang='lat' dir='ltr'>animae</span> <span class='ocrx_word' id='word_1_407' title='bbox 842 2773 1049 2803; x_wconf 87' lang='lat' dir='ltr'>substantiam</span> <span class='ocrx_word' id='word_1_408' title='bbox 1065 2771 1243 2803; x_wconf 90' lang='lat' dir='ltr'>secundum</span> <span class='ocrx_word' id='word_1_409' title='bbox 1258 2772 1412 2812; x_wconf 87' lang='lat' dir='ltr'>seipsam:</span> <span class='ocrx_word' id='word_1_410' title='bbox 1437 2776 1469 2801; x_wconf 86' lang='lat' dir='ltr'>et</span> <span class='ocrx_word' id='word_1_411' title='bbox 1483 2770 1557 2801; x_wconf 90' lang='lat' dir='ltr'>ideo</span> 
     </span>
     <span class='ocr_line' id='line_1_57' title="bbox 499 2815 1558 2856; baseline -0.002 -9"><span class='ocrx_word' id='word_1_412' title='bbox 499 2822 640 2847; x_wconf 86' lang='lat' dir='ltr'>versatur</span> <span class='ocrx_word' id='word_1_413' title='bbox 661 2817 743 2846; x_wconf 86' lang='lat' dir='ltr'>inter</span> <span class='ocrx_word' id='word_1_414' title='bbox 758 2817 916 2856; x_wconf 86' lang='lat' dir='ltr'>angustias</span> <span class='ocrx_word' id='word_1_415' title='bbox 933 2816 1182 2847; x_wconf 87' lang='lat' dir='ltr'>distinctionum.</span> <span class='ocrx_word' id='word_1_416' title='bbox 1206 2815 1334 2846; x_wconf 89' lang='lat' dir='ltr'>Planior</span> <span class='ocrx_word' id='word_1_417' title='bbox 1356 2820 1463 2845; x_wconf 86' lang='lat' dir='ltr'>autem</span> <span class='ocrx_word' id='word_1_418' title='bbox 1487 2824 1558 2845; x_wconf 89' lang='lat' dir='ltr'>sen-</span> 
     </span>
     <span class='ocr_line' id='line_1_58' title="bbox 501 2859 1558 2900; baseline -0.003 -9"><span class='ocrx_word' id='word_1_419' title='bbox 501 2870 553 2891; x_wconf 91' lang='lat' dir='ltr'>sus</span> <span class='ocrx_word' id='word_1_420' title='bbox 576 2860 759 2900; x_wconf 88' lang='lat' dir='ltr'>Evangelici</span> <span class='ocrx_word' id='word_1_421' title='bbox 773 2866 876 2890; x_wconf 86' lang='lat' dir='ltr'>textus</span> <span class='ocrx_word' id='word_1_422' title='bbox 895 2865 942 2891; x_wconf 87' lang='lat' dir='ltr'>est</span> <span class='ocrx_word' id='word_1_423' title='bbox 964 2860 1138 2900; x_wconf 89' lang='lat' dir='ltr'>intelligere</span> <span class='ocrx_word' id='word_1_424' title='bbox 1155 2860 1278 2890; x_wconf 89' lang='lat' dir='ltr'>animae</span> <span class='ocrx_word' id='word_1_425' title='bbox 1301 2859 1433 2890; x_wconf 88' lang='lat' dir='ltr'>nomine</span> <span class='ocrx_word' id='word_1_426' title='bbox 1456 2859 1558 2898; x_wconf 88' lang='lat' dir='ltr'>ipsam</span> 
     </span>
     <span class='ocr_line' id='line_1_59' title="bbox 502 2903 1557 2944; baseline -0.002 -10"><span class='ocrx_word' id='word_1_427' title='bbox 502 2904 632 2944; x_wconf 87' lang='lat' dir='ltr'>quidem</span> <span class='ocrx_word' id='word_1_428' title='bbox 656 2905 812 2940; x_wconf 87' lang='lat' dir='ltr'>animam,</span> <span class='ocrx_word' id='word_1_429' title='bbox 837 2913 904 2934; x_wconf 89' lang='lat' dir='ltr'>non</span> <span class='ocrx_word' id='word_1_430' title='bbox 931 2909 968 2934; x_wconf 89' lang='lat' dir='ltr'>ut</span> <span class='ocrx_word' id='word_1_431' title='bbox 994 2905 1027 2934; x_wconf 91' lang='lat' dir='ltr'>in</span> <span class='ocrx_word' id='word_1_432' title='bbox 1050 2913 1084 2934; x_wconf 89' lang='lat' dir='ltr'>se</span> <span class='ocrx_word' id='word_1_433' title='bbox 1107 2903 1265 2944; x_wconf 89' lang='lat' dir='ltr'>quaedam</span> <span class='ocrx_word' id='word_1_434' title='bbox 1297 2903 1470 2934; x_wconf 86' lang='lat' dir='ltr'>substantia</span> <span class='ocrx_word' id='word_1_435' title='bbox 1493 2907 1557 2938; x_wconf 89' lang='lat' dir='ltr'>est,</span> 
     </span>
     <span class='ocr_line' id='line_1_60' title="bbox 502 2945 1559 2979; baseline -0.002 -1"><span class='ocrx_word' id='word_1_436' title='bbox 502 2948 558 2978; x_wconf 87' lang='lat' dir='ltr'>sed</span> <span class='ocrx_word' id='word_1_437' title='bbox 579 2954 615 2978; x_wconf 89' lang='lat' dir='ltr'>ut</span> <span class='ocrx_word' id='word_1_438' title='bbox 637 2948 880 2978; x_wconf 84' lang='lat' dir='ltr'>substantialiter</span> <span class='ocrx_word' id='word_1_439' title='bbox 909 2949 1036 2978; x_wconf 86' lang='lat' dir='ltr'>animat.</span> <span class='ocrx_word' id='word_1_440' title='bbox 1069 2947 1121 2979; x_wconf 89' lang='lat' dir='ltr'>Sic</span> <span class='ocrx_word' id='word_1_441' title='bbox 1144 2948 1231 2978; x_wconf 88' lang='lat' dir='ltr'>enim</span> <span class='ocrx_word' id='word_1_442' title='bbox 1258 2948 1364 2978; x_wconf 88' lang='lat' dir='ltr'>anima</span> <span class='ocrx_word' id='word_1_443' title='bbox 1386 2945 1559 2977; x_wconf 86' lang='lat' dir='ltr'>formaliter</span> 
     </span>
     <span class='ocr_line' id='line_1_61' title="bbox 503 2989 1559 3032; baseline -0.001 -11"><span class='ocrx_word' id='word_1_444' title='bbox 503 2992 650 3022; x_wconf 88' lang='lat' dir='ltr'>sumitur:</span> <span class='ocrx_word' id='word_1_445' title='bbox 676 2997 706 3021; x_wconf 89' lang='lat' dir='ltr'>et</span> <span class='ocrx_word' id='word_1_446' title='bbox 729 2992 849 3032; x_wconf 89' lang='lat' dir='ltr'>absque</span> <span class='ocrx_word' id='word_1_447' title='bbox 873 2992 962 3022; x_wconf 91' lang='lat' dir='ltr'>omni</span> <span class='ocrx_word' id='word_1_448' title='bbox 979 2992 1166 3032; x_wconf 86' lang='lat' dir='ltr'>quaestione</span> <span class='ocrx_word' id='word_1_449' title='bbox 1184 2991 1286 3031; x_wconf 85' lang='lat' dir='ltr'>liquet</span> <span class='ocrx_word' id='word_1_450' title='bbox 1308 2989 1397 3031; x_wconf 90' lang='lat' dir='ltr'>quod</span> <span class='ocrx_word' id='word_1_451' title='bbox 1414 2991 1483 3030; x_wconf 87' lang='lat' dir='ltr'>ipse</span> <span class='ocrx_word' id='word_1_452' title='bbox 1498 2990 1559 3020; x_wconf 88' lang='lat' dir='ltr'>Dei</span> 
     </span>
     <span class='ocr_line' id='line_1_62' title="bbox 503 3034 1559 3076; baseline -0.001 -11"><span class='ocrx_word' id='word_1_453' title='bbox 503 3035 612 3072; x_wconf 87' lang='lat' dir='ltr'>Filius,</span> <span class='ocrx_word' id='word_1_454' title='bbox 629 3037 685 3075; x_wconf 88' lang='lat' dir='ltr'>qui</span> <span class='ocrx_word' id='word_1_455' title='bbox 707 3035 850 3075; x_wconf 86' lang='lat' dir='ltr'>loquitur</span> <span class='ocrx_word' id='word_1_456' title='bbox 873 3034 990 3071; x_wconf 88' lang='lat' dir='ltr'>dicens,</span> <span class='ocrx_word' id='word_1_457' title='bbox 1006 3034 1080 3076; x_wconf 82' lang='lat' dir='ltr'>Ego</span> <span class='ocrx_word' id='word_1_458' title='bbox 1099 3045 1189 3076; x_wconf 89' lang='lat' dir='ltr'>pono</span> <span class='ocrx_word' id='word_1_459' title='bbox 1214 3035 1355 3066; x_wconf 88' lang='lat' dir='ltr'>animam</span> <span class='ocrx_word' id='word_1_460' title='bbox 1371 3043 1483 3070; x_wconf 86' lang='lat' dir='ltr'>meam,</span> <span class='ocrx_word' id='word_1_461' title='bbox 1499 3043 1559 3074; x_wconf 91' lang='lat' dir='ltr'>po-</span> 
     </span>
     <span class='ocr_line' id='line_1_63' title="bbox 505 3077 1560 3115; baseline 0 -7"><span class='ocrx_word' id='word_1_462' title='bbox 505 3079 567 3109; x_wconf 86' lang='lat' dir='ltr'>suit</span> <span class='ocrx_word' id='word_1_463' title='bbox 596 3079 734 3110; x_wconf 87' lang='lat' dir='ltr'>animam</span> <span class='ocrx_word' id='word_1_464' title='bbox 761 3088 851 3109; x_wconf 89' lang='lat' dir='ltr'>suam</span> <span class='ocrx_word' id='word_1_465' title='bbox 883 3078 1026 3109; x_wconf 91' lang='lat' dir='ltr'>tollendo</span> <span class='ocrx_word' id='word_1_466' title='bbox 1059 3079 1287 3110; x_wconf 87' lang='lat' dir='ltr'>animationem</span> <span class='ocrx_word' id='word_1_467' title='bbox 1309 3078 1407 3115; x_wconf 90' lang='lat' dir='ltr'>illius,</span> <span class='ocrx_word' id='word_1_468' title='bbox 1438 3077 1560 3108; x_wconf 87' lang='lat' dir='ltr'>tollitur</span> 
     </span>
    </p>
   </div>
   <div class='ocr_carea' id='block_1_13' title="bbox 1576 281 1941 320">
    <p class='ocr_par' dir='ltr' id='par_1_20' title="bbox 1576 281 1941 320">
     <span class='ocr_line' id='line_1_64' title="bbox 1576 281 1941 320; baseline 0 -2"><span class='ocrx_word' id='word_1_469' title='bbox 1576 281 1868 320; x_wconf 91' lang='lat' dir='ltr'><strong>ARTICULUS</strong></span> <span class='ocrx_word' id='word_1_470' title='bbox 1895 282 1941 319; x_wconf 91' lang='lat'>111</span> 
     </span>
    </p>
   </div>
   <div class='ocr_carea' id='block_1_14' title="bbox 1594 359 2689 502">
    <p class='ocr_par' dir='ltr' id='par_1_21' title="bbox 1594 359 2689 502">
     <span class='ocr_line' id='line_1_65' title="bbox 1601 359 2689 409; baseline 0.001 -12"><span class='ocrx_word' id='word_1_471' title='bbox 1601 361 1712 398; x_wconf 85' lang='lat' dir='ltr'>Verbi</span> <span class='ocrx_word' id='word_1_472' title='bbox 1737 361 1970 397; x_wconf 87' lang='lat' dir='ltr'>inhabitantis</span> <span class='ocrx_word' id='word_1_473' title='bbox 1988 372 2160 397; x_wconf 86' lang='lat' dir='ltr'>carnem:</span> <span class='ocrx_word' id='word_1_474' title='bbox 2187 359 2288 409; x_wconf 88' lang='lat' dir='ltr'>quia,</span> <span class='ocrx_word' id='word_1_475' title='bbox 2308 360 2405 397; x_wconf 87' lang='lat' dir='ltr'>sicut</span> <span class='ocrx_word' id='word_1_476' title='bbox 2422 371 2539 409; x_wconf 87' lang='lat' dir='ltr'>supra</span> <span class='ocrx_word' id='word_1_477' title='bbox 2555 359 2576 382; x_wconf 75' lang='lat'>&#39;⁸‘</span> <span class='ocrx_word' id='word_1_478' title='bbox 2597 359 2650 398; x_wconf 86' lang='lat' dir='ltr'>di·</span> <span class='ocrx_word' id='word_1_479' title='bbox 2678 368 2689 382; x_wconf 86' lang='grc'><em>·</em></span> 
     </span>
     <span class='ocr_line' id='line_1_66' title="bbox 1594 411 2651 461; baseline 0 -12"><span class='ocrx_word' id='word_1_480' title='bbox 1594 419 1699 449; x_wconf 90' lang='lat' dir='ltr'>ctum</span> <span class='ocrx_word' id='word_1_481' title='bbox 1727 419 1794 459; x_wconf 88' lang='lat' dir='ltr'>est,</span> <span class='ocrx_word' id='word_1_482' title='bbox 1813 423 1883 461; x_wconf 89' lang='lat' dir='ltr'>per</span> <span class='ocrx_word' id='word_1_483' title='bbox 1909 419 2072 449; x_wconf 89' lang='lat' dir='ltr'>mortem</span> <span class='ocrx_word' id='word_1_484' title='bbox 2102 424 2183 450; x_wconf 92' lang='lat' dir='ltr'>non</span> <span class='ocrx_word' id='word_1_485' title='bbox 2203 420 2259 449; x_wconf 90' lang='lat' dir='ltr'>est</span> <span class='ocrx_word' id='word_1_486' title='bbox 2284 419 2456 461; x_wconf 84' lang='lat' dir='ltr'>separata</span> <span class='ocrx_word' id='word_1_487' title='bbox 2475 411 2651 449; x_wconf 79' lang='lat' dir='ltr'>divinitas</span> 
     </span>
     <span class='ocr_line' id='line_1_67' title="bbox 1594 463 1911 502; baseline 0 -1"><span class='ocrx_word' id='word_1_488' title='bbox 1594 463 1711 502; x_wconf 91' lang='lat' dir='ltr'>Verbi</span> <span class='ocrx_word' id='word_1_489' title='bbox 1738 476 1760 501; x_wconf 89' lang='lat' dir='ltr'>a</span> <span class='ocrx_word' id='word_1_490' title='bbox 1787 475 1911 501; x_wconf 88' lang='lat' dir='ltr'>carne.</span> 
     </span>
    </p>
   </div>
   <div class='ocr_carea' id='block_1_15' title="bbox 1596 566 2662 878">
    <p class='ocr_par' dir='ltr' id='par_1_22' title="bbox 1596 566 2662 878">
     <span class='ocr_line' id='line_1_68' title="bbox 1596 566 2662 617; baseline 0.002 -12"><span class='ocrx_word' id='word_1_491' title='bbox 1596 568 1727 606; x_wconf 87' lang='lat' dir='ltr'>nasius</span> <span class='ocrx_word' id='word_1_492' title='bbox 1754 580 1834 606; x_wconf 91' lang='lat' dir='ltr'>non</span> <span class='ocrx_word' id='word_1_493' title='bbox 1861 568 2041 606; x_wconf 87' lang='lat' dir='ltr'>intellexit</span> <span class='ocrx_word' id='word_1_494' title='bbox 2059 569 2167 617; x_wconf 94' lang='lat' dir='ltr'>quod</span> <span class='ocrx_word' id='word_1_495' title='bbox 2184 575 2286 606; x_wconf 85' lang='lat' dir='ltr'>totus</span> <span class='ocrx_word' id='word_1_496' title='bbox 2309 569 2431 606; x_wconf 88' lang='lat' dir='ltr'>homo</span> <span class='ocrx_word' id='word_1_497' title='bbox 2458 567 2588 605; x_wconf 85' lang='lat' dir='ltr'>denuo</span> <span class='ocrx_word' id='word_1_498' title='bbox 2605 566 2662 607; x_wconf 57' lang='lat' dir='ltr'>sit&gt;</span> 
     </span>
     <span class='ocr_line' id='line_1_69' title="bbox 1596 619 2657 670; baseline 0 -13"><span class='ocrx_word' id='word_1_499' title='bbox 1596 628 1828 669; x_wconf 85' lang='lat' dir='ltr'>assumptus,</span> <span class='ocrx_word' id='word_1_500' title='bbox 1856 620 1963 666; x_wconf 87' lang='lat' dir='ltr'>idest,</span> <span class='ocrx_word' id='word_1_501' title='bbox 1992 632 2129 658; x_wconf 90' lang='lat' dir='ltr'>omnes</span> <span class='ocrx_word' id='word_1_502' title='bbox 2155 628 2281 670; x_wconf 87' lang='lat' dir='ltr'>partes</span> <span class='ocrx_word' id='word_1_503' title='bbox 2308 620 2411 658; x_wconf 87' lang='lat' dir='ltr'>eius:</span> <span class='ocrx_word' id='word_1_504' title='bbox 2440 619 2550 669; x_wconf 82' lang='lat' dir='ltr'>quasi</span> <span class='ocrx_word' id='word_1_505' title='bbox 2562 620 2657 661; x_wconf 67' lang='lat' dir='ltr'>Veis&gt;</span> 
     </span>
     <span class='ocr_line' id='line_1_70' title="bbox 1596 669 2659 725; baseline 0.001 -16"><span class='ocrx_word' id='word_1_506' title='bbox 1596 673 1693 710; x_wconf 90' lang='lat' dir='ltr'>burn</span> <span class='ocrx_word' id='word_1_507' title='bbox 1711 672 1784 710; x_wconf 89' lang='lat' dir='ltr'>Dei</span> <span class='ocrx_word' id='word_1_508' title='bbox 1802 680 1927 721; x_wconf 83' lang='lat' dir='ltr'>partes</span> <span class='ocrx_word' id='word_1_509' title='bbox 1946 673 2141 710; x_wconf 84' lang='lat' dir='ltr'>humanae</span> <span class='ocrx_word' id='word_1_510' title='bbox 2167 679 2325 710; x_wconf 84' lang='lat' dir='ltr'>naturae</span> <span class='ocrx_word' id='word_1_511' title='bbox 2349 671 2568 723; x_wconf 77' lang='lat' dir='ltr'>deposuerit</span> <span class='ocrx_word' id='word_1_512' title='bbox 2584 669 2659 725; x_wconf 64' lang='lat' dir='ltr'>pei-¹</span> 
     </span>
     <span class='ocr_line' id='line_1_71' title="bbox 1597 724 2597 774; baseline -0.001 -12"><span class='ocrx_word' id='word_1_513' title='bbox 1597 732 1774 762; x_wconf 87' lang='lat' dir='ltr'>mortem</span> <span class='ocrx_word' id='word_1_514' title='bbox 1814 724 1891 762; x_wconf 89' lang='lat' dir='ltr'>Sed</span> <span class='ocrx_word' id='word_1_515' title='bbox 1918 724 2026 774; x_wconf 91' lang='lat' dir='ltr'>quod</span> <span class='ocrx_word' id='word_1_516' title='bbox 2053 724 2185 762; x_wconf 82' lang='lat' dir='ltr'>iterato</span> <span class='ocrx_word' id='word_1_517' title='bbox 2219 724 2380 762; x_wconf 82' lang='lat' dir='ltr'>totalitas</span> <span class='ocrx_word' id='word_1_518' title='bbox 2413 729 2597 773; x_wconf 74' lang='lat' dir='ltr'>naturae</span> 
     </span>
     <span class='ocr_line' id='line_1_72' title="bbox 1597 774 2654 826; baseline 0 -12"><span class='ocrx_word' id='word_1_519' title='bbox 1597 785 1773 826; x_wconf 83' lang='lat' dir='ltr'>sumptae</span> <span class='ocrx_word' id='word_1_520' title='bbox 1799 776 1845 814; x_wconf 90' lang='lat' dir='ltr'>sit</span> <span class='ocrx_word' id='word_1_521' title='bbox 1866 776 1908 814; x_wconf 91' lang='lat' dir='ltr'>in</span> <span class='ocrx_word' id='word_1_522' title='bbox 1926 776 2199 817; x_wconf 88' lang='lat' dir='ltr'>resurrectione</span> <span class='ocrx_word' id='word_1_523' title='bbox 2227 776 2476 825; x_wconf 83' lang='lat' dir='ltr'>redintegrata</span> <span class='ocrx_word' id='word_1_524' title='bbox 2493 787 2563 826; x_wconf 87' lang='lat' dir='ltr'>per</span> <span class='ocrx_word' id='word_1_525' title='bbox 2586 774 2654 825; x_wconf 66' lang='grc' dir='ltr'><strong>ιτε-</strong></span> 
     </span>
     <span class='ocr_line' id='line_1_73' title="bbox 1598 828 2388 878; baseline 0 -12"><span class='ocrx_word' id='word_1_526' title='bbox 1598 837 1720 867; x_wconf 86' lang='lat' dir='ltr'>ratam</span> <span class='ocrx_word' id='word_1_527' title='bbox 1747 828 1932 867; x_wconf 88' lang='lat' dir='ltr'>unionem</span> <span class='ocrx_word' id='word_1_528' title='bbox 1962 829 2114 867; x_wconf 86' lang='lat' dir='ltr'>animae</span> <span class='ocrx_word' id='word_1_529' title='bbox 2141 837 2179 867; x_wconf 88' lang='lat' dir='ltr'>et</span> <span class='ocrx_word' id='word_1_530' title='bbox 2205 829 2388 878; x_wconf 87' lang='lat' dir='ltr'>corporis.</span> 
     </span>
    </p>
   </div>
   <div class='ocr_carea' id='block_1_16' title="bbox 1597 932 2669 1298">
    <p class='ocr_par' dir='ltr' id='par_1_23' title="bbox 1597 932 2669 1298">
     <span class='ocr_line' id='line_1_74' title="bbox 1597 932 2661 984; baseline 0 -13"><span class='ocrx_word' id='word_1_531' title='bbox 1597 941 1682 984; x_wconf 87' lang='lat' dir='ltr'>pter</span> <span class='ocrx_word' id='word_1_532' title='bbox 1708 933 1895 971; x_wconf 87' lang='lat' dir='ltr'>unionem</span> <span class='ocrx_word' id='word_1_533' title='bbox 1914 935 2108 971; x_wconf 90' lang='lat' dir='ltr'>humanae</span> <span class='ocrx_word' id='word_1_534' title='bbox 2132 940 2302 980; x_wconf 87' lang='lat' dir='ltr'>naturae,</span> <span class='ocrx_word' id='word_1_535' title='bbox 2322 944 2402 971; x_wconf 92' lang='lat' dir='ltr'>non</span> <span class='ocrx_word' id='word_1_536' title='bbox 2429 932 2566 971; x_wconf 81' lang='lat' dir='ltr'>dicitur</span> <span class='ocrx_word' id='word_1_537' title='bbox 2582 932 2661 979; x_wconf 91' lang='grc' dir='ltr'>ΒΨ</span> 
     </span>
     <span class='ocr_line' id='line_1_75' title="bbox 1599 985 2667 1035; baseline 0.003 -12"><span class='ocrx_word' id='word_1_538' title='bbox 1599 998 1716 1024; x_wconf 88' lang='lat' dir='ltr'>mana</span> <span class='ocrx_word' id='word_1_539' title='bbox 1742 993 1898 1023; x_wconf 83' lang='lat' dir='ltr'>natura:</span> <span class='ocrx_word' id='word_1_540' title='bbox 1928 986 1996 1023; x_wconf 91' lang='lat' dir='ltr'>sed</span> <span class='ocrx_word' id='word_1_541' title='bbox 2015 985 2151 1023; x_wconf 90' lang='lat' dir='ltr'>dicitur</span> <span class='ocrx_word' id='word_1_542' title='bbox 2168 987 2292 1033; x_wconf 90' lang='lat' dir='ltr'>homo,</span> <span class='ocrx_word' id='word_1_543' title='bbox 2313 985 2420 1035; x_wconf 93' lang='lat' dir='ltr'>quod</span> <span class='ocrx_word' id='word_1_544' title='bbox 2438 992 2496 1022; x_wconf 88' lang='lat' dir='ltr'>est</span> <span class='ocrx_word' id='word_1_545' title='bbox 2518 985 2667 1034; x_wconf 63' lang='lat' dir='ltr'>haben-³3</span> 
     </span>
     <span class='ocr_line' id='line_1_76' title="bbox 1598 1036 2669 1094; baseline -0.001 -18"><span class='ocrx_word' id='word_1_546' title='bbox 1598 1041 1803 1077; x_wconf 85' lang='lat' dir='ltr'>humanam</span> <span class='ocrx_word' id='word_1_547' title='bbox 1827 1044 2013 1076; x_wconf 88' lang='lat' dir='ltr'>naturam.</span> <span class='ocrx_word' id='word_1_548' title='bbox 2047 1038 2188 1076; x_wconf 81' lang='lat' dir='ltr'>Anima</span> <span class='ocrx_word' id='word_1_549' title='bbox 2205 1046 2336 1077; x_wconf 86' lang='lat' dir='ltr'>autem</span> <span class='ocrx_word' id='word_1_550' title='bbox 2355 1045 2391 1076; x_wconf 89' lang='lat' dir='ltr'>et</span> <span class='ocrx_word' id='word_1_551' title='bbox 2409 1049 2559 1087; x_wconf 88' lang='lat' dir='ltr'>corpus</span> <span class='ocrx_word' id='word_1_552' title='bbox 2568 1036 2669 1094; x_wconf 56' lang='grc' dir='ltr'><strong>’5ηεξῇζ</strong></span> 
     </span>
     <span class='ocr_line' id='line_1_77' title="bbox 1599 1089 2666 1145; baseline 0 -17"><span class='ocrx_word' id='word_1_553' title='bbox 1599 1098 1724 1141; x_wconf 83' lang='lat' dir='ltr'>partes</span> <span class='ocrx_word' id='word_1_554' title='bbox 1753 1090 1968 1128; x_wconf 80' lang='lat' dir='ltr'>essentiales</span> <span class='ocrx_word' id='word_1_555' title='bbox 1996 1092 2191 1128; x_wconf 88' lang='lat' dir='ltr'>humanae</span> <span class='ocrx_word' id='word_1_556' title='bbox 2218 1098 2387 1128; x_wconf 80' lang='lat' dir='ltr'>naturae.</span> <span class='ocrx_word' id='word_1_557' title='bbox 2429 1089 2543 1128; x_wconf 86' lang='lat' dir='ltr'>Unde</span> <span class='ocrx_word' id='word_1_558' title='bbox 2567 1091 2666 1145; x_wconf 56' lang='lat' dir='ltr'>purg}</span> 
     </span>
     <span class='ocr_line' id='line_1_78' title="bbox 1599 1140 2667 1193; baseline 0 -12"><span class='ocrx_word' id='word_1_559' title='bbox 1599 1152 1683 1193; x_wconf 88' lang='lat' dir='ltr'>pter</span> <span class='ocrx_word' id='word_1_560' title='bbox 1715 1144 1903 1189; x_wconf 86' lang='lat' dir='ltr'>unionem</span> <span class='ocrx_word' id='word_1_561' title='bbox 1930 1143 2047 1180; x_wconf 89' lang='lat' dir='ltr'>Verbi</span> <span class='ocrx_word' id='word_1_562' title='bbox 2079 1143 2128 1180; x_wconf 84' lang='lat' dir='ltr'>ad</span> <span class='ocrx_word' id='word_1_563' title='bbox 2158 1150 2368 1192; x_wconf 85' lang='lat' dir='ltr'>utrumque</span> <span class='ocrx_word' id='word_1_564' title='bbox 2407 1153 2545 1180; x_wconf 90' lang='lat' dir='ltr'>eorum</span> <span class='ocrx_word' id='word_1_565' title='bbox 2564 1140 2667 1181; x_wconf 62' lang='grc' dir='ltr'>Μ’</span> 
     </span>
     <span class='ocr_line' id='line_1_79' title="bbox 1600 1192 2661 1253; baseline 0.001 -20"><span class='ocrx_word' id='word_1_566' title='bbox 1600 1195 1772 1246; x_wconf 89' lang='lat' dir='ltr'>sequitur</span> <span class='ocrx_word' id='word_1_567' title='bbox 1799 1196 1906 1246; x_wconf 93' lang='lat' dir='ltr'>quod</span> <span class='ocrx_word' id='word_1_568' title='bbox 1923 1195 2099 1233; x_wconf 89' lang='lat' dir='ltr'>Verbum</span> <span class='ocrx_word' id='word_1_569' title='bbox 2116 1195 2189 1233; x_wconf 90' lang='lat' dir='ltr'>Dei</span> <span class='ocrx_word' id='word_1_570' title='bbox 2208 1195 2254 1232; x_wconf 92' lang='lat' dir='ltr'>sit</span> <span class='ocrx_word' id='word_1_571' title='bbox 2272 1195 2401 1232; x_wconf 88' lang='lat' dir='ltr'>anima</span> <span class='ocrx_word' id='word_1_572' title='bbox 2418 1195 2480 1232; x_wconf 90' lang='lat' dir='ltr'>vel</span> <span class='ocrx_word' id='word_1_573' title='bbox 2498 1192 2661 1253; x_wconf 56' lang='lat' dir='ltr'>corpus}</span> 
     </span>
     <span class='ocr_line' id='line_1_80' title="bbox 1600 1249 2506 1298; baseline -0.002 -12"><span class='ocrx_word' id='word_1_574' title='bbox 1600 1249 1668 1286; x_wconf 90' lang='lat' dir='ltr'>sed</span> <span class='ocrx_word' id='word_1_575' title='bbox 1696 1249 1803 1298; x_wconf 92' lang='lat' dir='ltr'>quod</span> <span class='ocrx_word' id='word_1_576' title='bbox 1831 1255 1886 1286; x_wconf 92' lang='lat' dir='ltr'>est</span> <span class='ocrx_word' id='word_1_577' title='bbox 1912 1250 2051 1286; x_wconf 89' lang='lat' dir='ltr'>habens</span> <span class='ocrx_word' id='word_1_578' title='bbox 2077 1250 2245 1286; x_wconf 86' lang='lat' dir='ltr'>animam</span> <span class='ocrx_word' id='word_1_579' title='bbox 2272 1249 2334 1285; x_wconf 91' lang='lat' dir='ltr'>vel</span> <span class='ocrx_word' id='word_1_580' title='bbox 2361 1258 2506 1298; x_wconf 84' lang='lat' dir='ltr'>corpus.</span> 
     </span>
    </p>
   </div>
   <div class='ocr_carea' id='block_1_17' title="bbox 1601 1352 2668 1771">
    <p class='ocr_par' dir='ltr' id='par_1_24' title="bbox 1601 1352 2667 1609">
     <span class='ocr_line' id='line_1_81' title="bbox 1601 1352 2661 1403; baseline -0.002 -12"><span class='ocrx_word' id='word_1_581' title='bbox 1601 1353 1701 1401; x_wconf 88' lang='lat' dir='ltr'>dicit,</span> <span class='ocrx_word' id='word_1_582' title='bbox 1720 1352 1760 1391; x_wconf 92' lang='lat' dir='ltr'>in</span> <span class='ocrx_word' id='word_1_583' title='bbox 1779 1354 1825 1391; x_wconf 89' lang='lat'>111</span> <span class='ocrx_word' id='word_1_584' title='bbox 1844 1352 1940 1391; x_wconf 90' lang='lat' dir='ltr'>libro</span> <span class='ocrx_word' id='word_1_585' title='bbox 1959 1353 1991 1400; x_wconf 80' lang='grc'>*,</span> <span class='ocrx_word' id='word_1_586' title='bbox 2011 1353 2110 1403; x_wconf 83' lang='lat' dir='ltr'>quod</span> <span class='ocrx_word' id='word_1_587' title='bbox 2130 1355 2168 1390; x_wconf 88' lang='lat' dir='ltr'>in</span> <span class='ocrx_word' id='word_1_588' title='bbox 2197 1359 2316 1391; x_wconf 87' lang='lat' dir='ltr'>morte</span> <span class='ocrx_word' id='word_1_589' title='bbox 2337 1353 2472 1391; x_wconf 84' lang='lat' dir='ltr'>Christi</span> <span class='ocrx_word' id='word_1_590' title='bbox 2482 1356 2549 1390; x_wconf 73' lang='lat' dir='ltr'>est</span> <span class='ocrx_word' id='word_1_591' title='bbox 2547 1354 2661 1403; x_wconf 61' lang='lat' dir='ltr'>m</span> 
     </span>
     <span class='ocr_line' id='line_1_82' title="bbox 1601 1403 2667 1455; baseline -0.002 -11"><span class='ocrx_word' id='word_1_592' title='bbox 1601 1413 1684 1444; x_wconf 89' lang='lat' dir='ltr'>rata</span> <span class='ocrx_word' id='word_1_593' title='bbox 1711 1408 1839 1444; x_wconf 87' lang='lat' dir='ltr'>anima</span> <span class='ocrx_word' id='word_1_594' title='bbox 1866 1419 1890 1444; x_wconf 91' lang='lat' dir='ltr'>a</span> <span class='ocrx_word' id='word_1_595' title='bbox 1916 1418 2044 1452; x_wconf 84' lang='lat' dir='ltr'>carne,</span> <span class='ocrx_word' id='word_1_596' title='bbox 2071 1418 2146 1444; x_wconf 86' lang='lat' dir='ltr'>non</span> <span class='ocrx_word' id='word_1_597' title='bbox 2175 1411 2226 1443; x_wconf 90' lang='lat' dir='ltr'>est</span> <span class='ocrx_word' id='word_1_598' title='bbox 2252 1417 2328 1442; x_wconf 90' lang='lat' dir='ltr'>una</span> <span class='ocrx_word' id='word_1_599' title='bbox 2347 1403 2360 1427; x_wconf 60' lang='grc' dir='ltr'><strong>ὅ</strong></span> <span class='ocrx_word' id='word_1_600' title='bbox 2387 1405 2610 1455; x_wconf 72' lang='lat' dir='ltr'>hypostasis</span> <span class='ocrx_word' id='word_1_601' title='bbox 2605 1404 2667 1446; x_wconf 45' lang='lat' dir='ltr'>aa*</span> 
     </span>
     <span class='ocr_line' id='line_1_83' title="bbox 1601 1457 2661 1520; baseline -0.002 -24"><span class='ocrx_word' id='word_1_602' title='bbox 1601 1459 1694 1496; x_wconf 86' lang='lat' dir='ltr'>duas</span> <span class='ocrx_word' id='word_1_603' title='bbox 1720 1460 1935 1509; x_wconf 80' lang='lat' dir='ltr'>hypostases</span> <span class='ocrx_word' id='word_1_604' title='bbox 1952 1458 2078 1496; x_wconf 82' lang='lat' dir='ltr'>divisa.</span> <span class='ocrx_word' id='word_1_605' title='bbox 2107 1459 2155 1496; x_wconf 90' lang='lat' dir='ltr'>Et</span> <span class='ocrx_word' id='word_1_606' title='bbox 2163 1469 2307 1520; x_wconf 82' lang='lat' dir='ltr'>corpus</span> <span class='ocrx_word' id='word_1_607' title='bbox 2325 1459 2424 1495; x_wconf 85' lang='lat' dir='ltr'>enim</span> <span class='ocrx_word' id='word_1_608' title='bbox 2441 1462 2477 1494; x_wconf 87' lang='lat' dir='ltr'>et</span> <span class='ocrx_word' id='word_1_609' title='bbox 2497 1457 2640 1495; x_wconf 65' lang='lat' dir='ltr'>anm-¹.</span> <span class='ocrx_word' id='word_1_610' title='bbox 2631 1458 2661 1480; x_wconf 64' lang='lat'>³⁵</span> 
     </span>
     <span class='ocr_line' id='line_1_84' title="bbox 1601 1499 2665 1572; baseline -0.001 -24"><span class='ocrx_word' id='word_1_611' title='bbox 1601 1512 1802 1548; x_wconf 89' lang='lat' dir='ltr'>secundum</span> <span class='ocrx_word' id='word_1_612' title='bbox 1837 1511 1933 1548; x_wconf 86' lang='lat' dir='ltr'>idem</span> <span class='ocrx_word' id='word_1_613' title='bbox 1965 1523 2014 1548; x_wconf 89' lang='lat' dir='ltr'>ex</span> <span class='ocrx_word' id='word_1_614' title='bbox 2042 1512 2230 1572; x_wconf 85' lang='lat' dir='ltr'>principio</span> <span class='ocrx_word' id='word_1_615' title='bbox 2265 1511 2303 1547; x_wconf 91' lang='lat' dir='ltr'>in</span> <span class='ocrx_word' id='word_1_616' title='bbox 2337 1510 2448 1548; x_wconf 83' lang='lat' dir='ltr'>Verbi</span> <span class='ocrx_word' id='word_1_617' title='bbox 2472 1499 2665 1571; x_wconf 49' lang='lat' dir='ltr'>hypo-staff</span> 
     </span>
     <span class='ocr_line' id='line_1_85' title="bbox 1602 1559 2573 1609; baseline -0.003 -7"><span class='ocrx_word' id='word_1_618' title='bbox 1602 1565 1809 1602; x_wconf 86' lang='lat' dir='ltr'>habuerunt</span> <span class='ocrx_word' id='word_1_619' title='bbox 1827 1565 2078 1601; x_wconf 84' lang='lat' dir='ltr'>existentiam.-</span> <span class='ocrx_word' id='word_1_620' title='bbox 2101 1569 2134 1600; x_wconf 90' lang='lat' dir='ltr'>et</span> <span class='ocrx_word' id='word_1_621' title='bbox 2152 1565 2190 1600; x_wconf 89' lang='lat' dir='ltr'>in</span> <span class='ocrx_word' id='word_1_622' title='bbox 2209 1568 2340 1609; x_wconf 83' lang='lat' dir='ltr'>morte,</span> <span class='ocrx_word' id='word_1_623' title='bbox 2361 1563 2518 1600; x_wconf 73' lang='lat' dir='ltr'>invicem</span> <span class='ocrx_word' id='word_1_624' title='bbox 2530 1559 2573 1605; x_wconf 80' lang='lat' dir='ltr'>di</span> 
     </span>
    </p>

    <p class='ocr_par' dir='ltr' id='par_1_25' title="bbox 1602 1606 2665 1771">
     <span class='ocr_line' id='line_1_86' title="bbox 1602 1606 2665 1668; baseline 0.002 -15"><span class='ocrx_word' id='word_1_625' title='bbox 1602 1617 1752 1667; x_wconf 83' lang='lat' dir='ltr'>singula</span> <span class='ocrx_word' id='word_1_626' title='bbox 1765 1629 1896 1654; x_wconf 92' lang='lat' dir='ltr'>eorum</span> <span class='ocrx_word' id='word_1_627' title='bbox 1915 1614 2156 1654; x_wconf 68' lang='lat' dir='ltr'>manserunt&lt;</span> <span class='ocrx_word' id='word_1_628' title='bbox 2175 1627 2290 1654; x_wconf 85' lang='lat' dir='ltr'>unam</span> <span class='ocrx_word' id='word_1_629' title='bbox 2304 1615 2537 1665; x_wconf 75' lang='lat' dir='ltr'>hypostasim</span> <span class='ocrx_word' id='word_1_630' title='bbox 2552 1606 2665 1668; x_wconf 42' lang='lat' dir='ltr'>Ver&amp;</span> 
     </span>
     <span class='ocr_line' id='line_1_87' title="bbox 1604 1663 2668 1718; baseline 0 -12"><span class='ocrx_word' id='word_1_631' title='bbox 1604 1670 1752 1707; x_wconf 88' lang='lat' dir='ltr'>habens.</span> <span class='ocrx_word' id='word_1_632' title='bbox 1788 1670 1914 1712; x_wconf 88' lang='lat' dir='ltr'>Quare</span> <span class='ocrx_word' id='word_1_633' title='bbox 1932 1681 2008 1706; x_wconf 85' lang='lat' dir='ltr'>una</span> <span class='ocrx_word' id='word_1_634' title='bbox 2034 1669 2144 1706; x_wconf 87' lang='lat' dir='ltr'>Verbi</span> <span class='ocrx_word' id='word_1_635' title='bbox 2167 1669 2373 1718; x_wconf 84' lang='lat' dir='ltr'>hypostasis</span> <span class='ocrx_word' id='word_1_636' title='bbox 2398 1667 2521 1705; x_wconf 77' lang='lat' dir='ltr'>Verbi</span> <span class='ocrx_word' id='word_1_637' title='bbox 2528 1663 2668 1710; x_wconf 49' lang='lat' dir='ltr'>aaa&amp;</span> 
     </span>
     <span class='ocr_line' id='line_1_88' title="bbox 1604 1714 2666 1771; baseline -0.003 -12"><span class='ocrx_word' id='word_1_638' title='bbox 1604 1734 1689 1759; x_wconf 91' lang='lat' dir='ltr'>mae</span> <span class='ocrx_word' id='word_1_639' title='bbox 1707 1727 1740 1759; x_wconf 92' lang='lat' dir='ltr'>et</span> <span class='ocrx_word' id='word_1_640' title='bbox 1758 1723 1925 1771; x_wconf 89' lang='lat' dir='ltr'>corporis</span> <span class='ocrx_word' id='word_1_641' title='bbox 1943 1722 2075 1758; x_wconf 88' lang='lat' dir='ltr'>exstitit</span> <span class='ocrx_word' id='word_1_642' title='bbox 2091 1722 2307 1771; x_wconf 84' lang='lat' dir='ltr'>hypostasis.</span> <span class='ocrx_word' id='word_1_643' title='bbox 2337 1720 2547 1770; x_wconf 64' lang='lat' dir='ltr'>Nunquam</span> <span class='ocrx_word' id='word_1_644' title='bbox 2562 1714 2666 1762; x_wconf 55' lang='lat' dir='ltr'>em</span> 
     </span>
    </p>
   </div>
   <div class='ocr_carea' id='block_1_18' title="bbox 1604 1877 2544 1929">
    <p class='ocr_par' dir='ltr' id='par_1_26' title="bbox 1604 1877 2544 1929">
     <span class='ocr_line' id='line_1_89' title="bbox 1604 1877 2544 1929; baseline 0 -13"><span class='ocrx_word' id='word_1_645' title='bbox 1604 1891 1749 1929; x_wconf 82' lang='lat' dir='ltr'>semper</span> <span class='ocrx_word' id='word_1_646' title='bbox 1775 1880 1886 1917; x_wconf 89' lang='lat' dir='ltr'>Verbi</span> <span class='ocrx_word' id='word_1_647' title='bbox 1910 1880 2128 1928; x_wconf 81' lang='lat' dir='ltr'>hypostasis,</span> <span class='ocrx_word' id='word_1_648' title='bbox 2157 1884 2190 1915; x_wconf 88' lang='lat' dir='ltr'>et</span> <span class='ocrx_word' id='word_1_649' title='bbox 2217 1890 2409 1928; x_wconf 87' lang='lat' dir='ltr'>nunquam</span> <span class='ocrx_word' id='word_1_650' title='bbox 2435 1877 2544 1917; x_wconf 67' lang='lat' dir='ltr'>duae</span> 
     </span>
    </p>
   </div>
   <div class='ocr_carea' id='block_1_19' title="bbox 1605 2061 2024 2093">
    <p class='ocr_par' dir='ltr' id='par_1_27' title="bbox 1605 2061 2024 2093">
     <span class='ocr_line' id='line_1_90' title="bbox 1605 2061 2024 2093; baseline 0 -7"><span class='ocrx_word' id='word_1_651' title='bbox 1605 2068 1702 2093; x_wconf 81' lang='lat' dir='ltr'>corpus</span> <span class='ocrx_word' id='word_1_652' title='bbox 1720 2064 1747 2086; x_wconf 79' lang='lat' dir='ltr'>et</span> <span class='ocrx_word' id='word_1_653' title='bbox 1764 2061 1856 2086; x_wconf 86' lang='lat' dir='ltr'>anima</span> <span class='ocrx_word' id='word_1_654' title='bbox 1877 2061 1977 2086; x_wconf 79' lang='lat' dir='ltr'>Christi</span> <span class='ocrx_word' id='word_1_655' title='bbox 1996 2061 2024 2086; x_wconf 83' lang='lat' dir='ltr'>P.</span> 
     </span>
    </p>
   </div>
   <div class='ocr_carea' id='block_1_20' title="bbox 1577 2040 1583 2222">
    <p class='ocr_par' dir='ltr' id='par_1_28' title="bbox 1577 2040 1583 2222">
     <span class='ocr_line' id='line_1_91' title="bbox 1577 2040 1583 2222; baseline 0 1748"><span class='ocrx_word' id='word_1_656' title='bbox 1577 2040 1583 2222; x_wconf 95' lang='lat' dir='ltr'> </span> 
     </span>
    </p>
   </div>
   <div class='ocr_carea' id='block_1_21' title="bbox 1580 2376 1584 2480">
    <p class='ocr_par' dir='ltr' id='par_1_29' title="bbox 1580 2376 1584 2480">
     <span class='ocr_line' id='line_1_92' title="bbox 1580 2376 1584 2480; baseline 0 1490"><span class='ocrx_word' id='word_1_657' title='bbox 1580 2376 1584 2480; x_wconf 95' lang='lat' dir='ltr'> </span> 
     </span>
    </p>
   </div>
   <div class='ocr_carea' id='block_1_22' title="bbox 1607 2943 2586 2987">
    <p class='ocr_par' dir='ltr' id='par_1_30' title="bbox 1607 2943 2586 2987">
     <span class='ocr_line' id='line_1_93' title="bbox 1607 2943 2586 2987; baseline 0 -10"><span class='ocrx_word' id='word_1_658' title='bbox 1607 2957 1671 2987; x_wconf 84' lang='lat' dir='ltr'>pro</span> <span class='ocrx_word' id='word_1_659' title='bbox 1696 2952 1770 2977; x_wconf 86' lang='lat' dir='ltr'>etc.:</span> <span class='ocrx_word' id='word_1_660' title='bbox 1796 2952 1827 2977; x_wconf 85' lang='lat' dir='ltr'>et</span> <span class='ocrx_word' id='word_1_661' title='bbox 1850 2947 1895 2977; x_wconf 84' lang='lat' dir='ltr'>sic</span> <span class='ocrx_word' id='word_1_662' title='bbox 1917 2945 1957 2977; x_wconf 89' lang='lat' dir='ltr'>de</span> <span class='ocrx_word' id='word_1_663' title='bbox 1971 2946 2049 2977; x_wconf 83' lang='lat' dir='ltr'>aliis.</span> <span class='ocrx_word' id='word_1_664' title='bbox 2077 2945 2152 2977; x_wconf 87' lang='lat' dir='ltr'>Hoc</span> <span class='ocrx_word' id='word_1_665' title='bbox 2169 2947 2203 2977; x_wconf 90' lang='lat' dir='ltr'>in</span> <span class='ocrx_word' id='word_1_666' title='bbox 2225 2945 2312 2977; x_wconf 84' lang='lat' dir='ltr'>idem</span> <span class='ocrx_word' id='word_1_667' title='bbox 2333 2945 2429 2977; x_wconf 82' lang='lat' dir='ltr'>redit.</span> <span class='ocrx_word' id='word_1_668' title='bbox 2453 2945 2532 2986; x_wconf 71' lang='lat' dir='ltr'>quiav</span> <span class='ocrx_word' id='word_1_669' title='bbox 2541 2943 2586 2979; x_wconf 73' lang='lat' dir='ltr'>in</span> 
     </span>
    </p>
   </div>
   <div class='ocr_carea' id='block_1_23' title="bbox 2452 334 2868 2965">
    <p class='ocr_par' dir='ltr' id='par_1_31' title="bbox 2452 334 2868 2965">
     <span class='ocr_line' id='line_1_94' title="bbox 2664 334 2868 542; baseline 0 -56"><span class='ocrx_word' id='word_1_670' title='bbox 2664 334 2868 542; x_wconf 95' lang='lat' dir='ltr'>    </span> 
     </span>
     <span class='ocr_line' id='line_1_95' title="bbox 2655 542 2868 642; baseline 0 -49"><span class='ocrx_word' id='word_1_671' title='bbox 2655 542 2868 642; x_wconf 95' lang='lat' dir='ltr'>   </span> 
     </span>
     <span class='ocr_line' id='line_1_96' title="bbox 2594 642 2868 799; baseline -0.011 -48"><span class='ocrx_word' id='word_1_672' title='bbox 2594 642 2868 799; x_wconf 95' lang='lat' dir='ltr'>    </span> 
     </span>
     <span class='ocr_line' id='line_1_97' title="bbox 2654 799 2868 898; baseline 0 0"><span class='ocrx_word' id='word_1_673' title='bbox 2654 799 2868 898; x_wconf 95' lang='lat' dir='ltr'>  </span> 
     </span>
     <span class='ocr_line' id='line_1_98' title="bbox 2657 898 2868 1060; baseline 0 -51"><span class='ocrx_word' id='word_1_674' title='bbox 2657 898 2868 1060; x_wconf 95' lang='lat' dir='ltr'>     </span> 
     </span>
     <span class='ocr_line' id='line_1_99' title="bbox 2660 1060 2864 1168; baseline 0 -58"><span class='ocrx_word' id='word_1_675' title='bbox 2660 1060 2864 1168; x_wconf 95' lang='lat' dir='ltr'>  </span> 
     </span>
     <span class='ocr_line' id='line_1_100' title="bbox 2655 1168 2868 1322; baseline 0 -51"><span class='ocrx_word' id='word_1_676' title='bbox 2655 1168 2868 1322; x_wconf 95' lang='lat' dir='ltr'>    </span> 
     </span>
     <span class='ocr_line' id='line_1_101' title="bbox 2661 1322 2868 1464; baseline -0.014 -86"><span class='ocrx_word' id='word_1_677' title='bbox 2661 1322 2868 1464; x_wconf 95' lang='lat' dir='ltr'>    </span> 
     </span>
     <span class='ocr_line' id='line_1_102' title="bbox 2665 1481 2868 1604; baseline 0 -20"><span class='ocrx_word' id='word_1_678' title='bbox 2665 1481 2868 1604; x_wconf 95' lang='lat' dir='ltr'>   </span> 
     </span>
     <span class='ocr_line' id='line_1_103' title="bbox 2664 1604 2868 1745; baseline 0 0"><span class='ocrx_word' id='word_1_679' title='bbox 2664 1604 2868 1745; x_wconf 95' lang='lat' dir='ltr'>   </span> 
     </span>
     <span class='ocr_line' id='line_1_104' title="bbox 2452 1745 2868 1903; baseline -0.002 -105"><span class='ocrx_word' id='word_1_680' title='bbox 2452 1745 2868 1903; x_wconf 95' lang='lat' dir='ltr'>   </span> 
     </span>
     <span class='ocr_line' id='line_1_105' title="bbox 2664 1903 2868 2009; baseline 0 -56"><span class='ocrx_word' id='word_1_681' title='bbox 2664 1903 2868 2009; x_wconf 95' lang='lat' dir='ltr'>  </span> 
     </span>
     <span class='ocr_line' id='line_1_106' title="bbox 2684 2009 2868 2145; baseline 0 -71"><span class='ocrx_word' id='word_1_682' title='bbox 2684 2009 2868 2145; x_wconf 95' lang='lat' dir='ltr'>   </span> 
     </span>
     <span class='ocr_line' id='line_1_107' title="bbox 2667 2145 2868 2181; baseline 0 1789"><span class='ocrx_word' id='word_1_683' title='bbox 2667 2145 2868 2181; x_wconf 95' lang='lat' dir='ltr'> </span> 
     </span>
     <span class='ocr_line' id='line_1_108' title="bbox 2612 2181 2868 2441; baseline 0 -3"><span class='ocrx_word' id='word_1_684' title='bbox 2612 2181 2868 2441; x_wconf 95' lang='lat' dir='ltr'>    </span> 
     </span>
     <span class='ocr_line' id='line_1_109' title="bbox 2565 2441 2864 2525; baseline 0 -44"><span class='ocrx_word' id='word_1_685' title='bbox 2565 2441 2864 2525; x_wconf 95' lang='lat' dir='ltr'>  </span> 
     </span>
     <span class='ocr_line' id='line_1_110' title="bbox 2514 2525 2868 2695; baseline -0.006 -125"><span class='ocrx_word' id='word_1_686' title='bbox 2514 2525 2868 2695; x_wconf 95' lang='lat' dir='ltr'>      </span> 
     </span>
     <span class='ocr_line' id='line_1_111' title="bbox 2519 2695 2868 2876; baseline -0.003 -84"><span class='ocrx_word' id='word_1_687' title='bbox 2519 2695 2868 2876; x_wconf 95' lang='lat' dir='ltr'>    </span> 
     </span>
     <span class='ocr_line' id='line_1_112' title="bbox 2548 2876 2868 2965; baseline 0 -88"><span class='ocrx_word' id='word_1_688' title='bbox 2548 2876 2868 2965; x_wconf 95' lang='lat' dir='ltr'>   </span> 
     </span>
    </p>
   </div>
   <div class='ocr_carea' id='block_1_24' title="bbox 1647 514 2654 566">
    <p class='ocr_par' dir='ltr' id='par_1_32' title="bbox 1647 514 2654 566">
     <span class='ocr_line' id='line_1_113' title="bbox 1647 514 2654 566; baseline -0.001 -13"><span class='ocrx_word' id='word_1_689' title='bbox 1647 517 1714 553; x_wconf 83' lang='lat' dir='ltr'>An</span> <span class='ocrx_word' id='word_1_690' title='bbox 1724 528 1913 554; x_wconf 80' lang='lat' dir='ltr'>SECUNDUM</span> <span class='ocrx_word' id='word_1_691' title='bbox 1931 527 2112 554; x_wconf 67' lang='lat' dir='ltr'>menmium</span> <span class='ocrx_word' id='word_1_692' title='bbox 2127 515 2262 566; x_wconf 88' lang='lat' dir='ltr'>quod</span> <span class='ocrx_word' id='word_1_693' title='bbox 2252 528 2294 553; x_wconf 88' lang='lat' dir='ltr'>m</span> <span class='ocrx_word' id='word_1_694' title='bbox 2306 515 2433 554; x_wconf 89' lang='lat' dir='ltr'>verbis</span> <span class='ocrx_word' id='word_1_695' title='bbox 2450 514 2522 554; x_wconf 89' lang='lat' dir='ltr'>illis</span> <span class='ocrx_word' id='word_1_696' title='bbox 2535 514 2654 561; x_wconf 50' lang='lat' dir='ltr'>Athss-</span> 
     </span>
    </p>
   </div>
   <div class='ocr_carea' id='block_1_25' title="bbox 1651 859 2668 931">
    <p class='ocr_par' dir='ltr' id='par_1_33' title="bbox 1651 859 2668 931">
     <span class='ocr_line' id='line_1_114' title="bbox 1651 859 2668 931; baseline 0.001 -12"><span class='ocrx_word' id='word_1_697' title='bbox 1651 883 1708 919; x_wconf 83' lang='lat' dir='ltr'>An</span> <span class='ocrx_word' id='word_1_698' title='bbox 1735 893 1894 919; x_wconf 69' lang='lat' dir='ltr'>Tem-mu</span> <span class='ocrx_word' id='word_1_699' title='bbox 1920 893 2102 920; x_wconf 66' lang='lat' dir='ltr'>mcx-:unum</span> <span class='ocrx_word' id='word_1_700' title='bbox 2129 881 2236 931; x_wconf 91' lang='lat' dir='ltr'>quod</span> <span class='ocrx_word' id='word_1_701' title='bbox 2260 881 2435 918; x_wconf 88' lang='lat' dir='ltr'>Verbum</span> <span class='ocrx_word' id='word_1_702' title='bbox 2461 859 2547 928; x_wconf 80' lang='lat' dir='ltr'>Dei,</span> <span class='ocrx_word' id='word_1_703' title='bbox 2564 883 2668 930; x_wconf 50' lang='lat' dir='ltr'>pro?</span> 
     </span>
    </p>
   </div>
   <div class='ocr_carea' id='block_1_26' title="bbox 1653 1285 2663 1362">
    <p class='ocr_par' dir='ltr' id='par_1_34' title="bbox 1653 1285 2663 1362">
     <span class='ocr_line' id='line_1_115' title="bbox 1653 1285 2663 1362; baseline -0.003 -23"><span class='ocrx_word' id='word_1_704' title='bbox 1653 1302 1711 1339; x_wconf 80' lang='lat' dir='ltr'>An</span> <span class='ocrx_word' id='word_1_705' title='bbox 1739 1313 1911 1345; x_wconf 79' lang='lat' dir='ltr'><strong>QUARTUM</strong></span> <span class='ocrx_word' id='word_1_706' title='bbox 1937 1312 2119 1339; x_wconf 76' lang='lat' dir='ltr'>DICENDUM</span> <span class='ocrx_word' id='word_1_707' title='bbox 2137 1301 2257 1362; x_wconf 82' lang='lat' dir='ltr'>quod,</span> <span class='ocrx_word' id='word_1_708' title='bbox 2277 1300 2373 1337; x_wconf 91' lang='lat' dir='ltr'>sicut</span> <span class='ocrx_word' id='word_1_709' title='bbox 2394 1285 2663 1348; x_wconf 57' lang='lat' dir='ltr'>Damasoenffi</span> 
     </span>
    </p>
   </div>
   <div class='ocr_carea' id='block_1_27' title="bbox 1605 1773 2666 1877">
    <p class='ocr_par' dir='ltr' id='par_1_35' title="bbox 1605 1773 2664 1877">
     <span class='ocr_line' id='line_1_116' title="bbox 1606 1773 2571 1827; baseline -0.002 -16"><span class='ocrx_word' id='word_1_710' title='bbox 1606 1786 1723 1824; x_wconf 87' lang='lat' dir='ltr'>neque</span> <span class='ocrx_word' id='word_1_711' title='bbox 1756 1776 1884 1812; x_wconf 87' lang='lat' dir='ltr'>anima</span> <span class='ocrx_word' id='word_1_712' title='bbox 1913 1786 2030 1823; x_wconf 84' lang='lat' dir='ltr'>neque</span> <span class='ocrx_word' id='word_1_713' title='bbox 2062 1785 2197 1823; x_wconf 85' lang='lat' dir='ltr'>corpus</span> <span class='ocrx_word' id='word_1_714' title='bbox 2224 1773 2424 1823; x_wconf 83' lang='lat' dir='ltr'>propriam</span> <span class='ocrx_word' id='word_1_715' title='bbox 2539 1810 2571 1827; x_wconf 24' lang='grc'>41,</span> 
     </span>
     <span class='ocr_line' id='line_1_117' title="bbox 1605 1809 2666 1877; baseline -0.001 -13"><span class='ocrx_word' id='word_1_716' title='bbox 1605 1829 1842 1877; x_wconf 85' lang='lat' dir='ltr'>hypostasim,</span> <span class='ocrx_word' id='word_1_717' title='bbox 1869 1832 2018 1876; x_wconf 87' lang='lat' dir='ltr'>praeter</span> <span class='ocrx_word' id='word_1_718' title='bbox 2046 1827 2157 1863; x_wconf 90' lang='lat' dir='ltr'>Verbi</span> <span class='ocrx_word' id='word_1_719' title='bbox 2181 1826 2419 1876; x_wconf 84' lang='lat' dir='ltr'>hypostasim.</span> <span class='ocrx_word' id='word_1_720' title='bbox 2453 1823 2559 1864; x_wconf 79' lang='lat' dir='ltr'>Una</span> <span class='ocrx_word' id='word_1_721' title='bbox 2563 1809 2666 1866; x_wconf 55' lang='lat' dir='ltr'>etim</span> 
     </span>
    </p>
   </div>
   <div class='ocr_carea' id='block_1_28' title="bbox 1609 2021 2667 2058">
    <p class='ocr_par' dir='ltr' id='par_1_36' title="bbox 1609 2007 2742 2058">
     <span class='ocr_line' id='line_1_118' title="bbox 1609 2021 2667 2058; baseline 0.002 -7"><span class='ocrx_word' id='word_1_722' title='bbox 1609 2026 1709 2052; x_wconf 64' lang='lat' dir='ltr'>ctu-isti</span> <span class='ocrx_word' id='word_1_723' title='bbox 1722 2029 1748 2051; x_wconf 82' lang='lat' dir='ltr'>et</span> <span class='ocrx_word' id='word_1_724' title='bbox 1760 2026 1853 2051; x_wconf 78' lang='lat' dir='ltr'>anima</span> <span class='ocrx_word' id='word_1_725' title='bbox 1871 2026 1929 2056; x_wconf 83' lang='lat' dir='ltr'>GH,</span> <span class='ocrx_word' id='word_1_726' title='bbox 1941 2032 2038 2058; x_wconf 83' lang='lat' dir='ltr'>corpus</span> <span class='ocrx_word' id='word_1_727' title='bbox 2054 2025 2154 2051; x_wconf 77' lang='lat' dir='ltr'>scilicet</span> <span class='ocrx_word' id='word_1_728' title='bbox 2170 2029 2198 2051; x_wconf 81' lang='lat' dir='ltr'>et</span> <span class='ocrx_word' id='word_1_729' title='bbox 2213 2025 2306 2051; x_wconf 76' lang='lat' dir='ltr'>anima</span> <span class='ocrx_word' id='word_1_730' title='bbox 2324 2026 2392 2058; x_wconf 78' lang='lat' dir='ltr'>(Sed</span> <span class='ocrx_word' id='word_1_731' title='bbox 2409 2025 2492 2058; x_wconf 71' lang='lat' dir='ltr'>idem)</span> <span class='ocrx_word' id='word_1_732' title='bbox 2502 2025 2543 2056; x_wconf 72' lang='lat' dir='ltr'>bc,</span> <span class='ocrx_word' id='word_1_733' title='bbox 2554 2021 2667 2053; x_wconf 60' lang='lat' dir='ltr'>Neda</span> 
     </span>
    </p>
   </div>
   <div class='ocr_carea' id='block_1_29' title="bbox 1607 2095 2667 2199">
    <p class='ocr_par' dir='ltr' id='par_1_37' title="bbox 1607 2095 2667 2199">
     <span class='ocr_line' id='line_1_119' title="bbox 1659 2095 2667 2129; baseline 0.002 -9"><span class='ocrx_word' id='word_1_734' title='bbox 1659 2096 1684 2129; x_wconf 86' lang='grc' dir='ltr'>ζ)</span> <span class='ocrx_word' id='word_1_735' title='bbox 1697 2097 1805 2129; x_wconf 80' lang='lat' dir='ltr'>singula</span> <span class='ocrx_word' id='word_1_736' title='bbox 1817 2103 1910 2121; x_wconf 86' lang='lat' dir='ltr'>eorum</span> <span class='ocrx_word' id='word_1_737' title='bbox 1923 2099 2086 2121; x_wconf 81' lang='lat' dir='ltr'>manserunt.</span> <span class='ocrx_word' id='word_1_738' title='bbox 2094 2110 2114 2115; x_wconf 96' lang='lat'>—</span> <span class='ocrx_word' id='word_1_739' title='bbox 2125 2096 2260 2129; x_wconf 77' lang='lat' dir='ltr'>singulum</span> <span class='ocrx_word' id='word_1_740' title='bbox 2273 2103 2365 2121; x_wconf 82' lang='lat' dir='ltr'>eorum</span> <span class='ocrx_word' id='word_1_741' title='bbox 2378 2095 2476 2122; x_wconf 78' lang='lat' dir='ltr'>mansit</span> <span class='ocrx_word' id='word_1_742' title='bbox 2486 2096 2519 2127; x_wconf 82' lang='lat' dir='ltr'>P;</span> <span class='ocrx_word' id='word_1_743' title='bbox 2530 2096 2667 2129; x_wconf 62' lang='lat' dir='ltr'>simtu-⁸</span> 
     </span>
     <span class='ocr_line' id='line_1_120' title="bbox 1608 2130 2667 2164; baseline 0.003 -9"><span class='ocrx_word' id='word_1_744' title='bbox 1608 2132 1682 2155; x_wconf 81' lang='lat' dir='ltr'>etiam</span> <span class='ocrx_word' id='word_1_745' title='bbox 1698 2131 1720 2161; x_wconf 86' lang='lat'>1;</span> <span class='ocrx_word' id='word_1_746' title='bbox 1739 2139 1786 2163; x_wconf 85' lang='lat' dir='ltr'>pro</span> <span class='ocrx_word' id='word_1_747' title='bbox 1804 2131 1910 2160; x_wconf 82' lang='lat' dir='ltr'>habens,</span> <span class='ocrx_word' id='word_1_748' title='bbox 1930 2132 2001 2163; x_wconf 89' lang='lat' dir='ltr'>quod</span> <span class='ocrx_word' id='word_1_749' title='bbox 2014 2131 2029 2155; x_wconf 83' lang='lat' dir='ltr'>b</span> <span class='ocrx_word' id='word_1_750' title='bbox 2042 2139 2104 2162; x_wconf 63' lang='lat' dir='ltr'>om„</span> <span class='ocrx_word' id='word_1_751' title='bbox 2123 2136 2252 2156; x_wconf 82' lang='lat' dir='ltr'>corrector</span> <span class='ocrx_word' id='word_1_752' title='bbox 2270 2131 2352 2156; x_wconf 87' lang='lat' dir='ltr'>nostri</span> <span class='ocrx_word' id='word_1_753' title='bbox 2376 2131 2529 2164; x_wconf 68' lang='lat' dir='ltr'>exemplam</span> <span class='ocrx_word' id='word_1_754' title='bbox 2546 2130 2667 2159; x_wconf 60' lang='lat' dir='ltr'>munniz</span> 
     </span>
     <span class='ocr_line' id='line_1_121' title="bbox 1607 2166 2136 2199; baseline 0 -8"><span class='ocrx_word' id='word_1_755' title='bbox 1607 2173 1624 2191; x_wconf 87' lang='lat' dir='ltr'>a</span> <span class='ocrx_word' id='word_1_756' title='bbox 1640 2174 1719 2199; x_wconf 84' lang='lat' dir='ltr'>super</span> <span class='ocrx_word' id='word_1_757' title='bbox 1737 2166 1879 2199; x_wconf 76' lang='lat' dir='ltr'>marginem</span> <span class='ocrx_word' id='word_1_758' title='bbox 1898 2166 1986 2191; x_wconf 83' lang='lat' dir='ltr'>scribit</span> <span class='ocrx_word' id='word_1_759' title='bbox 2004 2166 2136 2191; x_wconf 78' lang='lat' dir='ltr'>habentia.</span> 
     </span>
    </p>
   </div>
   <div class='ocr_carea' id='block_1_30' title="bbox 2667 2141 2671 2144">
    <p class='ocr_par' dir='ltr' id='par_1_38' title="bbox 2667 2141 2671 2144">
     <span class='ocr_line' id='line_1_122' title="bbox 2667 2141 2671 2144; baseline 0 0"><span class='ocrx_word' id='word_1_760' title='bbox 2667 2141 2671 2144; x_wconf 95' lang='lat' dir='ltr'> </span> 
     </span>
    </p>
   </div>
   <div class='ocr_carea' id='block_1_31' title="bbox 1608 2375 2674 2943">
    <p class='ocr_par' dir='ltr' id='par_1_39' title="bbox 1608 2375 2669 2714">
     <span class='ocr_line' id='line_1_123' title="bbox 1608 2375 2668 2416; baseline 0 -10"><span class='ocrx_word' id='word_1_761' title='bbox 1608 2375 1767 2416; x_wconf 91' lang='lat' dir='ltr'>siquidem</span> <span class='ocrx_word' id='word_1_762' title='bbox 1790 2376 1929 2406; x_wconf 87' lang='lat' dir='ltr'>animare</span> <span class='ocrx_word' id='word_1_763' title='bbox 1951 2385 2008 2416; x_wconf 87' lang='lat' dir='ltr'>per</span> <span class='ocrx_word' id='word_1_764' title='bbox 2033 2376 2098 2406; x_wconf 92' lang='lat' dir='ltr'>hoc</span> <span class='ocrx_word' id='word_1_765' title='bbox 2119 2376 2225 2416; x_wconf 83' lang='lat' dir='ltr'>ipsum</span> <span class='ocrx_word' id='word_1_766' title='bbox 2258 2375 2348 2416; x_wconf 88' lang='lat' dir='ltr'>quod</span> <span class='ocrx_word' id='word_1_767' title='bbox 2370 2376 2476 2406; x_wconf 84' lang='lat' dir='ltr'>anima</span> <span class='ocrx_word' id='word_1_768' title='bbox 2505 2379 2668 2416; x_wconf 66' lang='grc' dir='ltr'><strong>θερίζεωπ</strong></span> 
     </span>
     <span class='ocr_line' id='line_1_124' title="bbox 1609 2417 2669 2460; baseline 0.001 -10"><span class='ocrx_word' id='word_1_769' title='bbox 1609 2430 1627 2450; x_wconf 89' lang='lat' dir='ltr'>a</span> <span class='ocrx_word' id='word_1_770' title='bbox 1657 2429 1808 2460; x_wconf 84' lang='lat' dir='ltr'>corpore;</span> <span class='ocrx_word' id='word_1_771' title='bbox 1833 2425 1865 2450; x_wconf 90' lang='lat' dir='ltr'>et</span> <span class='ocrx_word' id='word_1_772' title='bbox 1887 2420 2003 2450; x_wconf 89' lang='lat' dir='ltr'>iterum</span> <span class='ocrx_word' id='word_1_773' title='bbox 2034 2419 2170 2460; x_wconf 86' lang='lat' dir='ltr'>sumpsit</span> <span class='ocrx_word' id='word_1_774' title='bbox 2201 2428 2291 2456; x_wconf 85' lang='lat' dir='ltr'>eam,</span> <span class='ocrx_word' id='word_1_775' title='bbox 2315 2419 2394 2450; x_wconf 85' lang='lat' dir='ltr'>dum</span> <span class='ocrx_word' id='word_1_776' title='bbox 2424 2420 2540 2451; x_wconf 83' lang='lat' dir='ltr'>iterum</span> <span class='ocrx_word' id='word_1_777' title='bbox 2562 2417 2669 2455; x_wconf 49' lang='lat' dir='ltr'>itm&amp;</span> 
     </span>
     <span class='ocr_line' id='line_1_125' title="bbox 1609 2458 2668 2504; baseline 0.003 -10"><span class='ocrx_word' id='word_1_778' title='bbox 1609 2464 1749 2494; x_wconf 87' lang='lat' dir='ltr'>animam</span> <span class='ocrx_word' id='word_1_779' title='bbox 1782 2464 1926 2504; x_wconf 86' lang='lat' dir='ltr'>corpori;</span> <span class='ocrx_word' id='word_1_780' title='bbox 1958 2473 2080 2504; x_wconf 88' lang='lat' dir='ltr'>ponere</span> <span class='ocrx_word' id='word_1_781' title='bbox 2109 2463 2196 2494; x_wconf 83' lang='lat' dir='ltr'>enim</span> <span class='ocrx_word' id='word_1_782' title='bbox 2226 2464 2366 2494; x_wconf 80' lang='lat' dir='ltr'>animam</span> <span class='ocrx_word' id='word_1_783' title='bbox 2392 2462 2565 2498; x_wconf 52' lang='lat' dir='ltr'>formali&amp;</span> <span class='ocrx_word' id='word_1_784' title='bbox 2667 2458 2668 2462; x_wconf 31' lang='lat'>¹</span> 
     </span>
     <span class='ocr_line' id='line_1_126' title="bbox 1610 2499 2558 2560; baseline 0.001 -22"><span class='ocrx_word' id='word_1_785' title='bbox 1610 2513 1665 2544; x_wconf 86' lang='lat' dir='ltr'>est,</span> <span class='ocrx_word' id='word_1_786' title='bbox 1682 2513 1719 2538; x_wconf 92' lang='lat' dir='ltr'>ut</span> <span class='ocrx_word' id='word_1_787' title='bbox 1734 2508 1883 2544; x_wconf 88' lang='lat' dir='ltr'>animam,</span> <span class='ocrx_word' id='word_1_788' title='bbox 1899 2507 1978 2538; x_wconf 87' lang='lat' dir='ltr'>nihil</span> <span class='ocrx_word' id='word_1_789' title='bbox 1993 2506 2080 2538; x_wconf 85' lang='lat' dir='ltr'>aliud</span> <span class='ocrx_word' id='word_1_790' title='bbox 2095 2512 2142 2538; x_wconf 88' lang='lat' dir='ltr'>est</span> <span class='ocrx_word' id='word_1_791' title='bbox 2156 2516 2254 2547; x_wconf 89' lang='lat' dir='ltr'>quam</span> <span class='ocrx_word' id='word_1_792' title='bbox 2269 2507 2361 2538; x_wconf 86' lang='lat' dir='ltr'>mori.</span> <span class='ocrx_word' id='word_1_793' title='bbox 2385 2507 2451 2538; x_wconf 89' lang='lat' dir='ltr'>Et</span> <span class='ocrx_word' id='word_1_794' title='bbox 2440 2516 2476 2539; x_wconf 85' lang='lat' dir='ltr'>m</span> <span class='ocrx_word' id='word_1_795' title='bbox 2492 2499 2558 2560; x_wconf 63' lang='grc' dir='ltr'>11ηᾷ</span> 
     </span>
     <span class='ocr_line' id='line_1_127' title="bbox 1608 2547 2544 2591; baseline 0 -9"><span class='ocrx_word' id='word_1_796' title='bbox 1608 2551 1727 2591; x_wconf 86' lang='lat' dir='ltr'>pluries</span> <span class='ocrx_word' id='word_1_797' title='bbox 1749 2552 1909 2582; x_wconf 88' lang='lat' dir='ltr'>invenitur</span> <span class='ocrx_word' id='word_1_798' title='bbox 1929 2551 2095 2582; x_wconf 83' lang='lat' dir='ltr'>nominata</span> <span class='ocrx_word' id='word_1_799' title='bbox 2117 2551 2238 2582; x_wconf 86' lang='lat' dir='ltr'>anima.</span> <span class='ocrx_word' id='word_1_800' title='bbox 2270 2557 2308 2582; x_wconf 91' lang='lat' dir='ltr'>ut</span> <span class='ocrx_word' id='word_1_801' title='bbox 2330 2556 2377 2582; x_wconf 87' lang='lat' dir='ltr'>est</span> <span class='ocrx_word' id='word_1_802' title='bbox 2398 2547 2544 2588; x_wconf 62' lang='grc' dir='ltr'><strong>111υά’ξ</strong></span> 
     </span>
     <span class='ocr_line' id='line_1_128' title="bbox 1609 2587 2550 2646; baseline 0.001 -20"><span class='ocrx_word' id='word_1_803' title='bbox 1609 2595 1711 2626; x_wconf 88' lang='lat' dir='ltr'>bonus</span> <span class='ocrx_word' id='word_1_804' title='bbox 1726 2595 1868 2626; x_wconf 86' lang='lat' dir='ltr'>animam</span> <span class='ocrx_word' id='word_1_805' title='bbox 1882 2605 1975 2626; x_wconf 82' lang='lat' dir='ltr'>suam</span> <span class='ocrx_word' id='word_1_806' title='bbox 1983 2595 2082 2646; x_wconf 78' lang='lat' dir='ltr'>ponit</span> <span class='ocrx_word' id='word_1_807' title='bbox 2093 2604 2159 2635; x_wconf 79' lang='lat' dir='ltr'>pro</span> <span class='ocrx_word' id='word_1_808' title='bbox 2175 2594 2286 2626; x_wconf 78' lang='lat' dir='ltr'>ovibus</span> <span class='ocrx_word' id='word_1_809' title='bbox 2300 2595 2390 2631; x_wconf 78' lang='lat' dir='ltr'>suis,&#39;</span> <span class='ocrx_word' id='word_1_810' title='bbox 2411 2599 2444 2626; x_wconf 88' lang='lat' dir='ltr'>et</span> <span class='ocrx_word' id='word_1_811' title='bbox 2463 2587 2550 2631; x_wconf 94' lang='grc'><strong>111158</strong></span> 
     </span>
     <span class='ocr_line' id='line_1_129' title="bbox 1610 2633 2610 2682; baseline 0 -13"><span class='ocrx_word' id='word_1_812' title='bbox 1610 2639 1679 2670; x_wconf 85' lang='lat' dir='ltr'>odit</span> <span class='ocrx_word' id='word_1_813' title='bbox 1700 2640 1842 2670; x_wconf 86' lang='lat' dir='ltr'>animam</span> <span class='ocrx_word' id='word_1_814' title='bbox 1864 2648 1957 2670; x_wconf 87' lang='lat' dir='ltr'>suam</span> <span class='ocrx_word' id='word_1_815' title='bbox 1978 2639 2010 2669; x_wconf 84' lang='lat' dir='ltr'>in</span> <span class='ocrx_word' id='word_1_816' title='bbox 2026 2639 2087 2669; x_wconf 84' lang='lat' dir='ltr'>hoc</span> <span class='ocrx_word' id='word_1_817' title='bbox 2109 2638 2239 2676; x_wconf 82' lang='lat' dir='ltr'>mundo,</span> <span class='ocrx_word' id='word_1_818' title='bbox 2256 2639 2289 2669; x_wconf 85' lang='lat' dir='ltr'>in</span> <span class='ocrx_word' id='word_1_819' title='bbox 2313 2639 2411 2670; x_wconf 79' lang='lat' dir='ltr'>vitam</span> <span class='ocrx_word' id='word_1_820' title='bbox 2433 2633 2610 2682; x_wconf 53' lang='lat' dir='ltr'>uctoritas&amp;</span> 
     </span>
     <span class='ocr_line' id='line_1_130' title="bbox 1609 2683 1810 2714; baseline -0.005 0"><span class='ocrx_word' id='word_1_821' title='bbox 1609 2683 1708 2714; x_wconf 82' lang='lat' dir='ltr'>studit</span> <span class='ocrx_word' id='word_1_822' title='bbox 1730 2693 1810 2714; x_wconf 82' lang='lat' dir='ltr'>eam.</span> 
     </span>
    </p>

    <p class='ocr_par' dir='ltr' id='par_1_40' title="bbox 1611 2719 2674 2943">
     <span class='ocr_line' id='line_1_131' title="bbox 1666 2719 2674 2767; baseline 0.002 -10"><span class='ocrx_word' id='word_1_823' title='bbox 1666 2727 1719 2758; x_wconf 90' lang='lat' dir='ltr'>Tu</span> <span class='ocrx_word' id='word_1_824' title='bbox 1742 2733 1850 2758; x_wconf 88' lang='lat' dir='ltr'>autem</span> <span class='ocrx_word' id='word_1_825' title='bbox 1869 2727 1925 2767; x_wconf 91' lang='lat' dir='ltr'>qui</span> <span class='ocrx_word' id='word_1_826' title='bbox 1948 2727 2102 2757; x_wconf 86' lang='lat' dir='ltr'>sermonis</span> <span class='ocrx_word' id='word_1_827' title='bbox 2125 2725 2266 2758; x_wconf 88' lang='lat' dir='ltr'>formalis</span> <span class='ocrx_word' id='word_1_828' title='bbox 2287 2735 2356 2758; x_wconf 89' lang='lat' dir='ltr'>non</span> <span class='ocrx_word' id='word_1_829' title='bbox 2379 2735 2414 2758; x_wconf 80' lang='lat' dir='ltr'>es</span> <span class='ocrx_word' id='word_1_830' title='bbox 2428 2719 2674 2767; x_wconf 46' lang='lat' dir='ltr'>capsum-fist</span> 
     </span>
     <span class='ocr_line' id='line_1_132' title="bbox 1611 2766 2669 2812; baseline 0.003 -11"><span class='ocrx_word' id='word_1_831' title='bbox 1611 2771 1739 2812; x_wconf 90' lang='lat' dir='ltr'>plebem</span> <span class='ocrx_word' id='word_1_832' title='bbox 1760 2771 1912 2811; x_wconf 86' lang='lat' dir='ltr'>loqueris,</span> <span class='ocrx_word' id='word_1_833' title='bbox 1929 2775 2030 2811; x_wconf 86' lang='lat' dir='ltr'>potes,</span> <span class='ocrx_word' id='word_1_834' title='bbox 2047 2769 2182 2801; x_wconf 85' lang='lat' dir='ltr'>eandem</span> <span class='ocrx_word' id='word_1_835' title='bbox 2203 2770 2392 2802; x_wconf 82' lang='lat' dir='ltr'>sententiam</span> <span class='ocrx_word' id='word_1_836' title='bbox 2407 2768 2579 2807; x_wconf 69' lang='lat' dir='ltr'>servando.</span> <span class='ocrx_word' id='word_1_837' title='bbox 2583 2766 2669 2811; x_wconf 54' lang='lat' dir='ltr'>m</span> 
     </span>
     <span class='ocr_line' id='line_1_133' title="bbox 1611 2813 2646 2855; baseline 0.002 -10"><span class='ocrx_word' id='word_1_838' title='bbox 1611 2825 1679 2846; x_wconf 88' lang='lat' dir='ltr'>sare</span> <span class='ocrx_word' id='word_1_839' title='bbox 1702 2815 1853 2851; x_wconf 85' lang='lat' dir='ltr'>animam,</span> <span class='ocrx_word' id='word_1_840' title='bbox 1877 2815 1940 2845; x_wconf 90' lang='lat' dir='ltr'>hoc</span> <span class='ocrx_word' id='word_1_841' title='bbox 1964 2819 2020 2851; x_wconf 88' lang='lat' dir='ltr'>est,</span> <span class='ocrx_word' id='word_1_842' title='bbox 2044 2814 2141 2845; x_wconf 77' lang='lat' dir='ltr'>uitam</span> <span class='ocrx_word' id='word_1_843' title='bbox 2164 2814 2377 2855; x_wconf 80' lang='lat' dir='ltr'>corporalem.</span> <span class='ocrx_word' id='word_1_844' title='bbox 2400 2813 2454 2850; x_wconf 81' lang='lat' dir='ltr'>Sic</span> <span class='ocrx_word' id='word_1_845' title='bbox 2468 2813 2572 2854; x_wconf 69' lang='lat' dir='ltr'>enimv</span> <span class='ocrx_word' id='word_1_846' title='bbox 2600 2847 2605 2852; x_wconf 35' lang='grc'>1</span> <span class='ocrx_word' id='word_1_847' title='bbox 2643 2813 2646 2814; x_wconf 60' lang='grc'>’</span> 
     </span>
     <span class='ocr_line' id='line_1_134' title="bbox 1611 2853 2646 2899; baseline 0 -10"><span class='ocrx_word' id='word_1_848' title='bbox 1611 2859 1672 2889; x_wconf 90' lang='lat' dir='ltr'>Dei</span> <span class='ocrx_word' id='word_1_849' title='bbox 1688 2859 1802 2899; x_wconf 83' lang='lat' dir='ltr'>posuit</span> <span class='ocrx_word' id='word_1_850' title='bbox 1816 2858 1957 2889; x_wconf 88' lang='lat' dir='ltr'>animam</span> <span class='ocrx_word' id='word_1_851' title='bbox 1979 2867 2082 2894; x_wconf 87' lang='lat' dir='ltr'>suam,</span> <span class='ocrx_word' id='word_1_852' title='bbox 2097 2858 2162 2889; x_wconf 88' lang='lat' dir='ltr'>hoc</span> <span class='ocrx_word' id='word_1_853' title='bbox 2177 2863 2234 2894; x_wconf 82' lang='lat' dir='ltr'>est,</span> <span class='ocrx_word' id='word_1_854' title='bbox 2249 2858 2347 2889; x_wconf 84' lang='lat' dir='ltr'>vitam</span> <span class='ocrx_word' id='word_1_855' title='bbox 2370 2867 2478 2889; x_wconf 79' lang='lat' dir='ltr'>suam:</span> <span class='ocrx_word' id='word_1_856' title='bbox 2495 2862 2535 2889; x_wconf 77' lang='lat' dir='ltr'>-et</span> <span class='ocrx_word' id='word_1_857' title='bbox 2594 2853 2646 2892; x_wconf 40' lang='lat' dir='ltr'>J&#39;*</span> 
     </span>
     <span class='ocr_line' id='line_1_135' title="bbox 1612 2898 2593 2943; baseline -0.001 -9"><span class='ocrx_word' id='word_1_858' title='bbox 1612 2903 1746 2943; x_wconf 82' lang='lat' dir='ltr'>sumpsit</span> <span class='ocrx_word' id='word_1_859' title='bbox 1759 2913 1839 2934; x_wconf 84' lang='lat' dir='ltr'>eam.</span> <span class='ocrx_word' id='word_1_860' title='bbox 1863 2902 1905 2933; x_wconf 91' lang='lat' dir='ltr'>Et</span> <span class='ocrx_word' id='word_1_861' title='bbox 1919 2902 2071 2939; x_wconf 86' lang='lat' dir='ltr'>similiter,</span> <span class='ocrx_word' id='word_1_862' title='bbox 2086 2902 2204 2934; x_wconf 85' lang='lat' dir='ltr'>Pastor</span> <span class='ocrx_word' id='word_1_863' title='bbox 2224 2902 2327 2933; x_wconf 83' lang='lat' dir='ltr'>bonus</span> <span class='ocrx_word' id='word_1_864' title='bbox 2342 2901 2439 2943; x_wconf 81' lang='lat' dir='ltr'>ponit</span> <span class='ocrx_word' id='word_1_865' title='bbox 2457 2899 2563 2934; x_wconf 66' lang='lat' dir='ltr'>uitam</span> <span class='ocrx_word' id='word_1_866' title='bbox 2584 2898 2593 2907; x_wconf 51' lang='lat'><strong>⁹</strong></span> 
     </span>
    </p>
   </div>
   <div class='ocr_carea' id='block_1_32' title="bbox 1612 2989 2573 3075">
    <p class='ocr_par' dir='ltr' id='par_1_41' title="bbox 1612 2989 2573 3075">
     <span class='ocr_line' id='line_1_136' title="bbox 1613 2989 2573 3031; baseline 0 -10"><span class='ocrx_word' id='word_1_867' title='bbox 1613 2991 1816 3027; x_wconf 84' lang='lat' dir='ltr'>animatione,</span> <span class='ocrx_word' id='word_1_868' title='bbox 1842 2999 1906 3031; x_wconf 89' lang='lat' dir='ltr'>qua</span> <span class='ocrx_word' id='word_1_869' title='bbox 1929 2990 2035 3022; x_wconf 81' lang='lat' dir='ltr'>anima</span> <span class='ocrx_word' id='word_1_870' title='bbox 2058 2990 2176 3021; x_wconf 84' lang='lat' dir='ltr'>animat</span> <span class='ocrx_word' id='word_1_871' title='bbox 2198 2999 2325 3031; x_wconf 73' lang='lat' dir='ltr'>corpus»,</span> <span class='ocrx_word' id='word_1_872' title='bbox 2346 2989 2488 3021; x_wconf 83' lang='lat' dir='ltr'>consistit</span> <span class='ocrx_word' id='word_1_873' title='bbox 2503 2989 2573 3020; x_wconf 72' lang='lat' dir='ltr'>vita</span> 
     </span>
     <span class='ocr_line' id='line_1_137' title="bbox 1612 3034 2063 3075; baseline 0 -10"><span class='ocrx_word' id='word_1_874' title='bbox 1612 3044 1711 3075; x_wconf 83' lang='lat' dir='ltr'>porea</span> <span class='ocrx_word' id='word_1_875' title='bbox 1735 3035 1892 3075; x_wconf 82' lang='lat' dir='ltr'>cuiusque</span> <span class='ocrx_word' id='word_1_876' title='bbox 1913 3034 2063 3065; x_wconf 84' lang='lat' dir='ltr'>hominis.</span> 
     </span>
    </p>
   </div>
  </div>
 </body>
</html>
