2912 4030
513 362 531 400 §
556 361 578 390 Ι.
602 377 626 382 -
647 356 880 389 ELENCHUS
904 355 1106 386 CODICUM

327 481 504 520 Postquam
526 476 654 508 codices
670 475 842 506 Vaticanos
863 483 939 504 cum
955 473 1094 504 editione
1111 472 1208 503 Piana
1224 476 1338 501 contu-

272 526 421 561 leramus,
445 528 626 558 ceterorum
647 519 768 550 saeculi
791 519 907 550 decimi
930 518 1013 548 tertii
1037 523 1068 547 et
1091 515 1207 548 decimi
1235 516 1338 555 quarti

272 570 307 600 in
330 567 531 600 bibliothecis
549 565 805 605 experimentum
828 563 973 598 fecimus,
991 560 1188 592 conferendo
1205 560 1339 601 quadra-

272 614 360 655 ginta
383 617 506 652 septem
527 609 690 647 Articulos
719 614 844 648 septem
874 607 1112 646 Quaestionum
1141 615 1209 636 non
1237 605 1339 635 conti-

272 667 409 699 guarum
426 661 446 687 ¹.
477 654 616 687 Codices
638 653 757 685 saeculi
780 653 897 683 decimi
921 652 1001 682 tertii
1032 651 1162 691 insuper
1191 650 1339 687 trecentis

273 702 396 736 circiter
417 701 498 732 locis
521 710 560 731 ex
582 703 653 730 toto
677 707 776 738 opere
799 697 923 729 selectis
946 696 1054 727 collati
1077 700 1161 727 sunt.
1182 695 1339 725 Recentes

273 746 403 778 codices
423 755 497 777 non
516 750 582 776 tam
603 744 700 783 longe
716 752 779 774 nos
793 746 1014 781 occuparunt;
1038 741 1112 772 satis
1131 746 1240 771 tamen
1254 738 1339 778 large

273 791 446 823 consultati
461 799 530 820 esse
547 788 628 819 mihi
650 787 808 822 videntur,
825 792 860 817 ut
875 785 1046 816 relationes
1066 794 1138 815 suas
1160 793 1236 814 cum
1252 788 1340 813 textu

273 836 374 866 Piano
386 833 564 876 patefacere
580 832 753 873 potuerint.
767 831 958 862 Collationis
975 831 1076 861 exitus
1093 828 1339 863 demonstrabat,

272 881 374 913 tribus
396 879 557 910 Vaticanis
586 878 768 914 recentibus
797 885 914 916 magna
944 885 1020 906 cum
1047 874 1182 905 utilitate
1213 871 1341 902 codices

273 925 305 956 A
315 925 372 956 HI
388 925 529 964 signatos
543 922 692 955 substitui
707 931 822 962 posse:
837 921 867 950 A
882 920 1002 951 scilicet
1017 918 1058 950 ad
1071 916 1292 949 roborandum
1310 921 1342 947 et

272 968 512 1000 moderandum>
525 973 648 999 textum
664 967 691 997 B
702 966 732 997 C
744 966 784 1002 D,
801 965 833 997 H
849 974 927 995 vero
943 970 975 995 et
990 964 1003 995 1
1018 960 1150 1004 propter
1173 961 1340 992 editiones.

273 1014 345 1045 Hos
368 1022 455 1053 ergo,
480 1022 556 1044 cum
578 1013 705 1043 Romae
727 1020 783 1042 eos
806 1019 874 1040 esse
897 1010 1078 1040 humanitas
1102 1006 1342 1038 Guberniorum

273 1059 381 1090 Italiae
405 1064 437 1089 et
458 1057 668 1098 Reipublicae
692 1055 835 1087 Gallicae
857 1054 1045 1095 permiserit,
1065 1057 1152 1083 totos
1176 1059 1343 1090 compara-

273 1103 389 1134 vimus.
407 1103 598 1134 Ceterorum
615 1101 745 1132 collatio
760 1100 843 1131 inter
854 1098 958 1130 dictos
972 1099 1127 1130 terminos
1142 1096 1238 1127 stetit.
1255 1094 1343 1133 Quid

273 1153 362 1179 extra
372 1148 539 1188 portiones
554 1146 685 1177 collatas
701 1145 818 1184 legant,
831 1143 871 1174 de
886 1144 958 1174 visu
973 1143 1128 1180 affirmare
1144 1150 1213 1172 non
1228 1149 1343 1180 possu-

273 1201 357 1225 mus
382 1191 587 1224 Confidimus
617 1195 725 1220 tamen
749 1199 806 1219 eos
829 1188 951 1227 ubique
974 1187 1053 1221 tales
1079 1195 1147 1218 esse
1171 1185 1282 1225 quales
1304 1194 1343 1214 ex

273 1237 354 1268 locis
378 1236 500 1268 collatis
523 1245 558 1266 se
581 1234 806 1269 ostenderunt;
834 1242 902 1263 non
926 1241 1017 1263 secus
1041 1231 1162 1262 scilicet
1181 1241 1219 1261 ac
1233 1229 1307 1260 ΑΗ
1320 1229 1343 1265 1,

273 1291 373 1322 quam
389 1280 578 1312 relationem
594 1278 634 1311 ad
648 1279 806 1318 reliquam
828 1277 1033 1309 traditionem
1055 1276 1194 1316 partialis
1214 1274 1343 1306 collatio

273 1327 338 1358 iarn
365 1325 567 1366 patefecerat,
599 1322 735 1355 eandem
764 1331 895 1362 prorsus
926 1327 1000 1363 post
1029 1320 1216 1361 integralem
1247 1319 1344 1350 colla-

273 1371 398 1402 tionem
420 1373 650 1403 monstrarunt.

330 1414 493 1448 Codicum
516 1413 688 1444 elenchum
711 1417 868 1448 texentes,
891 1411 925 1442 in
949 1417 1011 1443 tres
1034 1411 1130 1443 series
1152 1409 1203 1439 vel
1231 1408 1345 1439 classes

275 1469 332 1492 eos
347 1459 536 1491 dividemus.
564 1457 616 1488 Ad
630 1463 694 1489 tres
710 1457 797 1488 enim
813 1457 928 1488 classes
943 1455 1053 1487 reduci
1069 1458 1215 1496 possunt,
1232 1463 1345 1494 quam-

274 1505 333 1541 vis,
349 1509 386 1535 ut
409 1509 523 1544 postea
540 1503 670 1543 patebit,
690 1502 754 1534 alio
773 1507 921 1542 respectu
944 1500 1072 1532 codices
1097 1499 1219 1539 primae
1242 1498 1345 1534 seriei,

275 1549 340 1580 alio
363 1549 460 1580 ceteri
483 1547 612 1579 codices
634 1547 793 1578 rationem
815 1546 945 1579 unitatis
969 1555 1068 1586 quam
1092 1553 1216 1575 nomen
1240 1543 1346 1574 classis

275 1595 429 1634 importat
452 1593 670 1624 obtinuerunt.
694 1592 738 1623 Ut
762 1592 872 1622 omnia
893 1591 990 1623 simul
1012 1595 1106 1626 stent,
1128 1589 1256 1620 codices
1280 1587 1346 1619 edi-

275 1639 447 1678 tionesque
469 1647 566 1678 supra
580 1636 754 1669 recensitos
777 1645 835 1676 per
857 1636 935 1676 sigla
950 1635 1202 1666 introducemus.
1227 1633 1347 1664 Distin—

276 1684 342 1714 ctio
367 1683 475 1714 aetatis
498 1692 556 1723 per
577 1687 645 1712 ant.
667 1681 749 1713 med.
774 1690 838 1712 rec.
863 1690 901 1712 ex
928 1680 1030 1711 Praef.
1046 1680 1120 1710 Vol.
1136 1679 1208 1709 VIII
1231 1678 1347 1709 intelli·

276 1733 383 1768 getur:
409 1727 506 1759 medii
519 1726 752 1767 quinquaginta
775 1735 877 1756 annos
893 1724 934 1756 ad
954 1725 1072 1760 minus,
1089 1728 1231 1755 recentes
1251 1723 1346 1753 etiam

277 1777 409 1804 centurn
424 1781 526 1803 annos
542 1771 658 1802 distant
669 1780 687 1801 a
703 1770 788 1800 felici
801 1770 935 1800 transitu
946 1769 1085 1800 auctoris
1097 1768 1224 1798 Tertiae
1235 1767 1344 1798 Partis.

332 1877 384 1909 Ad
406 1877 544 1918 primam
568 1876 701 1907 classem
725 1875 898 1915 pertinent:

333 1923 373 1953 A.
397 1922 435 1952 B.
459 1921 498 1952 C.
522 1921 564 1951 D.
588 1929 619 1951 a.

333 1966 515 1998 Florentiae
538 1964 614 1995 bibl.
639 1964 873 1995 Laurentianae
896 1962 979 1994 Plut.
997 1973 1069 1993 xxxx
1093 1962 1176 1993 dext.
1193 1970 1257 1998 vn3
1283 1967 1346 1993 ant.

332 2011 502 2042 Bononiae
525 2009 601 2040 bibl.
626 2009 846 2040 Universitatis
873 2008 932 2039 165
940 2007 1020 2049 5(3);
1045 2013 1108 2038 ant.

335 2055 480 2087 Cesenae
504 2054 580 2086 bibl.
606 2053 750 2085 Civitatis
773 2053 856 2084 Plut.
881 2063 944 2083 xvi.
972 2060 983 2083 1
1003 2062 1010 2089 ;
1036 2058 1099 2083 ant.

333 2100 474 2142 Neapoli
496 2099 628 2130 Archivi
651 2098 758 2130 Status
783 2098 847 2135 1V;
873 2103 937 2128 ant.

393 2157 407 2172 ›
477 2144 554 2175 bibl.
578 2143 757 2174 Nationalis
781 2142 849 2174 VII.
873 2142 910 2173 B.
937 2152 999 2182 27;
1025 2147 1088 2172 ant.

333 2189 459 2220 Parisiis
482 2188 559 2219 bibl.
583 2187 762 2219 Nationalis
793 2187 887 2218 fonds
911 2187 1004 2218 Latin
1029 2192 1168 2227 quatuor
1200 2186 1349 2217 codices:

482 2233 579 2274 3098,
607 2232 725 2272 15768,
755 2232 871 2268 15801,
901 2232 1029 2268 15802;
1055 2237 1156 2262 antt«

478 2278 554 2309 bibl.
579 2277 777 2308 Mazarineae
798 2277 861 2307 828
887 2276 994 2317 (antea
1011 2276 1107 2317 383);
1132 2275 1216 2306 med.

335 2323 461 2365 Troyes
485 2331 550 2363 449
574 2328 683 2353 tomus
707 2322 805 2358 alter;
830 2326 893 2352 ant.

481 2367 566 2406 6243
590 2366 675 2398 med.

480 2412 564 2452 629;
589 2411 675 2443 med.
700 2411 750 2442 vel
774 2419 836 2442 rec.

335 2456 480 2488 Escorial
502 2456 539 2487 F.
568 2463 595 2486 1.
625 2457 684 2493 153
709 2461 773 2487 ant.

337 2500 510 2532 Cordubae
533 2500 610 2531 bibl.
635 2501 777 2541 Capituli
801 2499 952 2530 Cathedr.
977 2508 1064 2540 4443
1090 2505 1154 2530 ant.

336 2545 446 2576 Toleti
469 2545 544 2576 bibl.
571 2544 713 2586 Capituli
737 2544 888 2576 Cathedr.
918 2552 967 2584 19.
997 2544 1057 2581 133
1083 2549 1146 2574 ant.

336 2590 445 2631 Burgo
469 2589 509 2621 de
533 2589 631 2621 Osma
655 2589 730 2620 bibl.
755 2589 897 2630 Capituli
921 2590 988 2619 sine
1012 2589 1192 2629 signatura;
1218 2594 1281 2620 ant.

318 2644 321 2647 ·
339 2633 414 2665 Clm
432 2632 629 2675 ‘(Monachii)
657 2634 761 2675 16093
778 2644 785 2671 ;
809 2634 895 2665 med.

338 2677 647 2720 Claustroneoburgi
669 2679 745 2710 bibl.
772 2678 898 2710 Canon.
923 2678 1038 2719 Regul.
1063 2688 1236 2715 ecrxxxv13
1266 2678 1351 2710 med.

337 2788 386 2818 Ex
409 2796 504 2827 grege
527 2787 715 2823 recentium,
731 2787 847 2826 partim
871 2795 967 2826 super
991 2786 1132 2817 chartam
1152 2792 1353 2817 exaratorum

282 2832 335 2863 vel
359 2832 544 2866 mixtorum,
568 2831 690 2870 primae
714 2831 805 2862 classi
828 2830 1028 2862 adscribendi
1052 2837 1143 2862 sunt:

339 2876 410 2906 Vat.
434 2875 500 2906 Pal.
526 2875 590 2906 358
613 2881 646 2907 et
668 2874 745 2907 Urb.
774 2875 846 2906 132.

338 2920 463 2951 Parisiis
479 2919 555 2950 bibl.
572 2919 750 2951 Nationalis
766 2919 873 2960 3099;
897 2920 933 2950 in
958 2920 1118 2961 principio
1141 2920 1295 2957 mutilus;
1320 2921 1353 2951 in

486 2964 550 2995 fine
580 2963 677 2994 rubro
707 2963 835 2995 Finitus
865 2969 913 2994 est
942 2964 1024 2995 liber
1049 2972 1186 3005 presens
1210 2975 1275 3005 per
1303 2975 1354 2996 me

492 3008 693 3039 Wilhelmum
716 3007 750 3047 fl
779 3008 881 3050 egidii
907 3008 1055 3048 parisius
1088 3010 1184 3040 Anno
1218 3010 1354 3040 Domini

485 3053 660 3084 Millesimo
685 3052 1004 3095 quadringentesimo
1027 3054 1295 3095 quinquagesimo
1315 3053 1353 3085 8⁰

486 3098 566 3129 anni
600 3097 693 3128 etatis
727 3106 795 3128 mee
828 3097 933 3138 quinti
964 3097 1080 3129 decimi
1112 3108 1176 3139 quo
1210 3098 1353 3140 gradum

486 3142 667 3184 magisterii
690 3142 722 3172 in
747 3141 870 3172 artibus
900 3142 1017 3182 accepi
1031 3143 1244 3184 pontificatus
1267 3153 1354 3184 pape

479 3187 532 3228 pii
563 3186 705 3218 secundi.
741 3186 891 3225 Magister
916 3185 1112 3217 Wilhelmus
1144 3197 1213 3218 non
1246 3188 1354 3218 scribit

486 3236 610 3262 textum
634 3232 837 3267 continuum,
854 3229 910 3260 sed
933 3240 1010 3261 eum
1029 3232 1204 3262 contrahit:
1229 3232 1263 3261 in
1278 3241 1354 3272 pro-

486 3277 594 3316 prium
622 3284 737 3311 usum,
762 3275 894 3306 fortasse
918 3284 977 3315 pro
1001 3275 1130 3306 instanti
1153 3275 1354 3316 'theologiae

488 3319 609 3357 studio,
631 3321 795 3360 scripsisse
818 3319 953 3350 videtur.

341 3439 548 3489 ¹*Hispanorum
566 3454 683 3480 oudinum
703 3453 918 3480 conferendorum
933 3453 964 3479 R.
978 3453 1006 3478 P.
1019 3453 1174 3478 Benedictus
1186 3453 1222 3478 M.
1234 3453 1355 3479 Reichert

287 3485 353 3516 Ord.
363 3489 463 3525 Praed„
473 3497 524 3523 qua
538 3495 578 3515 est
590 3489 720 3524 diligentia
733 3495 759 3515 et
773 3489 941 3519 accuratione,
953 3489 1068 3514 laborem
1082 3489 1196 3522 suscepit
1207 3489 1353 3515 taediosum

2431 229 2466 253 IX

1493 303 1569 334 ibid.
1595 304 1648 334 alii
1671 303 1755 334 duo:
1785 303 1888 333 15803
1915 303 1991 332 anni
2018 301 2113 341 1473,
2142 300 2258 340 15804.

1449 347 1604 378 Bruxellis
1627 348 1703 378 bibl.
1727 347 1846 387 Regiae
1871 347 1974 385 34253
1999 347 2075 376 anni
2102 345 2196 385 1467.

1449 392 1591 422 Basileae
1615 392 1691 422 bibl.
1716 391 1936 423 Universitatis
1959 391 1999 420 A.
2024 399 2045 420 1.
2070 391 2120 430 9⁸;
2146 390 2221 420 anni
2249 389 2343 428 1462.

1958 435 1998 465 A.
2019 445 2040 464 1.
2065 442 2113 469 11,
2138 434 2290 474 utrinque
2313 433 2464 464 mutilus:

1593 481 1706 521 incipit
1726 489 1781 520 qu.
1807 490 1818 510 1
1841 485 1897 510 art.
1925 488 1942 509 2
1967 479 2156 514 Praeterea,
2181 477 2224 508 ad
2246 478 2383 509 salutem
2407 477 2464 507 ho-

1595 525 1690 555 minis
1701 532 1714 562 ,·
1744 524 1855 554 ultima
1878 524 1973 553 verba
2000 528 2075 554 sunt
2096 528 2238 563 quantus
2257 522 2332 563 fuit
2355 526 2464 552 reatus

1595 579 1650 609 qu.
1675 579 1811 599 Lxxxvm
1835 573 1891 598 art.
1911 568 1927 598 3
1955 577 2043 607 corp.
2067 567 2169 607 princ.

1450 613 1592 644 Berolini
1607 613 1682 644 bibl.
1696 613 1814 652 Regiae
1830 612 1890 643 Ms.
1904 612 2019 642 Theol.
2035 612 2104 642 Lat.
2117 611 2142 641 F
2145 611 2188 641 ol.
2201 619 2260 649 42;
2277 610 2353 640 anni
2370 618 2463 649 1444.

1450 658 1577 698 Lipsiae
1601 658 1676 688 bibl.
1702 657 1920 688 Universitatis
1935 656 2011 695 464.
2046 656 2082 686 ln
2097 656 2208 696 primis
2223 655 2361 685 articulis
2377 654 2464 685 vide-

1594 707 1680 732 retur
1696 700 1736 732 ad
1750 702 1875 731 tertiam
1898 701 2030 731 classem
2053 700 2222 741 pertinere,
2239 698 2296 730 sed
2314 698 2464 738 deinceps

1596 746 1745 776 adhaeret
1767 746 1899 785 primae.

1451 790 1590 822 Treviris
1623 790 1698 865 bilgl.
1727 789 1871 821 Civitatis
1894 794 1957 820 tres
1980 788 2122 819 codices:
2150 788 2251 824 1052,
2281 788 2363 819 1055
2390 788 2466 818 anni

1443 862 1446 866 ,
1600 835 1659 874 143
1687 858 1694 870 ,
1723 834 1818 874 1059.

1452 879 1622 919 Herbipoli
1645 879 1721 909 bibl.
1746 879 1966 909 Universitatis
1990 878 2035 908 M.
2060 882 2082 908 t.
2107 878 2157 908 ch.
2182 876 2204 907 f.
2231 886 2283 917 29.

1452 923 1666 954 vindobonae
1682 923 1758 954 bibl.
1771 923 1809 954 C.
1823 923 1861 953 R.
1877 923 2036 953 Palatinae
2052 928 2130 952 tres:
2156 921 2252 961 3728,
2266 921 2364 960 4813,
2377 921 2464 961 4877

1599 971 1746 1007 excerpta
1769 967 1877 998 solum
1899 968 2030 998 habens.

1453 1074 1512 1104 His
1536 1074 1703 1110 accedunt,
1729 1075 1874 1115 quamvis
1898 1073 2004 1104 minus
2028 1073 2145 1109 stricte,
2169 1077 2331 1102 recentes:

1453 1117 1627 1149 Vaticanus
1651 1118 1715 1158 746
1740 1118 1773 1148 P.
1800 1118 1822 1148 I.

1454 1162 1579 1193 Parisiis
1607 1162 1683 1192 bibl.
1709 1163 1906 1192 Mazarineae
1932 1160 2013 1191 duo:
2045 1161 2108 1201 829
2135 1162 2241 1201 (antea
2269 1161 2365 1200 1023)
2392 1161 2467 1191 anni

1605 1207 1704 1246 1460;
1731 1207 1796 1246 834
1813 1207 1920 1247 (antea
1942 1206 2032 1246 409).

1454 1252 1582 1292 Lipsiae
1606 1252 1680 1281 bibl.
1706 1252 1925 1282 Universitatis
1949 1259 2024 1291 474.

1455 1296 1594 1326 Treviris
1618 1296 1694 1326 bibl.
1720 1295 1864 1326 Civitatis
1892 1294 1996 1331 1053;
2029 1294 2144 1325 desinit
2167 1303 2222 1335 qu.
2247 1303 2315 1331 L1x;
2339 1293 2372 1324 in
2404 1293 2468 1324 fine

1599 1340 1767 1382 sufficiant
1788 1341 1843 1381 qui
1866 1345 1913 1370 est
1934 1339 2116 1370 benedictus
2140 1339 2172 1369 in
2196 1339 2306 1369 secula
2330 1343 2387 1369 etc.

1456 1385 1686 1425 Norimbergae
1710 1385 1785 1415 bibl.
1811 1384 1955 1416 Civitatis
1980 1383 2074 1414 Cent.
2097 1393 2129 1415 11.
2156 1382 2208 1414 35.

1516 1443 1529 1456 »
1737 1443 1750 1456 »
1979 1428 2073 1459 00111.
2101 1437 2145 1458 111.
2180 1427 2220 1457 26
2252 1428 2328 1458 anni
2363 1428 2467 1467 1439;

1602 1475 1753 1514 utrinque
1787 1474 1940 1504 mutilus:
1972 1473 2086 1513 incipit
2107 1472 2225 1503 habere
2250 1471 2294 1502 ad
2315 1472 2470 1514 lyrposta-

1601 1519 1662 1549 sim
1685 1519 1824 1549 hominis
1856 1528 1974 1558 corpus
1991 1518 2066 1558 (qu.
2090 1526 2121 1547 vr
2143 1522 2199 1547 art.
2224 1524 2236 1546 1
2266 1526 2329 1557 arg.
2356 1526 2373 1548 2
2401 1527 2470 1548 me-

1602 1564 1696 1603 dio);
1721 1562 1776 1594 fol.
1798 1563 1857 1593 152
1883 1562 1953 1592 finit
1984 1571 2043 1602 per
2080 1561 2273 1602 mortificari
2306 1561 2351 1592 ad
2382 1562 2470 1592 simi-

1603 1608 1770 1638 litudinem
1794 1607 1985 1637 animalium
2010 1606 2078 1647 (qu.
2103 1616 2215 1636 Lxxxrx
2239 1611 2294 1636 art.
2322 1608 2337 1636 5
2368 1616 2431 1646 arg.
2451 1616 2467 1636 2

1600 1651 1727 1692 princ.).
1759 1651 1873 1682 Cetera
1903 1651 1980 1681 folia
2011 1650 2281 1691 Supplementum
2308 1651 2427 1681 habent
2454 1661 2471 1680 a

1601 1696 1685 1727 sicut
1706 1696 1791 1726 enim
1807 1695 2030 1736 poenitentiae
2053 1694 2156 1726 virtus
2179 1695 2373 1725 exteriorem
2391 1704 2471 1735 poe-

1603 1750 1679 1771 nam
1704 1740 1772 1780 (qu.
1799 1750 1808 1769 1
1833 1745 1888 1770 art.
1916 1750 1931 1769 2
1958 1739 1997 1770 ad
2025 1739 2067 1779 1).

1458 1785 1533 1816 01111
1558 1785 1749 1826 (Monachii)
1775 1785 1872 1824 2752.

1456 1829 1671 1861 vindobonae
1702 1829 1777 1860 bibl.
1810 1829 1848 1860 C.
1879 1829 1917 1860 R.
1946 1829 2106 1860 Palatinae
2134 1828 2219 1859 duo:
2242 1828 2342 1869 4594,
2366 1825 2471 1868 4598;

1604 1875 1706 1915 (5094
1729 1874 1796 1906 fon.
1823 1874 1929 1915 63-73
1957 1873 2034 1905 duas
2058 1874 2176 1914 primas
2200 1873 2273 1912 QQ.
2298 1873 2418 1913 habet).

1459 1984 1601 2016 Codices
1624 1983 1785 2015 secundae
1809 1984 1933 2014 classis:

1458 2075 1578 2106 Patavii
1601 2074 1677 2105 bibl.
1702 2074 1734 2105 S.
1759 2074 1894 2105 Antonii
1914 2074 1977 2104 301
1996 2083 2004 2110 ;
2029 2078 2092 2103 ant.
2117 2073 2168 2103 vel
2191 2071 2276 2103 med.

1460 2119 1683 2159 Cantabrigiae
1706 2119 1886 2149 Pembroke
1915 2119 1975 2154 183
1999 2117 2084 2148 med.

1606 2163 1802 2196 Peterhouse
1826 2173 1856 2193 o.
1881 2172 1912 2202 4.
1938 2173 1979 2202 7;
2004 2162 2088 2193 med.

1460 2209 1587 2249 Lipsiae
1611 2208 1687 2238 bibl.
1711 2207 1932 2238 Universitatis
1955 2207 2042 2246 4653
2067 2212 2131 2237 ant.

1462 2252 1634 2283 Cordubae
1658 2253 1734 2283 bibl.
1759 2252 1901 2293 Capituli
1925 2251 2074 2283 Cathedr.
2099 2252 2186 2291 4453
2210 2251 2296 2282 med.

1463 2361 1603 2393 Codices
1626 2362 1736 2393 tertiae
1760 2362 1880 2392 classis:

1463 2406 1503 2438 G.
1528 2407 1570 2438 H.
1596 2406 1619 2437 1.
1643 2407 1671 2438 b.
1697 2416 1723 2438 c.
1748 2407 1783 2437 P.

1460 2451 1586 2482 Brixiae
1609 2451 1739 2482 Archivi
1764 2451 1904 2492 Capituli
1930 2451 2080 2483 Cathcdr.
2097 2452 2165 2482 sine
2185 2452 2364 2491 signatura3
2388 2450 2474 2481 med.

1462 2495 1639 2527 Mediolani
1661 2496 1737 2527 bibl.
1761 2497 1993 2527 Ambrosianae
2018 2496 2058 2527 G.
2084 2506 2158 2536 292.
2184 2495 2265 2532 1nf.;
2289 2494 2374 2526 med.

1463 2539 1610 2571 Oxoniae
1632 2541 1714 2572 New
1739 2540 1872 2581 College
1897 2551 2008 2577 cxxrv3
2033 2541 2119 2572 med.

1462 2585 1692 2626 Norimbergae
1715 2586 1791 2616 bibl.
1817 2585 1961 2617 Civitatis
1986 2585 2079 2616 Cent.
2104 2595 2136 2615 11.
2163 2594 2225 2624 293
2250 2584 2335 2615 med.

1464 2629 1582 2661 Matriti
1605 2630 1680 2662 bibl.
1705 2631 1882 2661 Nationalis
1907 2631 1942 2661 B.
1971 2631 2005 2661 51
2026 2641 2034 2667 ;
2058 2629 2143 2661 med.

1607 2675 1682 2706 bibl.
1699 2675 1779 2716 priv.
1796 2675 1892 2715 Regis
1909 2685 1939 2705 2.
1957 2684 1984 2705 e.
2003 2684 2033 2705 2.
2051 2674 2233 2714 (Signatum
2256 2678 2396 2714 quatuor
2418 2682 2476 2703 vo—

1608 2719 1731 2751 lumina
1747 2720 1899 2751 Summae
1916 2720 2032 2750 Theol.
2046 2725 2078 2750 et
2093 2729 2196 2749 unum
2213 2718 2365 2748 Summae
2382 2716 2420 2747 C.
2434 2716 2474 2747 G.

1609 2765 1854 2806 complectitur;
1883 2764 2038 2795 volumen
2062 2764 2189 2794 Tertiae
2212 2762 2312 2792 Partis
2334 2762 2431 2792 habet
2451 2762 2476 2792 3

1608 2809 1704 2840 dorso
1729 2809 1916 2849 ligaturae);
1941 2807 2026 2838 med.

1463 2853 1571 2885 Toleti
1594 2853 1669 2884 bibl.
1695 2853 1836 2894 Capituli
1860 2852 2008 2884 Cathedr.
2030 2859 2079 2891 ¹9·
2108 2859 2165 2890 ¹43
2190 2851 2385 2888 chartaceus.

1462 2898 1607 2930 Escorial
1630 2899 1669 2929 T.
1699 2906 1725 2929 1.
1755 2898 1814 2934 18;
1839 2897 1922 2927 med.
2001 2929 2003 2931 ,

1464 2942 1539 2974 Clm
1563 2943 1753 2984 (Monachii)
1779 2947 1933 2982 quatuor:
1962 2940 2036 2977 233,
2054 2940 2152 2980 6497,
2171 2940 2339 2980 7446.qui
2362 2945 2394 2970 et
2409 2940 2476 2970 Pri-

1607 2997 1695 3018 mam
1719 2987 1871 3021 continet,
1893 2985 1996 3024 14103
2022 2986 2098 3016 anni
2123 2985 2229 3024 1459;
2255 2985 2422 3015 chartacei.

1463 3097 1641 3137 Sequentes
1665 3094 1792 3125 codices
1813 3103 1880 3124 non
1896 3093 2044 3129 vidimus,
2061 3092 2117 3123 sed
2132 3098 2258 3123 tantum
2273 3093 2307 3123 in
2324 3092 2475 3133 catalogis

1406 3141 1568 3182 impressis
1592 3146 1622 3171 et
1644 3139 1867 3179 manuscriptis
1890 3142 2018 3169 notatos
2041 3138 2232 3174 invenimus,
2246 3143 2289 3168 *et
2311 3138 2394 3168 sicut
2414 3147 2475 3168 no-

1407 3191 1514 3216 tantur
1536 3186 1708 3225 signamus.

1462 3230 1627 3260 Valentiae
1657 3228 1732 3259 bibl.
1760 3227 1978 3259 Universitatis
2009 3236 2090 3258 saec.
2118 3236 2180 3257 xrv.
2209 3226 2251 3267 (V
2254 3227 2377 3266 estigari
2407 3235 2475 3257 non

1608 3273 1739 3313 potuit).

1463 3317 1735 3358 Caesaraugustae
1757 3317 1833 3347 bibl.
1859 3316 2002 3357 Capituli
2029 3324 2112 3356 1229
2138 3325 2219 3346 saec.
2245 3325 2294 3346 xv.

1409 3453 1508 3478 collatis
1526 3457 1625 3478 tantum
1646 3459 1699 3477 non
1721 3451 1842 3475 omnibus
1868 3450 2024 3483 apprehendi
2043 3454 2070 3474 et
2088 3450 2163 3482 quasi
2182 3449 2232 3482 tegi
2251 3457 2298 3481 per
2316 3449 2474 3481 signaturam

1410 3498 1423 3511 ι
1438 3488 1567 3520 Anco»,
1586 3495 1640 3521 quo
1652 3487 1748 3513 factum
1763 3492 1803 3512 est
1816 3492 1844 3511 ut
1858 3491 1929 3510 tanto
1947 3484 2119 3511 confidentius
2137 3490 2235 3511 textum
2254 3485 2361 3510 saeculo
2374 3485 2476 3509 decimo

286 3520 400 3559 quidem
414 3520 463 3555 sed
481 3532 533 3550 non
552 3523 749 3551 infructuosum.
776 3524 838 3550 Eius
862 3525 941 3558 gratia
964 3525 1085 3549 novimus
1103 3526 1205 3549 veteres
1230 3523 1353 3557 hispanos
1407 3517 1483 3550 tertio
1503 3523 1699 3550 diffusissimum
1719 3527 1839 3549 nostrum
1857 3521 2005 3547 fecerimus.

287 3564 352 3587 eim
369 3561 480 3594 antiquis
496 3561 575 3595 gallis
593 3566 618 3586 et
637 3561 704 3586 italis
723 3561 749 3586 in
767 3568 849 3585 unum
873 3566 971 3585 textum
997 3560 1154 3593 conspirare,
1172 3566 1271 3593 eosque
1289 3559 1353 3585 10015
