2872 3970
470 294 547 331 490

469 361 764 411 putrefactionis
785 361 892 410 quod
920 368 976 397 est
995 366 1208 409 peccatum.
1240 359 1317 397 Sed
1335 358 1455 396 virtus
1474 357 1529 394 di-

469 414 559 451 vina
586 426 726 463 corpus
757 413 895 451 Christi
922 425 945 450 a
972 411 1246 462 putrefactione
1275 410 1482 449 reservavit
1496 408 1527 457 ὅ,

470 467 565 504 sicut
584 475 620 504 et
638 466 874 504 resuscitavit
902 478 924 502 a
952 473 1086 503 morte.

524 521 580 557 AD
608 531 765 558 TER‘rtUM
792 530 974 557 DICENDUM
1001 518 1109 567 quod
1139 516 1311 555 Christus
1337 515 1384 552 de
1403 516 1529 565 sepul-

440 612 442 614 ,
470 585 535 610 cro
569 573 770 611 resurrexit
798 572 935 609 virtute
964 570 1105 616 divina,
1135 581 1235 619 quae
1263 567 1376 606 nullis
1404 567 1530 605 termi-

236 2055 245 2064 '·
274 2053 354 2074 Manli.
385 2057 435 2078 cap.

234 2086 278 2101 xxv
266 2085 316 2105 νι,ιι
333 2085 391 2100 vs.er
413 2085 435 2103 i;

235 2107 304 2128 Marc.
322 2112 372 2133 cap.
388 2111 416 2126 xv
420 2110 435 2129 ι,

234 2139 247 2153 v
249 2138 292 2154 ens
304 2140 322 2155 ι.
338 2138 364 2158 2;
379 2131 436 2152 Luc

235 2166 286 2187 cap.
301 2165 354 2180 xxv
358 2164 403 2185 ‚ev
406 2163 435 2178 rs.

289 2175 363 2206 Ioan.
385 2190 435 2211 cap.

235 2218 273 2236 xx,
290 2218 340 2233 ers
343 2228 347 2232 .
365 2219 384 2233 ι.

237 2241 246 2249 ·
262 2238 327 2260 Vers.
344 2244 382 2264 40.

241 2475 301 2497 'Ho
304 2475 351 2496 mil.
362 2474 451 2496 XXlin

239 2502 331 2529 Evang

247 3059 255 3067 “
271 3057 327 3084 Cap.
343 3062 373 3078 vi.

250 3321 258 3329 ⁸
275 3319 321 3346 Qu.
337 3324 359 3344 t.‚
381 3312 422 3339 nrt.
438 3319 459 3339 6.

522 685 548 720 ὃ)
566 686 722 712 reservavit.
739 699 760 704 —
773 685 962 718 praeservavit
980 685 1018 710 ΡΙ.

1144 759 1487 804 Commentariun
1501 770 1754 804 cardinalis
1775 771 1975 806 Caietam
2022 757 2025 760 Ι

530 873 637 895 nurus
655 863 766 893 clarus.
786 880 808 885 —
829 862 864 892 In
889 871 1023 902 corpore
1045 861 1141 892 unica
1164 860 1348 891 conclusio:
1371 860 1446 891 Non
1461 859 1536 902 suit

473 876 722 939 Tconveniens
761 915 879 947 corpus
911 906 1031 936 Christi
1052 905 1224 946 putrefieri
1256 909 1315 935 aut
1345 904 1534 935 incinerari.

470 953 624 983 Probatur
638 951 816 991 dupliciter.
842 951 958 981 Primo.
976 949 1168 980 Putrefactio
1184 949 1334 989 provenit
1345 957 1387 979 ex
1401 947 1534 979 infirmi-

470 1002 533 1026 tate
556 1001 686 1026 naturae
718 995 802 1025 illius
827 995 970 1034 corporis
992 1003 1060 1024 non
1088 994 1228 1034 potentis
1253 1002 1370 1034 corpus
1396 993 1534 1033 amplius

470 1041 503 1070 in
526 1049 629 1070 unum
653 1039 826 1069 continere.
850 1039 935 1078 Ergo
961 1037 1116 1074 Christus,
1140 1047 1182 1068 ne
1201 1047 1287 1068 mors
1311 1037 1379 1068 eius
1401 1036 1534 1069 infirmi-

470 1085 525 1114 tati
547 1089 676 1114 naturae
708 1082 952 1118 adscriberetur,
977 1082 1082 1112 noluit
1105 1091 1222 1122 corpus
1245 1091 1341 1112 suum
1363 1078 1488 1112 resolvi.
1511 1100 1535 1104 -

471 1127 671 1158 Antecedens
705 1132 800 1167 patet.
824 1144 847 1148 —-
871 1126 1111 1166 Consequentia
1142 1126 1304 1167 probatur.
1339 1125 1424 1164 Quia
1446 1135 1534 1156 mors

472 1172 589 1202 Christi
615 1181 682 1202 non
706 1170 815 1202 debuit
832 1180 898 1201 esse
923 1181 960 1201 ex
984 1170 1166 1201 infirmitate
1188 1175 1330 1206 naturae,
1347 1168 1403 1200 sed
1417 1169 1533 1200 volun-

470 1218 556 1247 taria.
587 1216 621 1246 In
646 1217 736 1246 cuius
760 1216 900 1255 signum,
924 1224 992 1245 non
1015 1215 1145 1251 morbo,
1170 1213 1225 1245 sed
1247 1215 1395 1255 passione
1418 1213 1534 1244 volun-

471 1262 548 1291 tarie
572 1266 717 1300 suscepta
739 1265 886 1290 mortuus
911 1265 966 1290 est.

527 1304 677 1336 Secundo
700 1304 852 1344 probatur
876 1304 960 1344 quia,
986 1303 1025 1334 ad
1049 1304 1268 1335 ostensionem
1291 1302 1417 1334 divinae
1435 1290 1534 1333 virtu-

472 1350 520 1384 tis,
544 1349 647 1379 voluit
671 1358 787 1389 corpus
820 1357 915 1378 suum
938 1349 1162 1389 incorruptum
1193 1356 1390 1389 permanere.
1424 1346 1465 1378 Et
1495 1346 1534 1378 ad

472 1393 535 1423 hoc
559 1393 685 1423 affertur
708 1393 877 1423 auctoritas
901 1391 1132 1433 Chrysostomi.

528 1437 564 1467 11.
590 1437 683 1468 Circa
706 1438 841 1477 primam
863 1438 1021 1467 rationem
1045 1435 1179 1467 dubium
1203 1436 1354 1472 occurrit,
1377 1436 1452 1476 quia
1474 1436 1533 1466 im-

472 1482 632 1521 pertinens
648 1481 780 1511 videtur.
797 1481 890 1517 Nam,
904 1481 969 1511 sive
984 1481 1018 1511 in
1034 1490 1169 1520 corpore
1186 1479 1303 1510 Christi
1319 1479 1413 1510 fixerit
1428 1479 1534 1519 aliqua

474 1525 662 1565 putrefactio
687 1526 752 1556 sive
776 1535 852 1561 non,
871 1525 1034 1555 constabat
1058 1524 1147 1565 quod
1171 1534 1208 1554 ex
1220 1524 1360 1555 violenta
1375 1524 1534 1564 passione,

1416 1613 1470 1620 m

1251 1676 1571 1719 ARTICULUS
1602 1676 1875 1729 QUARTUS

666 1771 822 1803 UTRUM
847 1770 1061 1802 CHRISTUS
1084 1771 1244 1802 FUERIT
1269 1771 1312 1801 IN
1337 1770 1562 1802 SEPULCRO
1587 1769 1736 1802 SOLUM
1760 1770 1851 1802 UNA
1874 1769 1948 1800 DIE
1971 1769 2029 1800 ET
2054 1769 2227 1802 DUABUS
2249 1755 2469 1802 NOCTIBUS

617 1849 648 1874 111
668 1849 752 1878 Seni„
771 1849 830 1874 dist.
849 1856 899 1878 xxx.
918 1857 962 1881 qu.
981 1855 1008 1878 n,
1028 1853 1075 1873 art.
1094 1855 1118 1877 2,
1138 1848 1169 1872 nd
1189 1847 1213 1877 5,
1231 1847 1262 1878 ὃς
1285 1847 1429 1880 Compend.
1452 1847 1549 1877 Theoi„
1568 1855 1623 1880 cap.
1642 1854 1765 1878 ccxxxvx3
1786 1847 1816 1872 In
1835 1847 1948 1877 Mami„
1968 1855 2024 1880 cap.
2043 1854 2093 1878 xn-
2113 1847 2122 1872 1
2140 1847 2178 1872 ad
2198 1847 2267 1877 Cor„
2287 1854 2343 1881 cap.
2361 1854 2402 1880 xv,
2419 1837 2601 1887 lens-'w

548 1979 666 2107 ζ’ἷῆ
689 1991 862 2028 Christus
890 2001 970 2027 non
997 1990 1108 2027 suerit
1135 1989 1175 2025 in
1203 1990 1378 2038 sepulcro
1411 1990 1539 2026 solum

645 2055 766 2091 2una
781 2043 842 2080 die
857 2051 893 2080 et
908 2042 1059 2080 duabus
1078 2042 1255 2079 noctibus
1268 2042 1288 2063 ²⁶
1291 2042 1415 2079 .Dicit
1434 2042 1539 2079 enim

643 2089 787 2145 &ipse
816 2097 951 2133 Matth.
979 2095 1081 2133 xi1*:
1118 2097 1219 2132 Sicut
1241 2095 1320 2143 suit
1355 2097 1470 2132 Ionas
1501 2096 1539 2131 in

477 2156 604 2189 ventre
630 2151 700 2185 ceti
716 2151 830 2187 tribus
858 2149 983 2186 diebus
1009 2154 1042 2185 et
1067 2150 1182 2185 tribus
1210 2150 1386 2195 noctibus,
1406 2150 1456 2185 ita
1478 2149 1540 2184 Fi-

478 2204 546 2240 lius
564 2203 742 2239 Hominis
770 2205 838 2240 erit
865 2204 902 2239 in
931 2202 1044 2239 corde
1070 2207 1194 2239 terrae
1213 2203 1328 2238 tribus
1355 2202 1481 2238 diebus
1509 2206 1542 2237 et

477 2258 592 2293 tribus
612 2257 785 2293 noctibus.
816 2255 893 2293 Sed
913 2255 951 2291 in
971 2255 1086 2292 corde
1113 2263 1234 2292 terrae
1260 2253 1330 2291 fuit
1356 2254 1394 2291 in
1415 2255 1540 2303 sepul-

479 2321 543 2346 cro
579 2308 752 2345 existens.
791 2310 884 2346 Non
913 2320 1002 2356 ergo
1030 2308 1100 2345 fuit
1134 2309 1173 2345 in
1209 2309 1385 2358 sepulcro
1412 2308 1541 2344 solum

478 2374 557 2400 una
585 2361 646 2398 die
666 2369 702 2398 et
730 2362 882 2399 duabus
909 2361 1098 2399 noctibus.

534 2427 567 2452 2.
597 2416 829 2461 PRAETEREA‚
851 2415 1058 2463 Gregorius
1087 2414 1186 2461 dicit,
1206 2414 1246 2451 in
1272 2413 1443 2451 Homilia
1469 2414 1540 2450 Pa-

480 2467 634 2505 schali*
636 2497 645 2514 ,
666 2468 784 2516 quod,
812 2470 903 2505 sicut
930 2470 1087 2506 Samson
1116 2468 1261 2505 abstulit
1287 2467 1409 2504 media
1437 2471 1543 2503 nocte

474 2527 604 2571 portas
635 2521 769 2569 Gazae,
799 2523 848 2558 ita
880 2522 1044 2559 Christus
1071 2522 1193 2558 media
1222 2526 1338 2567 nocte,
1367 2520 1542 2568 auferens

474 2580 603 2623 portas
631 2575 789 2622 inferni,
819 2577 1031 2612 resurrexit.
1072 2574 1148 2612 Sed
1176 2581 1382 2623 postquam
1419 2584 1541 2610 resur-

480 2627 583 2673 rexit,
614 2639 693 2663 non
721 2627 789 2664 suit
817 2627 855 2664 in
884 2629 1071 2676 sepulcro.
1101 2628 1203 2675 Ergo
1222 2638 1303 2664 non
1329 2625 1399 2663 fuit
1426 2625 1465 2662 in
1485 2638 1541 2662 se-

480 2681 614 2729 pulcro
643 2680 795 2717 duabus
822 2680 999 2718 noctibus
1028 2680 1190 2728 integris.

536 2733 568 2769 3.
599 2734 837 2781 PRAETEREA,
867 2746 936 2782 per
963 2741 1130 2771 mortem
1167 2731 1306 2770 Christi
1340 2733 1406 2769 lux
1433 2743 1542 2781 prae-

480 2786 599 2823 valuit
635 2786 809 2823 tenebris.
850 2787 926 2824 Sed
962 2799 1039 2824 nox
1077 2787 1126 2824 ad
1153 2786 1328 2823 tenebras
1359 2785 1540 2834 pertinet:

482 2839 561 2876 dies
590 2840 800 2876 autem*ad
837 2841 974 2877 lucem.
1014 2841 1116 2888 Ergo
1149 2837 1440 2877 convenientius
1475 2837 1544 2875 fuit

482 2892 589 2940 quod
617 2904 757 2941 corpus
796 2892 935 2930 Christi
971 2893 1081 2930 fuerit
1109 2893 1148 2929 in
1177 2893 1352 2941 sepulcro
1390 2891 1543 2928 duabus

482 2944 617 2981 diebus
645 2953 682 2981 et
710 2957 788 2982 una
815 2953 944 2991 nocte,
973 2958 1093 2995 quarn
1122 2958 1143 2982 e
1171 2957 1371 2982 converso.

537 2998 609 3034 SED
638 3009 782 3034 CONTRA
810 3008 875 3036 EST
903 2999 1028 3047 quod,
1056 2998 1152 3036 sicut
1180 2998 1415 3047 Augustinus
1442 2995 1542 3044 dicit,

483 3050 522 3086 in
549 3051 599 3087 IV
627 3050 672 3087 de
703 3053 738 3088 T
736 3053 805 3088 rin.
827 3051 862 3098 *,
893 3065 916 3088 a
944 3063 1094 3102 vespere
1119 3052 1329 3100 sepulturae
1356 3062 1469 3100 usque
1496 3050 1546 3087 ad

484 3103 683 3140 diluculum
712 3106 988 3142 resurrectionis
1024 3106 1177 3155 triginta
1208 3117 1276 3142 sex
1302 3106 1420 3142 horae
1444 3109 1545 3140 sunt:

486 3155 592 3200 idest,
621 3169 700 3193 nox
726 3163 800 3194 tota
827 3169 912 3194 cum
941 3158 999 3194 die
1025 3164 1100 3195 tota
1128 3163 1160 3194 et
1188 3164 1294 3195 nocte
1320 3162 1405 3195 tota.

539 3209 762 3246 Respounsso
782 3222 963 3248 DICENDUM
991 3211 1098 3259 quod
1126 3210 1255 3259 ipsum
1282 3218 1436 3259 tempus
1464 3221 1544 3259 quo

489 3261 659 3298 Christus
679 3262 717 3298 in
737 3263 913 3311 sepulcro
932 3263 1080 3310 mansit,
1102 3264 1282 3301 effectum
1310 3262 1443 3300 mortis
1462 3262 1545 3299 eius

488 3322 751 3362 repraesentat.
781 3315 936 3352 Dictum
965 3323 1019 3352 est
1047 3315 1151 3353 enirn
1180 3328 1295 3366 supra
1309 3316 1458 3365 *quod
1477 3327 1547 3364 per

488 3374 652 3403 mortem
682 3366 992 3405 Christi-liberati
1020 3380 1155 3405 sumus
1183 3381 1206 3405 a
1234 3368 1375 3418 duplici
1409 3375 1544 3409 morte

542 3481 569 3514 α)
589 3481 720 3514 integram
745 3489 805 3513 qua.
824 3496 843 3500 -
865 3482 903 3512 H;
928 3482 1061 3515 integrum
1085 3490 1136 3514 quo
1160 3483 1201 3507 CF
1222 3487 1247 3507 et
1265 3483 1398 3514 editiones,
1417 3482 1550 3516 integram

491 3522 753 3584 quossgeigcrrii'pturae.
768 3566 785 3569 —
803 3553 956 3583 sepulturae
974 3551 1003 3580 F.
1022 3552 1163 3576 locutionis
1183 3553 1336 3584 sepulturae
1349 3551 1378 3582 E,
1390 3553 1455 3578 labis
1476 3553 1548 3578 Scri-

488 3589 586 3618 pturae
605 3587 628 3616 l;
648 3587 786 3611 locutionis
806 3587 962 3618 Scripturae
976 3587 1002 3611 Ρ.
1024 3587 1073 3611 Pro
1091 3587 1313 3616 animadvertere,
1326 3594 1505 3613 annumerare
1520 3588 1546 3612 Ρ.

1181 280 1444 328 QUAESTIO
1473 279 1876 326 L1,ARTICULUS.
1890 280 1942 317 IV
1953 294 1957 300 ·

1559 870 1598 921 Ι
1588 870 1656 891 non
1680 870 1718 891 ex
1741 866 1872 891 naturae
1896 846 2077 892 infirmitate
2099 867 2247 901 mortuus
2270 845 2350 893 erat‘:
2376 861 2452 905 quia
2467 850 2595 917 passus
2602 857 2650 896 est

1584 357 1644 394 nis
1679 364 1902 395 coarctatur.
1945 358 1994 395 Et
2028 358 2116 395 ideo
2153 359 2230 395 hoc
2266 359 2389 408 quod=
2409 371 2432 396 a
2460 361 2643 409 sepulcro
2675 359 2760 408 J3.,·

1585 409 1765 456 surrexit,
1792 409 1988 448 sufficiens
2024 418 2300 459 argumentumv
2330 411 2401 449 fuit
2433 412 2542 461 quod
2571 413 2644 453 lto-2
2676 407 2755 437 -*“''3‘=

1584 462 1708 500 mines
1736 470 1842 500 erant
1873 462 2122 500 resuscitandi
2141 463 2286 501 virtute
2314 463 2446 501 divina
2464 474 2553 502 non
2583 473 2644 502 so-
2747 472 2769 478 ”

1584 517 1668 552 lum
1703 515 1751 552 de
1788 515 1992 574 sepulcris,
2012 516 2088 586 sed
2114 516 2250 553 etiam
2245 516 2305 554 de
2332 516 2646 597 quibuscumque

1585 567 1788 605 cineribus.

1587 905 1622 935 in
1646 913 1740 935 cruce
1761 904 1896 935 iuvenis.

1642 948 1695 979 Ad
1709 949 1774 979 hoc
1785 948 1900 980 dicitur
1911 948 2004 989 quod
2013 949 2202 990 putrefactio
2216 949 2374 981 cadaveris
2385 948 2549 982 attestatur
2559 948 2650 983 infin
2680 946 2683 949 ’
2698 956 2699 960 ’

1588 993 1690 1025 mitati
1716 998 1848 1024 namne
1877 994 2050 1033 praesentis
2073 999 2105 1024 et
2126 995 2320 1034 praeteritae.
2343 994 2427 1026 Nam
2449 996 2652 1036 corporeum

1589 1042 1757 1077 compacta
1783 1042 1822 1068 ut
1841 1037 2000 1073 naturalis.
2016 1038 2199 1079 complexio
2225 1039 2444 1080 vigorosasit.
2467 1039 2652 1075 ejvvba‘ss

1588 1086 1716 1112 mortua
1738 1081 1953 1121 putrefactivis
1974 1082 2122 1113 resistunt
2143 1083 2243 1123 magis
2263 1083 2340 1113 aliis.
2365 1082 2406 1113 Et
2423 1088 2602 1124 propterea.
2625 1084 2652 1115 εἰ

1587 1124 1779 1167 putrefactio
1796 1125 1955 1156 cadaveris
1970 1125 2134 1157 accidisset
2147 1127 2181 1157 in
2206 1125 2322 1157 Christi
2347 1136 2492 1167 corpore,
2508 1128 2652 1160 testimo-

1587 1170 1680 1200 nium
1695 1169 1884 1200 infirmitatis
1900 1175 2030 1200 naturae
2045 1170 2080 1201 in
2096 1170 2223 1201 Christo
2244 1175 2482 1208 monstraretur,
2498 1176 2652 1213 tanquam

1587 1214 1774 1255 impotentis
1796 1214 1883 1255 prius
1907 1214 2044 1254 amplius
2066 1220 2173 1255 tenere
2197 1223 2315 1256 corpus
2337 1216 2456 1251 vivum,
2485 1221 2517 1247 et
2518 1224 2632 1268 pn

1586 1258 1827 1309 incorruptum:
1850 1263 1881 1288 et
1897 1263 2131 1299 consequenter
2145 1258 2235 1299 quod
2250 1268 2343 1290 mors
2353 1257 2471 1290 Christi
2489 1268 2507 1290 a

1588 1303 1684 1333 etiam
1698 1303 1725 1332 si
1740 1302 1905 1333 noluisset.
1925 1302 1966 1333 Et
1981 1302 2025 1333 sic
2040 1301 2276 1343 imputrefactio
2293 1303 2436 1344 corporis
2450 1293 2579 1340 mortui
2573 1312 2653 1351 pon

1588 1352 1635 1377 est
1649 1346 1866 1387 impertinens,
1879 1345 1935 1377 sed
1949 1345 2104 1378 idoneum
2119 1347 2340 1385 testimonium
2355 1343 2576 1396 voluntariae'

1587 1392 1642 1422 tis:
1674 1395 1705 1421 et
1726 1389 1917 1431 putrefactio
1950 1389 2061 1422 fuisset
2089 1391 2176 1422 testis
2204 1392 2316 1423 mortis
2346 1400 2414 1422 non
2445 1376 2653 1430 voluntariae.

1588 1433 1644 1465 sed
1674 1435 1870 1465 necessariae
1893 1443 1932 1465 ex
1958 1434 2119 1466 debilitate
2150 1441 2291 1466 naturae.
2321 1435 2370 1466 Ex
2399 1444 2494 1476 supra
2517 1435 2540 1453 ²
2560 1431 2654 1468 dictis

1587 1488 1728 1519 namque
1751 1484 1838 1519 patet
1860 1478 1951 1519 quod
1974 1478 2128 1516 Christus,
2150 1479 2224 1510 licet
2243 1479 2422 1516 crucifixus,
2438 1484 2586 1511 mortuus
2607 1485 2654 1511 ta·
2680 1512 2691 1524 ,

1588 1532 1664 1553 men
1680 1528 1727 1553 est
1743 1523 1819 1563 quia
1833 1522 1950 1554 voluit:
1966 1523 2000 1554 in
2017 1524 2108 1554 cuius
2123 1524 2261 1564 signum,
2278 1525 2424 1555 clamans
2437 1523 2617 1565 exspiravit
2624 1525 2652 1555 ⁹.
2694 1548 2695 1551 η

1594 1989 1670 2025 hoc
1697 1987 1931 2036 significatur
1956 1998 2026 2037 per
2045 1988 2141 2028 duas
2169 1995 2300 2026 noctes
2319 1988 2466 2050 quibus
2481 1978 2656 2027 (Em

1594 2041 1633 2078 in
1662 2042 1838 2090 sepulcro
1875 2041 2095 2090 permansit.
2133 2042 2242 2078 Mors
2269 2049 2400 2078 autem
2433 2041 2552 2101 eius,
2562 2041 2657 2092 ‘quia

1594 2106 1676 2131 non
1703 2093 1772 2130 fuit
1799 2105 1846 2130 ex
1873 2101 2030 2142 peccato
2066 2093 2299 2143 proveniens
2335 2094 2403 2131 sed
2430 2104 2499 2132 ex
2494 2093 2657 2134 mna&

1595 2154 1786 2196 suscepta,
1815 2158 1897 2183 non
1925 2146 2058 2183 habuit
2085 2146 2273 2184 rationem
2301 2147 2438 2195 noctis,
2467 2147 2549 2185 sed
2559 2147 2656 2186 diei.

1595 2201 1644 2237 Et
1662 2199 1750 2237 ideo
1770 2199 2002 2248 significatur
2014 2210 2084 2249 per
2097 2199 2201 2237 diem
2220 2199 2404 2248 integram
2418 2211 2497 2251 qua
2504 2204 2529 2225 ⁵⁶
2548 2199 2657 2239 Glari*-

1596 2261 1675 2290 stus
1698 2252 1794 2290 fuit
1786 2265 1826 2290 1n
1845 2254 2032 2302 sepulcro.
2061 2253 2110 2290 Et
2128 2253 2182 2290 sic
2200 2252 2435 2291 conveniens
2462 2252 2535 2291 fuit
2542 2253 2657 2314 quod

1597 2306 1771 2344 Christus
1799 2318 1878 2343 una
1905 2305 1966 2342 die
1987 2313 2023 2343 et
2041 2305 2193 2343 duabus
2212 2305 2389 2344 noctibus
2417 2311 2524 2374 esset
2540 2305 2592 2371 iri
2598 2308 2656 2345 se·

1595 2360 1743 2409 pulcro.
2582 2378 2590 2384 ·

1649 2413 1706 2449 AD
1734 2423 1870 2449 PRIMUM
1889 2422 1988 2449 ERGO
2006 2422 2188 2449 mensuum
2207 2412 2326 2462 quod,
2354 2412 2452 2449 sicut
2477 2379 2657 2462 Augusti&

1595 2478 1669 2502 nus
1687 2464 1787 2512 dicit,
1808 2464 1848 2502 in
1866 2464 1964 2502 libro
1991 2465 2038 2502 de
2058 2465 2247 2502 Consensu
2265 2465 2454 2515 Evangst
2455 2494 2464 2513 ,
2485 2464 2645 2515 quidam

1595 2519 1747 2556 modum
1774 2519 1988 2568 Scripturae
2006 2516 2021 2547 β
2049 2520 2256 2564 nescientes,
2286 2524 2429 2556 noctem
2463 2518 2660 2577 voluerunt

1596 2571 1892 2609 animadvertere
1922 2576 1995 2608 tres
2026 2571 2108 2608 illas
2133 2572 2258 2617 horas,
2286 2584 2311 2609 a
2337 2577 2443 2609 sexta
2469 2575 2594 2622 usique
2604 2560 2662 2611 Μ

1597 2637 1748 2670 nonam,
1765 2626 1894 2674 quibus
1906 2624 1963 2661 sol
1975 2625 2190 2661 obscuratus
2203 2630 2271 2670 est;
2283 2630 2318 2661 et
2331 2625 2443 2671 diem,
2454 2628 2541 2662 tres
2539 2623 2665 2664 hor&

1596 2678 1690 2715 alias
1709 2679 1837 2727 quibus
1856 2678 1987 2714 iterum
2005 2678 2113 2714 terris
2131 2683 2182 2714 est
2200 2678 2375 2739 redditus,
2387 2678 2476 2715 idest
2487 2682 2511 2707 t
2517 2690 2543 2716 a
2555 2680 2659 2716 notia

1597 2743 1710 2780 usque
1737 2731 1788 2767 ad
1812 2731 1890 2767 eius
1909 2742 2093 2768 occasum.
2123 2731 2294 2780 Sequitur
2312 2732 2410 2768 enim
2431 2730 2659 2780 noxfidura

1596 2785 1757 2822 sabbati.-
1784 2795 1858 2833 qua
1884 2794 1969 2820 cum
2000 2795 2068 2821 suo
2095 2784 2154 2820 die
2180 2789 2409 2834 computata,
2438 2789 2551 2822 erunt
2567 2784 2659 2823 ’W

1597 2837 1694 2875 duae
1720 2842 1843 2874 noctes
1869 2842 1904 2873 et
1921 2837 1994 2873 duo
2003 2836 2099 2912 sdies.
2127 2838 2214 2874 Post
2240 2839 2432 2874 sabbatum
2451 2839 2587 2884 antelli,
2594 2839 2658 2875 sef-

1598 2892 1721 2940 quitur
1745 2901 1824 2926 nox
1835 2887 2018 2939 primae*
2044 2891 2196 2936 sabbati,
2217 2890 2306 2928 idest
2323 2890 2560 2927 illucescentis
2578 2889 2663 2928 W

1596 2944 1798 2989 Dominici,
1819 2944 1856 2979 in
1886 2955 1958 2993 qua
1985 2949 2072 2980 tunc
2089 2944 2274 2981 Dominus
2301 2944 2514 2980 resurrexit
2543 2943 2592 2981 Et
2608 2943 2659 2981 ila

1597 2997 1719 3034 adhuc
1746 3007 1821 3033 non
1849 2997 2027 3033 constabit
2054 2998 2150 3034 ratio
2177 2998 2289 3033 trium
2315 2996 2459 3034 dierum
2486 3001 2520 3033 et
2546 2993 2659 3034 nium

1598 3051 1770 3087 noctium.
1799 3050 1926 3086 Restat
1953 3060 2046 3099 ergo
2074 3055 2113 3086 ut
2138 3050 2209 3086 hoc
2235 3050 2444 3087 invematur
2466 3048 2534 3086 illo
2558 3046 2659 3087 Ser'i-

1591 3109 1793 3154 pturarum
1825 3104 1955 3140 usitato
1982 3102 2157 3152 loquendi
2185 3102 2297 3140 modo
2325 3112 2397 3152 quo
2424 3113 2448 3139 a
2469 3104 2661 3152 paneb-
2679 3103 2713 3140 ,ζ

1597 3162 1674 3193 tum
1705 3155 1952 3205 intelligitur&
1965 3154 2015 3192 ita
2042 3154 2214 3192 scilicet*
2231 3154 2339 3204 quod
2357 3165 2478 3192 unam
2504 3154 2660 3192 noctem

1599 3216 1636 3246 et
1662 3219 1782 3246 unam
1818 3207 1922 3245 diem
1961 3207 2195 3258 accipiamus
2227 3218 2300 3257 pro
2337 3218 2431 3245 uno·
2451 3206 2513 3244 die
2549 3214 2660 3245 natu-

1599 3261 1678 3300 rali.
1708 3262 1756 3298 Et
1786 3261 1841 3299 sic
1867 3260 2016 3311 primus
2043 3260 2124 3298 dies
2143 3267 2389 3310 computatur
2415 3259 2464 3298 ab
2491 3265 2660 3299 extrem&
2708 3258 2757 3310 ῥ’»

1598 3322 1705 3365 parte
1733 3314 1808 3361 sui,
1837 3325 1915 3364 qua
1943 3313 2116 3352 Christus
2144 3313 2183 3351 in
2210 3321 2314 3351 sexta
2345 3312 2437 3351 feria
2468 3318 2524 3350 est
2556 3321 2624 3350 mo

1598 3376 1688 3405 tuus
1716 3374 1752 3404 et
1780 3368 1968 3417 sepultus;
2006 3366 2175 3404 secunda
2211 3372 2341 3404 autem
2368 3365 2449 3403 dies
2486 3371 2557 3403 est
2567 3364 2660 3403 inte·-

1656 3482 1779 3523 'slid‘ss-
1790 3495 1810 3502 —-
1821 3481 1865 3512 1²13
1884 3485 1919 3507 et.
1930 3495 1950 3501 —
1967 3481 2037 3507 enim
2058 3481 2092 3511 Ρ;
2111 3489 2164 3507 om.
2176 3494 2195 3500 -—
2211 3481 2261 3506 Pro
2272 3480 2380 3514 sutura,
2391 3480 2486 3513 staturi
2505 3479 2539 3510 P;
2557 3478 2661 3505 sabbati

1603 3518 1811 3587 om'ssfiaeirimae.
1823 3566 1842 3571 -
1855 3551 1942 3584 primi
1959 3551 2001 3577 Pe.
2013 3564 2034 3570 ·-
2047 3551 2116 3577 idest
2134 3551 2168 3582 P;
2187 3550 2286 3576 scilieet
2304 3549 2344 3576 ed.
2362 3556 2388 3579 a,
2406 3556 2460 3575 om.
2479 3549 2564 3574 ceteri.
