<?xml version="1.0" encoding="UTF-8"?>
<!DOCTYPE html PUBLIC "-//W3C//DTD XHTML 1.0 Transitional//EN"
    "http://www.w3.org/TR/xhtml1/DTD/xhtml1-transitional.dtd">
<html xmlns="http://www.w3.org/1999/xhtml" xml:lang="en" lang="en">
 <head>
  <title>
</title>
<meta http-equiv="Content-Type" content="text/html;charset=utf-8" />
  <meta name='ocr-system' content='tesseract 3.04.00' />
  <meta name='ocr-capabilities' content='ocr_page ocr_carea ocr_par ocr_line ocrx_word'/>
</head>
<body>
  <div class='ocr_page' id='page_1' title='image "./operaomniaiussui11thom_0441.png"; bbox 0 0 2872 3970; ppageno 0'>
   <div class='ocr_carea' id='block_1_1' title="bbox 0 542 376 1777">
    <p class='ocr_par' dir='ltr' id='par_1_1' title="bbox 0 542 376 1777">
     <span class='ocr_line' id='line_1_1' title="bbox 0 542 348 749; baseline 0.017 -106"><span class='ocrx_word' id='word_1_1' title='bbox 0 542 348 749; x_wconf 95' lang='lat' dir='ltr'>     </span> 
     </span>
     <span class='ocr_line' id='line_1_2' title="bbox 0 749 376 904; baseline 0 -51"><span class='ocrx_word' id='word_1_2' title='bbox 0 749 376 904; x_wconf 95' lang='lat' dir='ltr'>     </span> 
     </span>
     <span class='ocr_line' id='line_1_3' title="bbox 0 904 352 1013; baseline 0.011 -4"><span class='ocrx_word' id='word_1_3' title='bbox 0 904 352 1013; x_wconf 95' lang='lat' dir='ltr'>    </span> 
     </span>
     <span class='ocr_line' id='line_1_4' title="bbox 0 1013 299 1274; baseline 0.017 -105"><span class='ocrx_word' id='word_1_4' title='bbox 0 1013 299 1274; x_wconf 95' lang='lat' dir='ltr'>      </span> 
     </span>
     <span class='ocr_line' id='line_1_5' title="bbox 0 1274 333 1332; baseline 0.021 -6"><span class='ocrx_word' id='word_1_5' title='bbox 0 1274 333 1332; x_wconf 95' lang='lat' dir='ltr'>  </span> 
     </span>
     <span class='ocr_line' id='line_1_6' title="bbox 0 1332 326 1485; baseline 0 -104"><span class='ocrx_word' id='word_1_6' title='bbox 0 1332 326 1485; x_wconf 95' lang='lat' dir='ltr'>    </span> 
     </span>
     <span class='ocr_line' id='line_1_7' title="bbox 0 1490 332 1638; baseline 0 -48"><span class='ocrx_word' id='word_1_7' title='bbox 0 1490 332 1638; x_wconf 95' lang='lat' dir='ltr'>  </span> 
     </span>
     <span class='ocr_line' id='line_1_8' title="bbox 0 1638 344 1777; baseline 0 -82"><span class='ocrx_word' id='word_1_8' title='bbox 0 1638 344 1777; x_wconf 95' lang='lat' dir='ltr'>  </span> 
     </span>
    </p>
   </div>
   <div class='ocr_carea' id='block_1_2' title="bbox 163 357 1262 1565">
    <p class='ocr_par' dir='ltr' id='par_1_2' title="bbox 163 357 1262 1565">
     <span class='ocr_line' id='line_1_9' title="bbox 167 357 1256 408; baseline -0.005 -10"><span class='ocrx_word' id='word_1_9' title='bbox 167 359 177 366; x_wconf 56' lang='lat'>²</span> <span class='ocrx_word' id='word_1_10' title='bbox 225 378 285 400; x_wconf 48' lang='grc' dir='ltr'>,ω</span> <span class='ocrx_word' id='word_1_11' title='bbox 284 360 445 403; x_wconf 70' lang='lat' dir='ltr'>videtur</span> <span class='ocrx_word' id='word_1_12' title='bbox 461 359 570 408; x_wconf 89' lang='lat' dir='ltr'>quod</span> <span class='ocrx_word' id='word_1_13' title='bbox 582 366 716 408; x_wconf 86' lang='lat' dir='ltr'>postea</span> <span class='ocrx_word' id='word_1_14' title='bbox 733 357 908 396; x_wconf 88' lang='lat' dir='ltr'>debuerit</span> <span class='ocrx_word' id='word_1_15' title='bbox 921 357 1132 406; x_wconf 84' lang='lat' dir='ltr'>baptismus</span> <span class='ocrx_word' id='word_1_16' title='bbox 1151 358 1256 394; x_wconf 87' lang='lat' dir='ltr'>Ioan-</span> 
     </span>
     <span class='ocr_line' id='line_1_10' title="bbox 266 414 434 456; baseline -0.036 0"><span class='ocrx_word' id='word_1_17' title='bbox 266 414 434 456; x_wconf 63' lang='lat' dir='ltr'>«demto.</span> 
     </span>
     <span class='ocr_line' id='line_1_11' title="bbox 254 438 1254 520; baseline -0.006 -16"><span class='ocrx_word' id='word_1_18' title='bbox 254 470 289 520; x_wconf 89' lang='grc'><strong>2.</strong></span> <span class='ocrx_word' id='word_1_19' title='bbox 304 466 549 511; x_wconf 53' lang='lat' dir='ltr'>JPssamREA,</span> <span class='ocrx_word' id='word_1_20' title='bbox 568 438 804 512; x_wconf 84' lang='lat' dir='ltr'>Augustinus</span> <span class='ocrx_word' id='word_1_21' title='bbox 831 461 931 508; x_wconf 91' lang='lat' dir='ltr'>dicit,</span> <span class='ocrx_word' id='word_1_22' title='bbox 950 474 1061 511; x_wconf 86' lang='lat' dir='ltr'>super</span> <span class='ocrx_word' id='word_1_23' title='bbox 1087 463 1195 500; x_wconf 91' lang='lat' dir='ltr'>Ioan.</span> <span class='ocrx_word' id='word_1_24' title='bbox 1214 461 1254 499; x_wconf 72' lang='grc' dir='ltr'>*ε</span> 
     </span>
     <span class='ocr_line' id='line_1_12' title="bbox 272 516 1256 563; baseline -0.007 -5"><span class='ocrx_word' id='word_1_25' title='bbox 272 518 312 555; x_wconf 59' lang='lat'>‘12&#39;</span> <span class='ocrx_word' id='word_1_26' title='bbox 337 537 343 547; x_wconf 43' lang='grc' dir='ltr'>ι’</span> <span class='ocrx_word' id='word_1_27' title='bbox 365 529 423 558; x_wconf 75' lang='lat' dir='ltr'>us</span> <span class='ocrx_word' id='word_1_28' title='bbox 427 522 486 561; x_wconf 70' lang='lat' dir='ltr'>est</span> <span class='ocrx_word' id='word_1_29' title='bbox 516 517 698 562; x_wconf 84' lang='lat' dir='ltr'>Christus,</span> <span class='ocrx_word' id='word_1_30' title='bbox 723 521 758 552; x_wconf 91' lang='lat' dir='ltr'>et</span> <span class='ocrx_word' id='word_1_31' title='bbox 783 517 935 553; x_wconf 78' lang='lat' dir='ltr'>cessavit</span> <span class='ocrx_word' id='word_1_32' title='bbox 960 516 1115 552; x_wconf 88' lang='lat' dir='ltr'>Ioannis</span> <span class='ocrx_word' id='word_1_33' title='bbox 1142 516 1256 563; x_wconf 86' lang='lat' dir='ltr'>bapti-</span> 
     </span>
     <span class='ocr_line' id='line_1_13' title="bbox 312 566 1256 618; baseline -0.002 -12.07"><span class='ocrx_word' id='word_1_34' title='bbox 312 567 446 618; x_wconf 47' lang='lat' dir='ltr'>«Ergo,</span> <span class='ocrx_word' id='word_1_35' title='bbox 458 567 611 608; x_wconf 80' lang='lat' dir='ltr'>videtur</span> <span class='ocrx_word' id='word_1_36' title='bbox 635 568 743 618; x_wconf 82' lang='lat' dir='ltr'>quod</span> <span class='ocrx_word' id='word_1_37' title='bbox 761 569 934 614; x_wconf 88' lang='lat' dir='ltr'>Ioannes,</span> <span class='ocrx_word' id='word_1_38' title='bbox 954 575 1042 616; x_wconf 90' lang='lat' dir='ltr'>post</span> <span class='ocrx_word' id='word_1_39' title='bbox 1060 566 1256 604; x_wconf 89' lang='lat' dir='ltr'>Christum</span> 
     </span>
     <span class='ocr_line' id='line_1_14' title="bbox 274 620 977 669; baseline -0.004 -9"><span class='ocrx_word' id='word_1_40' title='bbox 274 622 301 656; x_wconf 84' lang='grc'><em>.·-“</em></span> <span class='ocrx_word' id='word_1_41' title='bbox 332 629 445 668; x_wconf 89' lang='lat' dir='ltr'>tum,</span> <span class='ocrx_word' id='word_1_42' title='bbox 465 620 747 660; x_wconf 76' lang='lat' dir='ltr'>nondebuerit</span> <span class='ocrx_word' id='word_1_43' title='bbox 773 620 977 669; x_wconf 85' lang='lat' dir='ltr'>baptizare.</span> 
     </span>
     <span class='ocr_line' id='line_1_15' title="bbox 267 673 1256 742; baseline -0.005 -29"><span class='ocrx_word' id='word_1_44' title='bbox 267 683 312 717; x_wconf 60' lang='grc' dir='ltr'>,ᾖν</span> <span class='ocrx_word' id='word_1_45' title='bbox 306 675 549 742; x_wconf 51' lang='lat' dir='ltr'>Pssumis,</span> <span class='ocrx_word' id='word_1_46' title='bbox 567 673 782 724; x_wconf 85' lang='lat' dir='ltr'>baptismus</span> <span class='ocrx_word' id='word_1_47' title='bbox 808 673 960 710; x_wconf 89' lang='lat' dir='ltr'>Ioannis</span> <span class='ocrx_word' id='word_1_48' title='bbox 988 680 1067 711; x_wconf 88' lang='lat' dir='ltr'>erat</span> <span class='ocrx_word' id='word_1_49' title='bbox 1099 683 1256 721; x_wconf 88' lang='lat' dir='ltr'>praepa-</span> 
     </span>
     <span class='ocr_line' id='line_1_16' title="bbox 326 725 1257 775; baseline -0.004 -10"><span class='ocrx_word' id='word_1_50' title='bbox 326 728 330 731; x_wconf 81' lang='grc'><strong>’</strong></span> <span class='ocrx_word' id='word_1_51' title='bbox 367 726 446 765; x_wconf 71' lang='lat' dir='ltr'>ed</span> <span class='ocrx_word' id='word_1_52' title='bbox 473 726 714 775; x_wconf 84' lang='lat' dir='ltr'>baptismum</span> <span class='ocrx_word' id='word_1_53' title='bbox 747 726 897 763; x_wconf 85' lang='lat' dir='ltr'>Christi.</span> <span class='ocrx_word' id='word_1_54' title='bbox 934 725 1011 763; x_wconf 91' lang='lat' dir='ltr'>Sed</span> <span class='ocrx_word' id='word_1_55' title='bbox 1044 725 1257 774; x_wconf 86' lang='lat' dir='ltr'>baptismus</span> 
     </span>
     <span class='ocr_line' id='line_1_17' title="bbox 325 774 1258 828; baseline -0.004 -10.234"><span class='ocrx_word' id='word_1_56' title='bbox 325 774 356 828; x_wconf 58' lang='lat' dir='ltr'>f,</span> <span class='ocrx_word' id='word_1_57' title='bbox 370 777 541 828; x_wconf 64' lang='lat' dir='ltr'>incoepit</span> <span class='ocrx_word' id='word_1_58' title='bbox 577 778 702 816; x_wconf 81' lang='lat' dir='ltr'>statim</span> <span class='ocrx_word' id='word_1_59' title='bbox 737 777 888 816; x_wconf 89' lang='lat' dir='ltr'>Christo</span> <span class='ocrx_word' id='word_1_60' title='bbox 922 777 1128 827; x_wconf 88' lang='lat' dir='ltr'>baptizato:</span> <span class='ocrx_word' id='word_1_61' title='bbox 1152 777 1258 826; x_wconf 91' lang='lat' dir='ltr'>quia</span> 
     </span>
     <span class='ocr_line' id='line_1_18' title="bbox 187 827 1257 880; baseline -0.003 -10"><span class='ocrx_word' id='word_1_62' title='bbox 187 827 196 834; x_wconf 60' lang='grc'><strong><em>”</em></strong></span> <span class='ocrx_word' id='word_1_63' title='bbox 261 830 264 834; x_wconf 80' lang='grc'><strong>’</strong></span> <span class='ocrx_word' id='word_1_64' title='bbox 321 840 412 870; x_wconf 68' lang='lat' dir='ltr'>suaa</span> <span class='ocrx_word' id='word_1_65' title='bbox 436 831 700 869; x_wconf 80' lang='lat' dir='ltr'>mundissimae</span> <span class='ocrx_word' id='word_1_66' title='bbox 717 833 842 868; x_wconf 87' lang='lat' dir='ltr'>carnis</span> <span class='ocrx_word' id='word_1_67' title='bbox 859 833 934 869; x_wconf 81' lang='lat' dir='ltr'>vim</span> <span class='ocrx_word' id='word_1_68' title='bbox 960 832 1257 880; x_wconf 78' lang='lat' dir='ltr'>regenerativam</span> 
     </span>
     <span class='ocr_line' id='line_1_19' title="bbox 217 878 1259 934; baseline -0.005 -9"><span class='ocrx_word' id='word_1_69' title='bbox 217 929 221 932; x_wconf 47' lang='grc'><strong>,</strong></span> <span class='ocrx_word' id='word_1_70' title='bbox 282 878 290 888; x_wconf 62' lang='grc'><em>’</em></span> <span class='ocrx_word' id='word_1_71' title='bbox 331 885 349 925; x_wconf 81' lang='grc'>’,</span> <span class='ocrx_word' id='word_1_72' title='bbox 372 885 488 934; x_wconf 72' lang='lat' dir='ltr'>aquis,</span> <span class='ocrx_word' id='word_1_73' title='bbox 507 891 551 921; x_wconf 86' lang='grc' dir='ltr'>ιιι</span> <span class='ocrx_word' id='word_1_74' title='bbox 569 883 675 922; x_wconf 82' lang='lat' dir='ltr'>Beda</span> <span class='ocrx_word' id='word_1_75' title='bbox 693 883 782 921; x_wconf 89' lang='lat' dir='ltr'>dicit</span> <span class='ocrx_word' id='word_1_76' title='bbox 798 883 830 920; x_wconf 86' lang='lat'>*.</span> <span class='ocrx_word' id='word_1_77' title='bbox 859 885 962 932; x_wconf 89' lang='lat' dir='ltr'>Ergo</span> <span class='ocrx_word' id='word_1_78' title='bbox 981 883 1132 920; x_wconf 87' lang='lat' dir='ltr'>videtur</span> <span class='ocrx_word' id='word_1_79' title='bbox 1150 883 1259 932; x_wconf 93' lang='lat' dir='ltr'>quod</span> 
     </span>
     <span class='ocr_line' id='line_1_20' title="bbox 189 931 1256 985; baseline -0.005 -8.056"><span class='ocrx_word' id='word_1_80' title='bbox 189 965 194 972; x_wconf 77' lang='lat'>-</span> <span class='ocrx_word' id='word_1_81' title='bbox 274 931 412 978; x_wconf 63' lang='lat' dir='ltr'>“smus</span> <span class='ocrx_word' id='word_1_82' title='bbox 438 936 590 974; x_wconf 83' lang='lat' dir='ltr'>loannis</span> <span class='ocrx_word' id='word_1_83' title='bbox 617 937 840 982; x_wconf 87' lang='lat' dir='ltr'>cessaverit,</span> <span class='ocrx_word' id='word_1_84' title='bbox 870 935 1020 974; x_wconf 90' lang='lat' dir='ltr'>Christo</span> <span class='ocrx_word' id='word_1_85' title='bbox 1055 935 1256 985; x_wconf 88' lang='lat' dir='ltr'>baptizato.</span> 
     </span>
     <span class='ocr_line' id='line_1_21' title="bbox 163 988 1259 1054; baseline -0.002 -27"><span class='ocrx_word' id='word_1_86' title='bbox 163 996 240 1054; x_wconf 69' lang='lat' dir='ltr'>:J</span> <span class='ocrx_word' id='word_1_87' title='bbox 240 1024 242 1026; x_wconf 97' lang='grc'>,</span> <span class='ocrx_word' id='word_1_88' title='bbox 282 995 297 1034; x_wconf 58' lang='grc' dir='ltr'>ᾗ</span> <span class='ocrx_word' id='word_1_89' title='bbox 354 1000 500 1027; x_wconf 73' lang='lat' dir='ltr'>CONTRA</span> <span class='ocrx_word' id='word_1_90' title='bbox 518 1000 584 1026; x_wconf 79' lang='lat' dir='ltr'>EST</span> <span class='ocrx_word' id='word_1_91' title='bbox 611 988 719 1038; x_wconf 91' lang='lat' dir='ltr'>quod</span> <span class='ocrx_word' id='word_1_92' title='bbox 741 988 879 1027; x_wconf 88' lang='lat' dir='ltr'>dicitur</span> <span class='ocrx_word' id='word_1_93' title='bbox 905 989 1010 1026; x_wconf 91' lang='lat' dir='ltr'>Ioan</span> <span class='ocrx_word' id='word_1_94' title='bbox 1029 1001 1063 1026; x_wconf 91' lang='lat'>111</span> <span class='ocrx_word' id='word_1_95' title='bbox 1081 988 1117 1025; x_wconf 76' lang='lat' dir='ltr'>*z</span> <span class='ocrx_word' id='word_1_96' title='bbox 1155 989 1259 1026; x_wconf 82' lang='lat' dir='ltr'>Venit</span> 
     </span>
     <span class='ocr_line' id='line_1_22' title="bbox 303 1041 1258 1091; baseline 0 -13"><span class='ocrx_word' id='word_1_97' title='bbox 303 1043 367 1082; x_wconf 83' lang='lat' dir='ltr'>in</span> <span class='ocrx_word' id='word_1_98' title='bbox 393 1041 580 1079; x_wconf 81' lang='lat' dir='ltr'>Iudaeam</span> <span class='ocrx_word' id='word_1_99' title='bbox 608 1047 748 1079; x_wconf 86' lang='lat' dir='ltr'>terram</span> <span class='ocrx_word' id='word_1_100' title='bbox 776 1047 809 1078; x_wconf 88' lang='lat' dir='ltr'>et</span> <span class='ocrx_word' id='word_1_101' title='bbox 835 1043 1062 1091; x_wconf 66' lang='lat' dir='ltr'>baptizabat:</span> <span class='ocrx_word' id='word_1_102' title='bbox 1089 1047 1168 1078; x_wconf 87' lang='lat' dir='ltr'>erat</span> <span class='ocrx_word' id='word_1_103' title='bbox 1194 1053 1258 1078; x_wconf 87' lang='lat' dir='ltr'>au-</span> 
     </span>
     <span class='ocr_line' id='line_1_23' title="bbox 177 1090 1259 1144; baseline -0.002 -12"><span class='ocrx_word' id='word_1_104' title='bbox 177 1090 199 1117; x_wconf 73' lang='lat'>³</span> <span class='ocrx_word' id='word_1_105' title='bbox 277 1099 340 1137; x_wconf 67' lang='lat' dir='ltr'>l&#39;et-</span> <span class='ocrx_word' id='word_1_106' title='bbox 358 1095 521 1132; x_wconf 77' lang='lat' dir='ltr'>Ioannes</span> <span class='ocrx_word' id='word_1_107' title='bbox 547 1096 745 1144; x_wconf 66' lang='lat' dir='ltr'>baptizans.</span> <span class='ocrx_word' id='word_1_108' title='bbox 775 1095 852 1132; x_wconf 89' lang='lat' dir='ltr'>Sed</span> <span class='ocrx_word' id='word_1_109' title='bbox 881 1094 1054 1132; x_wconf 91' lang='lat' dir='ltr'>Christus</span> <span class='ocrx_word' id='word_1_110' title='bbox 1085 1105 1166 1130; x_wconf 90' lang='lat' dir='ltr'>non</span> <span class='ocrx_word' id='word_1_111' title='bbox 1192 1094 1259 1131; x_wconf 90' lang='lat' dir='ltr'>ba-</span> 
     </span>
     <span class='ocr_line' id='line_1_24' title="bbox 268 1145 1259 1196; baseline -0.002 -11"><span class='ocrx_word' id='word_1_112' title='bbox 268 1145 354 1186; x_wconf 58' lang='lat' dir='ltr'>mvit</span> <span class='ocrx_word' id='word_1_113' title='bbox 379 1146 606 1196; x_wconf 79' lang='lat' dir='ltr'>priusquam</span> <span class='ocrx_word' id='word_1_114' title='bbox 629 1145 643 1176; x_wconf 72' lang='grc' dir='ltr'><strong>β</strong></span> <span class='ocrx_word' id='word_1_115' title='bbox 669 1146 739 1184; x_wconf 81' lang='lat' dir='ltr'>fuit</span> <span class='ocrx_word' id='word_1_116' title='bbox 765 1147 989 1196; x_wconf 86' lang='lat' dir='ltr'>baptizatus.</span> <span class='ocrx_word' id='word_1_117' title='bbox 1024 1147 1126 1195; x_wconf 89' lang='lat' dir='ltr'>Ergo</span> <span class='ocrx_word' id='word_1_118' title='bbox 1153 1146 1259 1183; x_wconf 89' lang='lat' dir='ltr'>vide-</span> 
     </span>
     <span class='ocr_line' id='line_1_25' title="bbox 263 1199 1259 1252; baseline -0.004 -12"><span class='ocrx_word' id='word_1_119' title='bbox 263 1199 409 1252; x_wconf 44' lang='lat' dir='ltr'>Aquod,</span> <span class='ocrx_word' id='word_1_120' title='bbox 426 1207 633 1249; x_wconf 84' lang='lat' dir='ltr'>postquam</span> <span class='ocrx_word' id='word_1_121' title='bbox 659 1199 729 1237; x_wconf 86' lang='lat' dir='ltr'>fuit</span> <span class='ocrx_word' id='word_1_122' title='bbox 756 1199 930 1237; x_wconf 88' lang='lat' dir='ltr'>Christus</span> <span class='ocrx_word' id='word_1_123' title='bbox 952 1199 1173 1249; x_wconf 83' lang='lat' dir='ltr'>baptizatus,</span> <span class='ocrx_word' id='word_1_124' title='bbox 1193 1200 1259 1236; x_wconf 88' lang='lat' dir='ltr'>ad-</span> 
     </span>
     <span class='ocr_line' id='line_1_26' title="bbox 319 1251 720 1302; baseline -0.008 -9"><span class='ocrx_word' id='word_1_125' title='bbox 319 1263 469 1293; x_wconf 69' lang='lat' dir='ltr'>oennes</span> <span class='ocrx_word' id='word_1_126' title='bbox 493 1251 720 1302; x_wconf 80' lang='lat' dir='ltr'>baptizabat.</span> 
     </span>
     <span class='ocr_line' id='line_1_27' title="bbox 333 1304 1260 1354; baseline -0.001 -12"><span class='ocrx_word' id='word_1_127' title='bbox 333 1316 477 1342; x_wconf 73' lang='grc' dir='ltr'>ΡοΝιιεο</span> <span class='ocrx_word' id='word_1_128' title='bbox 505 1316 686 1343; x_wconf 58' lang='lat' dir='ltr'>monimum</span> <span class='ocrx_word' id='word_1_129' title='bbox 717 1305 825 1354; x_wconf 89' lang='lat' dir='ltr'>quod</span> <span class='ocrx_word' id='word_1_130' title='bbox 861 1304 1074 1354; x_wconf 87' lang='lat' dir='ltr'>baptismus</span> <span class='ocrx_word' id='word_1_131' title='bbox 1107 1305 1260 1342; x_wconf 89' lang='lat' dir='ltr'>Ioannis</span> 
     </span>
     <span class='ocr_line' id='line_1_28' title="bbox 326 1357 1259 1407; baseline -0.003 -10"><span class='ocrx_word' id='word_1_132' title='bbox 326 1369 351 1397; x_wconf 72' lang='lat' dir='ltr'>e</span> <span class='ocrx_word' id='word_1_133' title='bbox 365 1369 448 1397; x_wconf 87' lang='lat' dir='ltr'>non</span> <span class='ocrx_word' id='word_1_134' title='bbox 466 1357 610 1403; x_wconf 81' lang='lat' dir='ltr'>debuit,</span> <span class='ocrx_word' id='word_1_135' title='bbox 630 1357 782 1395; x_wconf 92' lang='lat' dir='ltr'>Christo</span> <span class='ocrx_word' id='word_1_136' title='bbox 801 1357 1002 1407; x_wconf 83' lang='lat' dir='ltr'>baptizato.</span> <span class='ocrx_word' id='word_1_137' title='bbox 1029 1357 1160 1394; x_wconf 88' lang='lat' dir='ltr'>Primo</span> <span class='ocrx_word' id='word_1_138' title='bbox 1179 1357 1259 1407; x_wconf 95' lang='lat' dir='ltr'>qui-</span> 
     </span>
     <span class='ocr_line' id='line_1_29' title="bbox 317 1409 1261 1460; baseline -0.002 -11"><span class='ocrx_word' id='word_1_139' title='bbox 317 1409 428 1460; x_wconf 74' lang='lat' dir='ltr'>quia,</span> <span class='ocrx_word' id='word_1_140' title='bbox 454 1418 499 1448; x_wconf 85' lang='lat' dir='ltr'>ut</span> <span class='ocrx_word' id='word_1_141' title='bbox 524 1410 827 1460; x_wconf 86' lang='lat' dir='ltr'>Chrysostomus</span> <span class='ocrx_word' id='word_1_142' title='bbox 853 1410 942 1447; x_wconf 92' lang='lat' dir='ltr'>dicit</span> <span class='ocrx_word' id='word_1_143' title='bbox 966 1410 1006 1457; x_wconf 72' lang='lat'>²¹²,</span> <span class='ocrx_word' id='word_1_144' title='bbox 1032 1412 1066 1447; x_wconf 91' lang='lat' dir='ltr'>si</span> <span class='ocrx_word' id='word_1_145' title='bbox 1091 1416 1261 1448; x_wconf 77' lang='lat' dir='ltr'>cessasset</span> 
     </span>
     <span class='ocr_line' id='line_1_30' title="bbox 274 1462 1262 1513; baseline 0 -13"><span class='ocrx_word' id='word_1_146' title='bbox 274 1508 277 1512; x_wconf 45' lang='lat' dir='ltr'>J</span> <span class='ocrx_word' id='word_1_147' title='bbox 298 1462 309 1477; x_wconf 76' lang='grc'>”</span> <span class='ocrx_word' id='word_1_148' title='bbox 334 1478 357 1495; x_wconf 63' lang='grc' dir='ltr'>κ</span> <span class='ocrx_word' id='word_1_149' title='bbox 381 1464 577 1513; x_wconf 65' lang='lat' dir='ltr'>baptizare,</span> <span class='ocrx_word' id='word_1_150' title='bbox 593 1462 744 1500; x_wconf 90' lang='lat' dir='ltr'>Christo</span> <span class='ocrx_word' id='word_1_151' title='bbox 764 1462 965 1512; x_wconf 88' lang='lat' dir='ltr'>baptizato,</span> <span class='ocrx_word' id='word_1_152' title='bbox 989 1465 1262 1500; x_wconf 84' lang='lat' dir='ltr'>existimaretur</span> 
     </span>
     <span class='ocr_line' id='line_1_31' title="bbox 308 1515 1260 1565; baseline -0.003 -10.138"><span class='ocrx_word' id='word_1_153' title='bbox 308 1515 401 1564; x_wconf 43' lang='lat' dir='ltr'>:zelo</span> <span class='ocrx_word' id='word_1_154' title='bbox 417 1516 477 1555; x_wconf 76' lang='lat' dir='ltr'>vel</span> <span class='ocrx_word' id='word_1_155' title='bbox 487 1517 559 1553; x_wconf 40' lang='lat' dir='ltr'>‘ira</span> <span class='ocrx_word' id='word_1_156' title='bbox 567 1516 727 1564; x_wconf 88' lang='lat' dir='ltr'>faceret.</span> <span class='ocrx_word' id='word_1_157' title='bbox 747 1538 773 1542; x_wconf 91' lang='lat'>—</span> <span class='ocrx_word' id='word_1_158' title='bbox 802 1516 982 1554; x_wconf 91' lang='lat' dir='ltr'>Secundo</span> <span class='ocrx_word' id='word_1_159' title='bbox 1011 1515 1115 1565; x_wconf 88' lang='lat' dir='ltr'>quia,</span> <span class='ocrx_word' id='word_1_160' title='bbox 1135 1515 1166 1552; x_wconf 86' lang='lat' dir='ltr'>si</span> <span class='ocrx_word' id='word_1_161' title='bbox 1185 1528 1260 1553; x_wconf 91' lang='lat' dir='ltr'>ces-</span> 
     </span>
    </p>
   </div>
   <div class='ocr_carea' id='block_1_3' title="bbox 344 1648 830 1681">
    <p class='ocr_par' dir='ltr' id='par_1_3' title="bbox 344 1648 830 1681">
     <span class='ocr_line' id='line_1_32' title="bbox 344 1648 830 1681; baseline 0 -7"><span class='ocrx_word' id='word_1_162' title='bbox 344 1655 465 1680; x_wconf 73' lang='lat' dir='ltr'>usquam.</span> <span class='ocrx_word' id='word_1_163' title='bbox 482 1663 502 1667; x_wconf 91' lang='lat'><em>-</em></span> <span class='ocrx_word' id='word_1_164' title='bbox 519 1648 572 1674; x_wconf 86' lang='lat' dir='ltr'>nisi</span> <span class='ocrx_word' id='word_1_165' title='bbox 584 1652 737 1681; x_wconf 80' lang='lat' dir='ltr'>postquam.</span> <span class='ocrx_word' id='word_1_166' title='bbox 746 1648 830 1674; x_wconf 79' lang='lat' dir='ltr'>tertia.</span> 
     </span>
    </p>
   </div>
   <div class='ocr_carea' id='block_1_4' title="bbox 807 279 1732 327">
    <p class='ocr_par' dir='ltr' id='par_1_4' title="bbox 807 279 1732 327">
     <span class='ocr_line' id='line_1_33' title="bbox 807 279 1732 327; baseline -0.001 -9"><span class='ocrx_word' id='word_1_167' title='bbox 807 296 810 300; x_wconf 89' lang='lat'>·</span> <span class='ocrx_word' id='word_1_168' title='bbox 834 279 1096 327; x_wconf 77' lang='lat' dir='ltr'><strong>QUAESTIO</strong></span> <span class='ocrx_word' id='word_1_169' title='bbox 1125 280 1334 327; x_wconf 86' lang='lat' dir='ltr'><strong>XXXVIII,</strong></span> <span class='ocrx_word' id='word_1_170' title='bbox 1363 280 1655 318; x_wconf 90' lang='lat' dir='ltr'>ARTICULUS</span> <span class='ocrx_word' id='word_1_171' title='bbox 1682 281 1732 317; x_wconf 96' lang='lat' dir='ltr'>VI</span> 
     </span>
    </p>
   </div>
   <div class='ocr_carea' id='block_1_5' title="bbox 2290 282 2363 319">
    <p class='ocr_par' dir='ltr' id='par_1_5' title="bbox 2290 282 2363 319">
     <span class='ocr_line' id='line_1_34' title="bbox 2290 282 2363 319; baseline 0 0"><span class='ocrx_word' id='word_1_172' title='bbox 2290 282 2363 319; x_wconf 86' lang='grc'>385</span> 
     </span>
    </p>
   </div>
   <div class='ocr_carea' id='block_1_6' title="bbox 1304 358 2607 1460">
    <p class='ocr_par' dir='ltr' id='par_1_6' title="bbox 1304 358 2607 671">
     <span class='ocr_line' id='line_1_35' title="bbox 1310 358 2367 410; baseline 0.003 -15"><span class='ocrx_word' id='word_1_173' title='bbox 1310 366 1427 395; x_wconf 89' lang='lat' dir='ltr'>sasset</span> <span class='ocrx_word' id='word_1_174' title='bbox 1454 371 1476 395; x_wconf 91' lang='lat' dir='ltr'>a</span> <span class='ocrx_word' id='word_1_175' title='bbox 1503 358 1706 407; x_wconf 87' lang='lat' dir='ltr'>baptismo,</span> <span class='ocrx_word' id='word_1_176' title='bbox 1737 358 1887 396; x_wconf 90' lang='lat' dir='ltr'>Christo</span> <span class='ocrx_word' id='word_1_177' title='bbox 1915 359 2147 408; x_wconf 85' lang='lat' dir='ltr'>baptizante,</span> <span class='ocrx_word' id='word_1_178' title='bbox 2174 361 2367 410; x_wconf 73' lang='lat' dir='ltr'>discipulos</span> 
     </span>
     <span class='ocr_line' id='line_1_36' title="bbox 1309 412 2405 462; baseline 0.002 -14"><span class='ocrx_word' id='word_1_179' title='bbox 1309 423 1394 448; x_wconf 88' lang='lat' dir='ltr'>suos</span> <span class='ocrx_word' id='word_1_180' title='bbox 1421 413 1458 448; x_wconf 88' lang='lat' dir='ltr'>in</span> <span class='ocrx_word' id='word_1_181' title='bbox 1487 414 1670 448; x_wconf 90' lang='lat' dir='ltr'>maiorem</span> <span class='ocrx_word' id='word_1_182' title='bbox 1697 412 1813 460; x_wconf 64' lang='lat' dir='ltr'>zelum</span> <span class='ocrx_word' id='word_1_183' title='bbox 1841 413 1992 448; x_wconf 86' lang='lat' dir='ltr'>misisset</span> <span class='ocrx_word' id='word_1_184' title='bbox 2009 412 2039 448; x_wconf 69' lang='lat'>²¹⁶.</span> <span class='ocrx_word' id='word_1_185' title='bbox 2060 434 2085 439; x_wconf 87' lang='lat'>—</span> <span class='ocrx_word' id='word_1_186' title='bbox 2113 413 2244 450; x_wconf 89' lang='lat' dir='ltr'>Tertio</span> <span class='ocrx_word' id='word_1_187' title='bbox 2264 413 2365 462; x_wconf 85' lang='lat' dir='ltr'>quia,</span> <span class='ocrx_word' id='word_1_188' title='bbox 2396 418 2405 430; x_wconf 80' lang='lat'>⁸</span> 
     </span>
     <span class='ocr_line' id='line_1_37' title="bbox 1310 463 2368 513; baseline 0.003 -13"><span class='ocrx_word' id='word_1_189' title='bbox 1310 463 1513 512; x_wconf 88' lang='lat' dir='ltr'>persistens</span> <span class='ocrx_word' id='word_1_190' title='bbox 1541 463 1580 501; x_wconf 92' lang='lat' dir='ltr'>in</span> <span class='ocrx_word' id='word_1_191' title='bbox 1607 464 1856 513; x_wconf 87' lang='lat' dir='ltr'>baptizando,</span> <span class='ocrx_word' id='word_1_192' title='bbox 1885 477 1970 501; x_wconf 89' lang='lat' dir='ltr'>suos</span> <span class='ocrx_word' id='word_1_193' title='bbox 1997 466 2181 502; x_wconf 85' lang='lat' dir='ltr'>auditores</span> <span class='ocrx_word' id='word_1_194' title='bbox 2207 467 2368 504; x_wconf 84' lang='lat' dir='ltr'>mittebat</span> 
     </span>
     <span class='ocr_line' id='line_1_38' title="bbox 1311 516 2366 565; baseline 0.002 -12"><span class='ocrx_word' id='word_1_195' title='bbox 1311 516 1362 553; x_wconf 84' lang='lat' dir='ltr'>ad</span> <span class='ocrx_word' id='word_1_196' title='bbox 1390 517 1575 553; x_wconf 87' lang='lat' dir='ltr'>Christum</span> <span class='ocrx_word' id='word_1_197' title='bbox 1593 516 1623 553; x_wconf 61' lang='lat'>³⁶.</span> <span class='ocrx_word' id='word_1_198' title='bbox 1653 539 1678 543; x_wconf 98' lang='lat'><em>-</em></span> <span class='ocrx_word' id='word_1_199' title='bbox 1706 517 1855 563; x_wconf 90' lang='lat' dir='ltr'>Quarto</span> <span class='ocrx_word' id='word_1_200' title='bbox 1884 517 1985 565; x_wconf 90' lang='lat' dir='ltr'>quia,</span> <span class='ocrx_word' id='word_1_201' title='bbox 2013 525 2054 554; x_wconf 93' lang='lat' dir='ltr'>ut</span> <span class='ocrx_word' id='word_1_202' title='bbox 2081 518 2187 554; x_wconf 90' lang='lat' dir='ltr'>Beda</span> <span class='ocrx_word' id='word_1_203' title='bbox 2207 518 2247 540; x_wconf 65' lang='lat'>*²¹²</span> <span class='ocrx_word' id='word_1_204' title='bbox 2265 518 2366 565; x_wconf 90' lang='lat' dir='ltr'>dicit,</span> 
     </span>
     <span class='ocr_line' id='line_1_39' title="bbox 1310 558 2606 656; baseline 0.003 -51"><span class='ocrx_word' id='word_1_205' title='bbox 1310 569 1431 606; x_wconf 88' lang='lat' dir='ltr'>adhuc</span> <span class='ocrx_word' id='word_1_206' title='bbox 1448 571 1692 618; x_wconf 85' lang='lat' dir='ltr'>permanebat</span> <span class='ocrx_word' id='word_1_207' title='bbox 1719 572 1853 606; x_wconf 86' lang='lat' dir='ltr'>umbra</span> <span class='ocrx_word' id='word_1_208' title='bbox 1879 571 2008 606; x_wconf 85' lang='lat' dir='ltr'>veteris</span> <span class='ocrx_word' id='word_1_209' title='bbox 2031 570 2144 619; x_wconf 82' lang='lat' dir='ltr'>legis:</span> <span class='ocrx_word' id='word_1_210' title='bbox 2171 583 2238 607; x_wconf 89' lang='lat' dir='ltr'>nec</span> <span class='ocrx_word' id='word_1_211' title='bbox 2265 571 2367 608; x_wconf 83' lang='lat' dir='ltr'>debet</span> <span class='ocrx_word' id='word_1_212' title='bbox 2393 584 2446 656; x_wconf 54' lang='lat'>{¹5¹5</span> <span class='ocrx_word' id='word_1_213' title='bbox 2454 558 2521 626; x_wconf 51' lang='grc' dir='ltr'>ἕιοςῖ</span> <span class='ocrx_word' id='word_1_214' title='bbox 2511 594 2606 625; x_wconf 44' lang='lat' dir='ltr'><strong>lllllll</strong></span> 
     </span>
     <span class='ocr_line' id='line_1_40' title="bbox 1304 611 2607 705; baseline 0.002 -47"><span class='ocrx_word' id='word_1_215' title='bbox 1304 633 1535 670; x_wconf 83' lang='lat' dir='ltr'>praecursor</span> <span class='ocrx_word' id='word_1_216' title='bbox 1560 634 1704 659; x_wconf 88' lang='lat' dir='ltr'>cessare</span> <span class='ocrx_word' id='word_1_217' title='bbox 1721 623 1838 659; x_wconf 88' lang='lat' dir='ltr'>donec</span> <span class='ocrx_word' id='word_1_218' title='bbox 1863 624 1998 660; x_wconf 75' lang='lat' dir='ltr'>veritas</span> <span class='ocrx_word' id='word_1_219' title='bbox 2024 624 2287 671; x_wconf 74' lang='lat' dir='ltr'>manifestetur.</span> <span class='ocrx_word' id='word_1_220' title='bbox 2426 611 2543 705; x_wconf 51' lang='grc' dir='ltr'>ηειίὃῗή-</span> <span class='ocrx_word' id='word_1_221' title='bbox 2538 620 2544 630; x_wconf 87' lang='grc'><strong>’</strong></span> <span class='ocrx_word' id='word_1_222' title='bbox 2599 620 2607 626; x_wconf 83' lang='lat'>&#39;</span> 
     </span>
    </p>

    <p class='ocr_par' dir='ltr' id='par_1_7' title="bbox 1311 663 2428 869">
     <span class='ocr_line' id='line_1_41' title="bbox 1364 663 2428 724; baseline 0.002 -14"><span class='ocrx_word' id='word_1_223' title='bbox 1364 675 1421 710; x_wconf 84' lang='lat' dir='ltr'>AD</span> <span class='ocrx_word' id='word_1_224' title='bbox 1443 685 1578 711; x_wconf 80' lang='grc' dir='ltr'>ΡιιιΜυΜ</span> <span class='ocrx_word' id='word_1_225' title='bbox 1603 686 1702 711; x_wconf 82' lang='lat' dir='ltr'>ERGO</span> <span class='ocrx_word' id='word_1_226' title='bbox 1720 686 1901 711; x_wconf 84' lang='lat' dir='ltr'><strong>DICENDUM</strong></span> <span class='ocrx_word' id='word_1_227' title='bbox 1929 676 2036 724; x_wconf 92' lang='lat' dir='ltr'>quod</span> <span class='ocrx_word' id='word_1_228' title='bbox 2061 676 2238 712; x_wconf 90' lang='lat' dir='ltr'>nondum</span> <span class='ocrx_word' id='word_1_229' title='bbox 2259 676 2367 713; x_wconf 88' lang='lat' dir='ltr'>Chri·</span> <span class='ocrx_word' id='word_1_230' title='bbox 2393 663 2428 704; x_wconf 71' lang='lat'>11⁰</span> 
     </span>
     <span class='ocr_line' id='line_1_42' title="bbox 1312 727 2366 777; baseline 0.002 -14"><span class='ocrx_word' id='word_1_231' title='bbox 1312 734 1390 763; x_wconf 92' lang='lat' dir='ltr'>stus</span> <span class='ocrx_word' id='word_1_232' title='bbox 1409 734 1489 763; x_wconf 90' lang='lat' dir='ltr'>erat</span> <span class='ocrx_word' id='word_1_233' title='bbox 1506 728 1618 776; x_wconf 87' lang='lat' dir='ltr'>plene</span> <span class='ocrx_word' id='word_1_234' title='bbox 1632 727 1901 774; x_wconf 85' lang='lat' dir='ltr'>manifestatus,</span> <span class='ocrx_word' id='word_1_235' title='bbox 1918 740 1964 764; x_wconf 91' lang='lat' dir='ltr'>eo</span> <span class='ocrx_word' id='word_1_236' title='bbox 1984 728 2183 777; x_wconf 85' lang='lat' dir='ltr'>baptizato.</span> <span class='ocrx_word' id='word_1_237' title='bbox 2213 729 2262 765; x_wconf 91' lang='lat' dir='ltr'>Et</span> <span class='ocrx_word' id='word_1_238' title='bbox 2279 729 2366 765; x_wconf 89' lang='lat' dir='ltr'>ideo</span> 
     </span>
     <span class='ocr_line' id='line_1_43' title="bbox 1311 779 2368 830; baseline 0.002 -14"><span class='ocrx_word' id='word_1_239' title='bbox 1311 779 1440 816; x_wconf 90' lang='lat' dir='ltr'>adhuc</span> <span class='ocrx_word' id='word_1_240' title='bbox 1479 779 1738 816; x_wconf 89' lang='lat' dir='ltr'>necessarium</span> <span class='ocrx_word' id='word_1_241' title='bbox 1780 787 1859 818; x_wconf 91' lang='lat' dir='ltr'>erat</span> <span class='ocrx_word' id='word_1_242' title='bbox 1897 780 2003 829; x_wconf 90' lang='lat' dir='ltr'>quod</span> <span class='ocrx_word' id='word_1_243' title='bbox 2045 782 2205 818; x_wconf 89' lang='lat' dir='ltr'>Ioannes</span> <span class='ocrx_word' id='word_1_244' title='bbox 2247 781 2368 830; x_wconf 89' lang='lat' dir='ltr'>bapti-</span> 
     </span>
     <span class='ocr_line' id='line_1_44' title="bbox 1311 839 1423 869; baseline -0.009 0"><span class='ocrx_word' id='word_1_245' title='bbox 1311 839 1423 869; x_wconf 91' lang='lat' dir='ltr'>zaret.</span> 
     </span>
    </p>

    <p class='ocr_par' dir='ltr' id='par_1_8' title="bbox 1310 885 2519 1302">
     <span class='ocr_line' id='line_1_45' title="bbox 1364 885 2367 935; baseline 0.001 -13"><span class='ocrx_word' id='word_1_246' title='bbox 1364 886 1421 921; x_wconf 84' lang='lat' dir='ltr'>An</span> <span class='ocrx_word' id='word_1_247' title='bbox 1441 897 1629 922; x_wconf 74' lang='lat' dir='ltr'>SECUNDUM</span> <span class='ocrx_word' id='word_1_248' title='bbox 1652 897 1833 922; x_wconf 79' lang='lat' dir='ltr'><strong>DICENDUM</strong></span> <span class='ocrx_word' id='word_1_249' title='bbox 1856 885 1974 934; x_wconf 91' lang='lat' dir='ltr'>quod,</span> <span class='ocrx_word' id='word_1_250' title='bbox 1993 885 2182 935; x_wconf 87' lang='lat' dir='ltr'>baptizato</span> <span class='ocrx_word' id='word_1_251' title='bbox 2203 886 2367 933; x_wconf 92' lang='lat' dir='ltr'>Christo,</span> 
     </span>
     <span class='ocr_line' id='line_1_46' title="bbox 1312 937 2367 986; baseline 0.002 -12"><span class='ocrx_word' id='word_1_252' title='bbox 1312 937 1472 974; x_wconf 86' lang='lat' dir='ltr'>cessavit</span> <span class='ocrx_word' id='word_1_253' title='bbox 1499 938 1710 986; x_wconf 87' lang='lat' dir='ltr'>baptismus</span> <span class='ocrx_word' id='word_1_254' title='bbox 1744 938 1915 974; x_wconf 87' lang='lat' dir='ltr'>loannis:</span> <span class='ocrx_word' id='word_1_255' title='bbox 1951 950 2032 974; x_wconf 91' lang='lat' dir='ltr'>non</span> <span class='ocrx_word' id='word_1_256' title='bbox 2059 946 2187 975; x_wconf 85' lang='lat' dir='ltr'>tamen</span> <span class='ocrx_word' id='word_1_257' title='bbox 2222 939 2367 985; x_wconf 88' lang='lat' dir='ltr'>statim,</span> 
     </span>
     <span class='ocr_line' id='line_1_47' title="bbox 1312 990 2368 1040; baseline 0.002 -14"><span class='ocrx_word' id='word_1_258' title='bbox 1312 990 1380 1026; x_wconf 92' lang='lat' dir='ltr'>sed</span> <span class='ocrx_word' id='word_1_259' title='bbox 1412 1002 1458 1026; x_wconf 92' lang='lat' dir='ltr'>eo</span> <span class='ocrx_word' id='word_1_260' title='bbox 1495 990 1740 1027; x_wconf 89' lang='lat' dir='ltr'>incarcerato.</span> <span class='ocrx_word' id='word_1_261' title='bbox 1781 991 1893 1027; x_wconf 88' lang='lat' dir='ltr'>Unde</span> <span class='ocrx_word' id='word_1_262' title='bbox 1929 991 2228 1040; x_wconf 90' lang='lat' dir='ltr'>Chrysostomus</span> <span class='ocrx_word' id='word_1_263' title='bbox 2262 991 2368 1038; x_wconf 86' lang='lat' dir='ltr'>dicit,</span> 
     </span>
     <span class='ocr_line' id='line_1_48' title="bbox 1310 1042 2519 1093; baseline 0.002 -14"><span class='ocrx_word' id='word_1_264' title='bbox 1310 1055 1422 1092; x_wconf 87' lang='lat' dir='ltr'>super</span> <span class='ocrx_word' id='word_1_265' title='bbox 1438 1044 1546 1079; x_wconf 88' lang='lat' dir='ltr'>Ioan.</span> <span class='ocrx_word' id='word_1_266' title='bbox 1567 1042 1602 1078; x_wconf 73' lang='grc' dir='ltr'>*ε</span> <span class='ocrx_word' id='word_1_267' title='bbox 1621 1044 1784 1079; x_wconf 89' lang='lat' dir='ltr'>Aestimo</span> <span class='ocrx_word' id='word_1_268' title='bbox 1798 1049 1953 1092; x_wconf 88' lang='lat' dir='ltr'>propter</span> <span class='ocrx_word' id='word_1_269' title='bbox 1970 1045 2040 1080; x_wconf 89' lang='lat' dir='ltr'>hoc</span> <span class='ocrx_word' id='word_1_270' title='bbox 2053 1046 2275 1093; x_wconf 84' lang='lat' dir='ltr'>permissam</span> <span class='ocrx_word' id='word_1_271' title='bbox 2294 1056 2371 1081; x_wconf 87' lang='lat' dir='ltr'>esse</span> <span class='ocrx_word' id='word_1_272' title='bbox 2397 1053 2519 1075; x_wconf 75' lang='lat' dir='ltr'>’Luc-cit-</span> 
     </span>
     <span class='ocr_line' id='line_1_49' title="bbox 1312 1096 2370 1142; baseline 0.002 -11"><span class='ocrx_word' id='word_1_273' title='bbox 1312 1100 1468 1132; x_wconf 89' lang='lat' dir='ltr'>mortem</span> <span class='ocrx_word' id='word_1_274' title='bbox 1486 1097 1652 1140; x_wconf 85' lang='lat' dir='ltr'>Ioannis,</span> <span class='ocrx_word' id='word_1_275' title='bbox 1673 1101 1717 1140; x_wconf 84' lang='lat' dir='ltr'>et,</span> <span class='ocrx_word' id='word_1_276' title='bbox 1738 1107 1780 1132; x_wconf 88' lang='lat' dir='ltr'>eo</span> <span class='ocrx_word' id='word_1_277' title='bbox 1798 1096 1940 1132; x_wconf 84' lang='lat' dir='ltr'>sublato</span> <span class='ocrx_word' id='word_1_278' title='bbox 1967 1096 2012 1132; x_wconf 90' lang='lat' dir='ltr'>de</span> <span class='ocrx_word' id='word_1_279' title='bbox 2029 1097 2161 1142; x_wconf 83' lang='lat' dir='ltr'>medio,</span> <span class='ocrx_word' id='word_1_280' title='bbox 2186 1098 2370 1133; x_wconf 86' lang='lat' dir='ltr'>Christum</span> 
     </span>
     <span class='ocr_line' id='line_1_50' title="bbox 1312 1148 2370 1196; baseline 0.003 -13"><span class='ocrx_word' id='word_1_281' title='bbox 1312 1149 1479 1184; x_wconf 86' lang='lat' dir='ltr'>maxime</span> <span class='ocrx_word' id='word_1_282' title='bbox 1491 1148 1715 1196; x_wconf 84' lang='lat' dir='ltr'>praedicare</span> <span class='ocrx_word' id='word_1_283' title='bbox 1741 1149 1911 1196; x_wconf 78' lang='lat' dir='ltr'>coepisse,</span> <span class='ocrx_word' id='word_1_284' title='bbox 1932 1154 1970 1184; x_wconf 87' lang='lat' dir='ltr'>ut</span> <span class='ocrx_word' id='word_1_285' title='bbox 1989 1151 2109 1185; x_wconf 91' lang='lat' dir='ltr'>omnis</span> <span class='ocrx_word' id='word_1_286' title='bbox 2134 1150 2370 1186; x_wconf 86' lang='lat' dir='ltr'>multitudinis</span> 
     </span>
     <span class='ocr_line' id='line_1_51' title="bbox 1313 1199 2371 1249; baseline 0.003 -13"><span class='ocrx_word' id='word_1_287' title='bbox 1313 1199 1459 1249; x_wconf 87' lang='lat' dir='ltr'>affectio</span> <span class='ocrx_word' id='word_1_288' title='bbox 1487 1199 1538 1237; x_wconf 85' lang='lat' dir='ltr'>ad</span> <span class='ocrx_word' id='word_1_289' title='bbox 1567 1201 1751 1236; x_wconf 85' lang='lat' dir='ltr'>Christum</span> <span class='ocrx_word' id='word_1_290' title='bbox 1785 1202 1974 1246; x_wconf 87' lang='lat' dir='ltr'>transiret,</span> <span class='ocrx_word' id='word_1_291' title='bbox 2007 1207 2041 1237; x_wconf 89' lang='lat' dir='ltr'>et</span> <span class='ocrx_word' id='word_1_292' title='bbox 2077 1213 2150 1238; x_wconf 90' lang='lat' dir='ltr'>non</span> <span class='ocrx_word' id='word_1_293' title='bbox 2186 1202 2282 1238; x_wconf 88' lang='lat' dir='ltr'>ultra</span> <span class='ocrx_word' id='word_1_294' title='bbox 2316 1203 2371 1239; x_wconf 87' lang='lat' dir='ltr'>his</span> 
     </span>
     <span class='ocr_line' id='line_1_52' title="bbox 1314 1253 2511 1302; baseline 0.002 -13"><span class='ocrx_word' id='word_1_295' title='bbox 1314 1265 1408 1302; x_wconf 89' lang='lat' dir='ltr'>quae</span> <span class='ocrx_word' id='word_1_296' title='bbox 1435 1253 1480 1289; x_wconf 88' lang='lat' dir='ltr'>de</span> <span class='ocrx_word' id='word_1_297' title='bbox 1507 1258 1660 1301; x_wconf 89' lang='lat' dir='ltr'>utroque</span> <span class='ocrx_word' id='word_1_298' title='bbox 1683 1258 1789 1289; x_wconf 89' lang='lat' dir='ltr'>erant</span> <span class='ocrx_word' id='word_1_299' title='bbox 1814 1254 1997 1289; x_wconf 87' lang='lat' dir='ltr'>sententiis</span> <span class='ocrx_word' id='word_1_300' title='bbox 2019 1254 2272 1291; x_wconf 85' lang='lat' dir='ltr'>scinderentur</span> <span class='ocrx_word' id='word_1_301' title='bbox 2290 1260 2316 1290; x_wconf 72' lang='grc' dir='ltr'>Υ.</span> <span class='ocrx_word' id='word_1_302' title='bbox 2494 1257 2511 1282; x_wconf 82' lang='grc' dir='ltr'>Υ</span> 
     </span>
    </p>

    <p class='ocr_par' dir='ltr' id='par_1_9' title="bbox 1314 1305 2372 1460">
     <span class='ocr_line' id='line_1_53' title="bbox 1366 1305 2371 1355; baseline 0.002 -14"><span class='ocrx_word' id='word_1_303' title='bbox 1366 1306 1423 1342; x_wconf 83' lang='lat' dir='ltr'>An</span> <span class='ocrx_word' id='word_1_304' title='bbox 1451 1317 1609 1342; x_wconf 71' lang='lat' dir='ltr'>TER‘nUM</span> <span class='ocrx_word' id='word_1_305' title='bbox 1635 1316 1816 1342; x_wconf 80' lang='lat' dir='ltr'><strong>DICENDUM</strong></span> <span class='ocrx_word' id='word_1_306' title='bbox 1843 1306 1950 1354; x_wconf 91' lang='lat' dir='ltr'>quod</span> <span class='ocrx_word' id='word_1_307' title='bbox 1977 1305 2189 1355; x_wconf 83' lang='lat' dir='ltr'>baptismus</span> <span class='ocrx_word' id='word_1_308' title='bbox 2220 1306 2371 1343; x_wconf 89' lang='lat' dir='ltr'>Ioannis</span> 
     </span>
     <span class='ocr_line' id='line_1_54' title="bbox 1314 1357 2371 1408; baseline 0.002 -14"><span class='ocrx_word' id='word_1_309' title='bbox 1314 1357 1620 1407; x_wconf 81' lang='lat' dir='ltr'>praeparatorius</span> <span class='ocrx_word' id='word_1_310' title='bbox 1634 1365 1723 1404; x_wconf 90' lang='lat' dir='ltr'>erat,</span> <span class='ocrx_word' id='word_1_311' title='bbox 1739 1370 1819 1394; x_wconf 91' lang='lat' dir='ltr'>non</span> <span class='ocrx_word' id='word_1_312' title='bbox 1834 1359 1961 1395; x_wconf 90' lang='lat' dir='ltr'>solum</span> <span class='ocrx_word' id='word_1_313' title='bbox 1980 1358 2029 1395; x_wconf 91' lang='lat' dir='ltr'>ad</span> <span class='ocrx_word' id='word_1_314' title='bbox 2047 1359 2123 1395; x_wconf 89' lang='lat' dir='ltr'>hoc</span> <span class='ocrx_word' id='word_1_315' title='bbox 2141 1358 2247 1408; x_wconf 91' lang='lat' dir='ltr'>quod</span> <span class='ocrx_word' id='word_1_316' title='bbox 2264 1359 2371 1396; x_wconf 91' lang='lat' dir='ltr'>Chri-</span> 
     </span>
     <span class='ocr_line' id='line_1_55' title="bbox 1315 1410 2372 1460; baseline 0.001 -13"><span class='ocrx_word' id='word_1_317' title='bbox 1315 1418 1394 1447; x_wconf 87' lang='lat' dir='ltr'>stus</span> <span class='ocrx_word' id='word_1_318' title='bbox 1413 1410 1676 1459; x_wconf 79' lang='lat' dir='ltr'>baptizaretur,</span> <span class='ocrx_word' id='word_1_319' title='bbox 1697 1411 1764 1448; x_wconf 92' lang='lat' dir='ltr'>sed</span> <span class='ocrx_word' id='word_1_320' title='bbox 1783 1411 1831 1447; x_wconf 86' lang='lat' dir='ltr'>ad</span> <span class='ocrx_word' id='word_1_321' title='bbox 1850 1412 1926 1448; x_wconf 91' lang='lat' dir='ltr'>hoc</span> <span class='ocrx_word' id='word_1_322' title='bbox 1945 1412 2052 1460; x_wconf 91' lang='lat' dir='ltr'>quod</span> <span class='ocrx_word' id='word_1_323' title='bbox 2079 1411 2139 1448; x_wconf 86' lang='lat' dir='ltr'>alii</span> <span class='ocrx_word' id='word_1_324' title='bbox 2165 1412 2213 1448; x_wconf 90' lang='lat' dir='ltr'>ad</span> <span class='ocrx_word' id='word_1_325' title='bbox 2234 1412 2372 1449; x_wconf 87' lang='lat' dir='ltr'>Christi</span> 
     </span>
    </p>
   </div>
   <div class='ocr_carea' id='block_1_7' title="bbox 1314 1463 2371 1512">
    <p class='ocr_par' dir='ltr' id='par_1_10' title="bbox 1314 1463 2371 1512">
     <span class='ocr_line' id='line_1_56' title="bbox 1314 1463 2371 1512; baseline 0.001 -12"><span class='ocrx_word' id='word_1_326' title='bbox 1314 1463 1550 1512; x_wconf 90' lang='lat' dir='ltr'>baptismum</span> <span class='ocrx_word' id='word_1_327' title='bbox 1578 1463 1812 1500; x_wconf 91' lang='lat' dir='ltr'>accederent.</span> <span class='ocrx_word' id='word_1_328' title='bbox 1855 1464 1974 1510; x_wconf 88' lang='lat' dir='ltr'>Quod</span> <span class='ocrx_word' id='word_1_329' title='bbox 2002 1464 2179 1501; x_wconf 89' lang='lat' dir='ltr'>nondum</span> <span class='ocrx_word' id='word_1_330' title='bbox 2206 1464 2275 1502; x_wconf 88' lang='lat' dir='ltr'>fuit</span> <span class='ocrx_word' id='word_1_331' title='bbox 2302 1464 2371 1501; x_wconf 92' lang='lat' dir='ltr'>im-</span> 
     </span>
    </p>
   </div>
   <div class='ocr_carea' id='block_1_8' title="bbox 1315 1516 1875 1566">
    <p class='ocr_par' dir='ltr' id='par_1_11' title="bbox 1315 1516 1875 1566">
     <span class='ocr_line' id='line_1_57' title="bbox 1315 1516 1875 1566; baseline 0.002 -14"><span class='ocrx_word' id='word_1_332' title='bbox 1315 1518 1473 1565; x_wconf 89' lang='lat' dir='ltr'>pletum,</span> <span class='ocrx_word' id='word_1_333' title='bbox 1495 1516 1645 1553; x_wconf 90' lang='lat' dir='ltr'>Christo</span> <span class='ocrx_word' id='word_1_334' title='bbox 1674 1516 1875 1566; x_wconf 89' lang='lat' dir='ltr'>baptizato.</span> 
     </span>
    </p>
   </div>
   <div class='ocr_carea' id='block_1_9' title="bbox 1365 1646 1873 1681">
    <p class='ocr_par' dir='ltr' id='par_1_12' title="bbox 1365 1646 1873 1681">
     <span class='ocr_line' id='line_1_58' title="bbox 1365 1646 1873 1681; baseline 0.002 -8"><span class='ocrx_word' id='word_1_335' title='bbox 1365 1646 1393 1681; x_wconf 84' lang='grc' dir='ltr'>γ)</span> <span class='ocrx_word' id='word_1_336' title='bbox 1412 1648 1606 1674; x_wconf 82' lang='lat' dir='ltr'>scinderentur.</span> <span class='ocrx_word' id='word_1_337' title='bbox 1624 1663 1643 1668; x_wconf 94' lang='lat'><em>-</em></span> <span class='ocrx_word' id='word_1_338' title='bbox 1660 1649 1828 1674; x_wconf 83' lang='lat' dir='ltr'>scinderetur</span> <span class='ocrx_word' id='word_1_339' title='bbox 1846 1649 1873 1675; x_wconf 90' lang='lat' dir='ltr'>P.</span> 
     </span>
    </p>
   </div>
   <div class='ocr_carea' id='block_1_10' title="bbox 875 1727 1700 1761">
    <p class='ocr_par' dir='ltr' id='par_1_13' title="bbox 875 1727 1700 1761">
     <span class='ocr_line' id='line_1_59' title="bbox 875 1727 1700 1761; baseline -0.004 0"><span class='ocrx_word' id='word_1_340' title='bbox 875 1727 1209 1761; x_wconf 65' lang='lat' dir='ltr'>Commenta-xia</span> <span class='ocrx_word' id='word_1_341' title='bbox 1229 1727 1479 1761; x_wconf 73' lang='lat' dir='ltr'>Garamans</span> <span class='ocrx_word' id='word_1_342' title='bbox 1501 1727 1700 1760; x_wconf 77' lang='lat' dir='ltr'>Caietam</span> 
     </span>
    </p>
   </div>
   <div class='ocr_carea' id='block_1_11' title="bbox 263 1799 2373 1862">
    <p class='ocr_par' dir='ltr' id='par_1_14' title="bbox 263 1799 2373 1862">
     <span class='ocr_line' id='line_1_60' title="bbox 263 1799 2373 1862; baseline 0 -23"><span class='ocrx_word' id='word_1_343' title='bbox 263 1799 309 1835; x_wconf 76' lang='lat'>·&#39;·</span> <span class='ocrx_word' id='word_1_344' title='bbox 333 1816 371 1839; x_wconf 78' lang='lat' dir='ltr'>ns</span> <span class='ocrx_word' id='word_1_345' title='bbox 408 1808 519 1840; x_wconf 85' lang='lat' dir='ltr'>clarus.</span> <span class='ocrx_word' id='word_1_346' title='bbox 542 1826 566 1831; x_wconf 90' lang='lat'><em>-</em></span> <span class='ocrx_word' id='word_1_347' title='bbox 594 1807 630 1839; x_wconf 88' lang='lat' dir='ltr'>In</span> <span class='ocrx_word' id='word_1_348' title='bbox 660 1817 796 1849; x_wconf 88' lang='lat' dir='ltr'>corpore</span> <span class='ocrx_word' id='word_1_349' title='bbox 825 1817 890 1838; x_wconf 86' lang='lat' dir='ltr'>una</span> <span class='ocrx_word' id='word_1_350' title='bbox 924 1807 1110 1838; x_wconf 87' lang='lat' dir='ltr'>conclusio:</span> <span class='ocrx_word' id='word_1_351' title='bbox 1149 1807 1261 1848; x_wconf 82' lang='lat' dir='ltr'>Bapti-</span> <span class='ocrx_word' id='word_1_352' title='bbox 1285 1809 1289 1862; x_wconf 82' lang='grc' dir='ltr'>Ι</span> <span class='ocrx_word' id='word_1_353' title='bbox 1315 1805 1538 1846; x_wconf 87' lang='lat' dir='ltr'>dedignaretur</span> <span class='ocrx_word' id='word_1_354' title='bbox 1553 1807 1790 1837; x_wconf 87' lang='lat' dir='ltr'>subministrare</span> <span class='ocrx_word' id='word_1_355' title='bbox 1803 1807 1930 1838; x_wconf 87' lang='lat' dir='ltr'>Christo</span> <span class='ocrx_word' id='word_1_356' title='bbox 1947 1808 2082 1848; x_wconf 87' lang='lat' dir='ltr'>amplius</span> <span class='ocrx_word' id='word_1_357' title='bbox 2098 1818 2155 1848; x_wconf 91' lang='lat' dir='ltr'>per</span> <span class='ocrx_word' id='word_1_358' title='bbox 2169 1810 2373 1849; x_wconf 87' lang='lat' dir='ltr'>baptismum,</span> 
     </span>
    </p>
   </div>
   <div class='ocr_carea' id='block_1_12' title="bbox 0 1777 395 2306">
    <p class='ocr_par' dir='ltr' id='par_1_15' title="bbox 0 1777 395 2306">
     <span class='ocr_line' id='line_1_61' title="bbox 0 1777 364 2004; baseline 0 -114"><span class='ocrx_word' id='word_1_359' title='bbox 0 1777 364 2004; x_wconf 95' lang='lat' dir='ltr'>     </span> 
     </span>
     <span class='ocr_line' id='line_1_62' title="bbox 0 2004 395 2306; baseline 0 -262"><span class='ocrx_word' id='word_1_360' title='bbox 0 2004 395 2306; x_wconf 95' lang='lat' dir='ltr'>     </span> 
     </span>
    </p>
   </div>
   <div class='ocr_carea' id='block_1_13' title="bbox 380 1896 638 1937">
    <p class='ocr_par' dir='ltr' id='par_1_16' title="bbox 380 1896 638 1937">
     <span class='ocr_line' id='line_1_63' title="bbox 380 1896 638 1937; baseline -0.004 -10"><span class='ocrx_word' id='word_1_361' title='bbox 380 1896 638 1937; x_wconf 77' lang='lat' dir='ltr'>quadrupliciter.</span> 
     </span>
    </p>
   </div>
   <div class='ocr_carea' id='block_1_14' title="bbox 332 1983 1264 2111">
    <p class='ocr_par' dir='ltr' id='par_1_17' title="bbox 332 1983 1264 2111">
     <span class='ocr_line' id='line_1_64' title="bbox 332 1983 1263 2024; baseline -0.003 -8"><span class='ocrx_word' id='word_1_362' title='bbox 332 1985 353 2022; x_wconf 84' lang='lat'>⁰,</span> <span class='ocrx_word' id='word_1_363' title='bbox 374 1983 506 2018; x_wconf 81' lang='lat' dir='ltr'>Christo</span> <span class='ocrx_word' id='word_1_364' title='bbox 533 1984 707 2024; x_wconf 87' lang='lat' dir='ltr'>baptizato,</span> <span class='ocrx_word' id='word_1_365' title='bbox 731 1984 866 2015; x_wconf 88' lang='lat' dir='ltr'>Ioannes</span> <span class='ocrx_word' id='word_1_366' title='bbox 893 1988 1053 2019; x_wconf 82' lang='lat' dir='ltr'>cessasset,</span> <span class='ocrx_word' id='word_1_367' title='bbox 1076 1983 1181 2023; x_wconf 84' lang='lat' dir='ltr'>putari</span> <span class='ocrx_word' id='word_1_368' title='bbox 1203 1992 1263 2023; x_wconf 88' lang='lat' dir='ltr'>po-</span> 
     </span>
     <span class='ocr_line' id='line_1_65' title="bbox 337 2027 1263 2072; baseline -0.002 -12"><span class='ocrx_word' id='word_1_369' title='bbox 337 2027 427 2072; x_wconf 69' lang='lat' dir='ltr'>quod</span> <span class='ocrx_word' id='word_1_370' title='bbox 448 2034 554 2059; x_wconf 87' lang='lat' dir='ltr'>tantae</span> <span class='ocrx_word' id='word_1_371' title='bbox 577 2027 695 2058; x_wconf 90' lang='lat' dir='ltr'>Christi</span> <span class='ocrx_word' id='word_1_372' title='bbox 718 2027 945 2059; x_wconf 80' lang='lat' dir='ltr'>excellentiae</span> <span class='ocrx_word' id='word_1_373' title='bbox 937 2037 971 2059; x_wconf 86' lang='lat' dir='ltr'>m</span> <span class='ocrx_word' id='word_1_374' title='bbox 985 2027 1144 2067; x_wconf 85' lang='lat' dir='ltr'>baptismo</span> <span class='ocrx_word' id='word_1_375' title='bbox 1168 2037 1263 2058; x_wconf 88' lang='lat' dir='ltr'>mon-</span> 
     </span>
     <span class='ocr_line' id='line_1_66' title="bbox 341 2063 1264 2111; baseline -0.002 -8"><span class='ocrx_word' id='word_1_376' title='bbox 341 2063 506 2104; x_wconf 84' lang='lat' dir='ltr'>invidisset</span> <span class='ocrx_word' id='word_1_377' title='bbox 535 2072 686 2108; x_wconf 88' lang='lat' dir='ltr'>Ioannes;</span> <span class='ocrx_word' id='word_1_378' title='bbox 717 2077 762 2108; x_wconf 86' lang='lat' dir='ltr'>et,</span> <span class='ocrx_word' id='word_1_379' title='bbox 786 2071 939 2102; x_wconf 87' lang='lat' dir='ltr'>cessando</span> <span class='ocrx_word' id='word_1_380' title='bbox 967 2081 986 2101; x_wconf 94' lang='lat' dir='ltr'>a</span> <span class='ocrx_word' id='word_1_381' title='bbox 1013 2072 1189 2111; x_wconf 82' lang='lat' dir='ltr'>baptismo,</span> <span class='ocrx_word' id='word_1_382' title='bbox 1213 2071 1264 2101; x_wconf 91' lang='lat' dir='ltr'>vel</span> 
     </span>
    </p>
   </div>
   <div class='ocr_carea' id='block_1_15' title="bbox 373 1850 1742 1900">
    <p class='ocr_par' dir='ltr' id='par_1_18' title="bbox 373 1850 1742 1900">
     <span class='ocr_line' id='line_1_67' title="bbox 373 1850 1742 1900; baseline -0.002 -17"><span class='ocrx_word' id='word_1_383' title='bbox 373 1852 509 1883; x_wconf 68' lang='lat' dir='ltr'>Ioannis</span> <span class='ocrx_word' id='word_1_384' title='bbox 532 1861 596 1882; x_wconf 85' lang='lat' dir='ltr'>non</span> <span class='ocrx_word' id='word_1_385' title='bbox 627 1852 734 1883; x_wconf 79' lang='lat' dir='ltr'>debuit</span> <span class='ocrx_word' id='word_1_386' title='bbox 760 1861 898 1900; x_wconf 78' lang='lat' dir='ltr'>cessare,</span> <span class='ocrx_word' id='word_1_387' title='bbox 932 1851 1060 1882; x_wconf 86' lang='lat' dir='ltr'>Christo</span> <span class='ocrx_word' id='word_1_388' title='bbox 1090 1851 1260 1891; x_wconf 66' lang='lat' dir='ltr'>baptizato.</span> <span class='ocrx_word' id='word_1_389' title='bbox 1314 1850 1533 1890; x_wconf 88' lang='lat' dir='ltr'>praeparando</span> <span class='ocrx_word' id='word_1_390' title='bbox 1557 1850 1597 1880; x_wconf 90' lang='lat' dir='ltr'>ad</span> <span class='ocrx_word' id='word_1_391' title='bbox 1619 1851 1742 1890; x_wconf 89' lang='lat' dir='ltr'>ipsum;</span> 
     </span>
    </p>
   </div>
   <div class='ocr_carea' id='block_1_16' title="bbox 1315 1851 2375 1934">
    <p class='ocr_par' dir='ltr' id='par_1_19' title="bbox 1315 1851 2375 1934">
     <span class='ocr_line' id='line_1_68' title="bbox 1769 1851 2374 1891; baseline 0.005 -10"><span class='ocrx_word' id='word_1_392' title='bbox 1769 1851 1820 1881; x_wconf 88' lang='lat' dir='ltr'>vel</span> <span class='ocrx_word' id='word_1_393' title='bbox 1843 1851 1911 1891; x_wconf 91' lang='lat' dir='ltr'>ipsa</span> <span class='ocrx_word' id='word_1_394' title='bbox 1934 1853 2066 1882; x_wconf 88' lang='lat' dir='ltr'>cessatio</span> <span class='ocrx_word' id='word_1_395' title='bbox 2089 1852 2262 1883; x_wconf 89' lang='lat' dir='ltr'>vindicaret</span> <span class='ocrx_word' id='word_1_396' title='bbox 2284 1863 2374 1884; x_wconf 84' lang='lat' dir='ltr'>suam</span> 
     </span>
     <span class='ocr_line' id='line_1_69' title="bbox 1315 1895 2375 1934; baseline 0.003 -10"><span class='ocrx_word' id='word_1_397' title='bbox 1315 1895 1531 1924; x_wconf 84' lang='lat' dir='ltr'>minoritatem</span> <span class='ocrx_word' id='word_1_398' title='bbox 1550 1900 1756 1934; x_wconf 86' lang='lat' dir='ltr'>apparentem</span> <span class='ocrx_word' id='word_1_399' title='bbox 1772 1904 1810 1925; x_wconf 85' lang='lat' dir='ltr'>ex</span> <span class='ocrx_word' id='word_1_400' title='bbox 1825 1900 1912 1925; x_wconf 86' lang='lat' dir='ltr'>tanta</span> <span class='ocrx_word' id='word_1_401' title='bbox 1929 1895 2126 1926; x_wconf 87' lang='lat' dir='ltr'>manifestata</span> <span class='ocrx_word' id='word_1_402' title='bbox 2141 1896 2257 1927; x_wconf 78' lang='lat' dir='ltr'>Christi</span> <span class='ocrx_word' id='word_1_403' title='bbox 2274 1897 2375 1928; x_wconf 88' lang='lat' dir='ltr'>excel-</span> 
     </span>
    </p>
   </div>
   <div class='ocr_carea' id='block_1_17' title="bbox 319 1938 2376 1982">
    <p class='ocr_par' dir='ltr' id='par_1_20' title="bbox 319 1938 2376 1982">
     <span class='ocr_line' id='line_1_70' title="bbox 319 1938 2376 1982; baseline -0.001 -9"><span class='ocrx_word' id='word_1_404' title='bbox 319 1941 423 1982; x_wconf 57' lang='grc' dir='ltr'>μήπω</span> <span class='ocrx_word' id='word_1_405' title='bbox 449 1941 584 1976; x_wconf 83' lang='lat' dir='ltr'>ratione,</span> <span class='ocrx_word' id='word_1_406' title='bbox 610 1949 649 1971; x_wconf 86' lang='lat' dir='ltr'>ex</span> <span class='ocrx_word' id='word_1_407' title='bbox 678 1939 923 1981; x_wconf 83' lang='lat' dir='ltr'>chrysostomo,</span> <span class='ocrx_word' id='word_1_408' title='bbox 954 1938 1091 1975; x_wconf 81' lang='lat' dir='ltr'>adverte,</span> <span class='ocrx_word' id='word_1_409' title='bbox 1121 1939 1261 1975; x_wconf 88' lang='lat' dir='ltr'>Novitie,</span> <span class='ocrx_word' id='word_1_410' title='bbox 1315 1938 1413 1968; x_wconf 88' lang='lat' dir='ltr'>Ientia</span> <span class='ocrx_word' id='word_1_411' title='bbox 1435 1939 1469 1968; x_wconf 92' lang='lat' dir='ltr'>in</span> <span class='ocrx_word' id='word_1_412' title='bbox 1492 1939 1661 1978; x_wconf 86' lang='lat' dir='ltr'>baptismo.</span> <span class='ocrx_word' id='word_1_413' title='bbox 1685 1939 1828 1979; x_wconf 88' lang='lat' dir='ltr'>Uterque</span> <span class='ocrx_word' id='word_1_414' title='bbox 1851 1939 2010 1979; x_wconf 89' lang='lat' dir='ltr'>siquidem</span> <span class='ocrx_word' id='word_1_415' title='bbox 2030 1946 2148 1976; x_wconf 91' lang='lat' dir='ltr'>motus,</span> <span class='ocrx_word' id='word_1_416' title='bbox 2164 1940 2301 1971; x_wconf 88' lang='lat' dir='ltr'>invidiae</span> <span class='ocrx_word' id='word_1_417' title='bbox 2316 1942 2376 1971; x_wconf 91' lang='lat' dir='ltr'>sci-</span> 
     </span>
    </p>
   </div>
   <div class='ocr_carea' id='block_1_18' title="bbox 1316 1982 2376 2066">
    <p class='ocr_par' dir='ltr' id='par_1_21' title="bbox 1316 1982 2376 2066">
     <span class='ocr_line' id='line_1_71' title="bbox 1316 1982 2376 2023; baseline 0.003 -11"><span class='ocrx_word' id='word_1_418' title='bbox 1316 1982 1391 2013; x_wconf 91' lang='lat' dir='ltr'>licet</span> <span class='ocrx_word' id='word_1_419' title='bbox 1413 1987 1445 2012; x_wconf 88' lang='lat' dir='ltr'>et</span> <span class='ocrx_word' id='word_1_420' title='bbox 1466 1982 1540 2018; x_wconf 87' lang='lat' dir='ltr'>irae,</span> <span class='ocrx_word' id='word_1_421' title='bbox 1564 1987 1689 2022; x_wconf 89' lang='lat' dir='ltr'>poterat</span> <span class='ocrx_word' id='word_1_422' title='bbox 1719 1993 1910 2023; x_wconf 86' lang='lat' dir='ltr'>consurgere</span> <span class='ocrx_word' id='word_1_423' title='bbox 1934 1989 1966 2014; x_wconf 85' lang='lat' dir='ltr'>et</span> <span class='ocrx_word' id='word_1_424' title='bbox 1988 1983 2028 2014; x_wconf 87' lang='lat' dir='ltr'>ad</span> <span class='ocrx_word' id='word_1_425' title='bbox 2051 1985 2260 2015; x_wconf 90' lang='lat' dir='ltr'>cessationem</span> <span class='ocrx_word' id='word_1_426' title='bbox 2282 1985 2376 2016; x_wconf 88' lang='lat' dir='ltr'>indu-</span> 
     </span>
     <span class='ocr_line' id='line_1_72' title="bbox 1317 2026 1813 2066; baseline 0.002 -10"><span class='ocrx_word' id='word_1_427' title='bbox 1317 2036 1398 2057; x_wconf 85' lang='lat' dir='ltr'>cere.</span> <span class='ocrx_word' id='word_1_428' title='bbox 1422 2044 1442 2049; x_wconf 91' lang='lat'>—</span> <span class='ocrx_word' id='word_1_429' title='bbox 1465 2026 1601 2066; x_wconf 89' lang='lat' dir='ltr'>Reliqua</span> <span class='ocrx_word' id='word_1_430' title='bbox 1624 2032 1698 2057; x_wconf 87' lang='lat' dir='ltr'>sunt</span> <span class='ocrx_word' id='word_1_431' title='bbox 1721 2027 1813 2057; x_wconf 88' lang='lat' dir='ltr'>clara.</span> 
     </span>
    </p>
   </div>
   <div class='ocr_carea' id='block_1_19' title="bbox 994 2230 1569 2275">
    <p class='ocr_par' dir='ltr' id='par_1_22' title="bbox 994 2230 1569 2275">
     <span class='ocr_line' id='line_1_73' title="bbox 994 2230 1569 2275; baseline -0.003 0"><span class='ocrx_word' id='word_1_432' title='bbox 994 2248 996 2250; x_wconf 87' lang='lat'>·</span> <span class='ocrx_word' id='word_1_433' title='bbox 1013 2231 1330 2275; x_wconf 88' lang='lat' dir='ltr'>ARTICULUS</span> <span class='ocrx_word' id='word_1_434' title='bbox 1360 2230 1569 2274; x_wconf 88' lang='lat' dir='ltr'><strong>SEXTUS</strong></span> 
     </span>
    </p>
   </div>
   <div class='ocr_carea' id='block_1_20' title="bbox 327 2299 2178 2358">
    <p class='ocr_par' dir='ltr' id='par_1_23' title="bbox 327 2299 2178 2358">
     <span class='ocr_line' id='line_1_74' title="bbox 327 2299 2178 2358; baseline 0 -1"><span class='ocrx_word' id='word_1_435' title='bbox 327 2299 333 2313; x_wconf 65' lang='lat' dir='ltr'><em>c</em></span> <span class='ocrx_word' id='word_1_436' title='bbox 406 2324 560 2358; x_wconf 85' lang='lat' dir='ltr'>UTRUM</span> <span class='ocrx_word' id='word_1_437' title='bbox 583 2325 812 2357; x_wconf 87' lang='lat' dir='ltr'><strong>BAPTIZATI</strong></span> <span class='ocrx_word' id='word_1_438' title='bbox 833 2324 1051 2356; x_wconf 88' lang='lat' dir='ltr'>BAPTISMO</span> <span class='ocrx_word' id='word_1_439' title='bbox 1075 2323 1249 2356; x_wconf 89' lang='lat' dir='ltr'><strong>IOANNIS</strong></span> <span class='ocrx_word' id='word_1_440' title='bbox 1271 2323 1461 2355; x_wconf 89' lang='lat' dir='ltr'>FUERINT</span> <span class='ocrx_word' id='word_1_441' title='bbox 1484 2324 1743 2355; x_wconf 86' lang='lat' dir='ltr'><strong>BAPTIZANDI</strong></span> <span class='ocrx_word' id='word_1_442' title='bbox 1765 2325 1981 2355; x_wconf 87' lang='lat' dir='ltr'>BAPTISMO</span> <span class='ocrx_word' id='word_1_443' title='bbox 2006 2325 2178 2357; x_wconf 87' lang='lat' dir='ltr'>CHRISTI</span> 
     </span>
    </p>
   </div>
   <div class='ocr_carea' id='block_1_21' title="bbox 0 2306 417 2508">
    <p class='ocr_par' dir='ltr' id='par_1_24' title="bbox 0 2306 417 2508">
     <span class='ocr_line' id='line_1_75' title="bbox 0 2306 395 2385; baseline 0 -5"><span class='ocrx_word' id='word_1_444' title='bbox 0 2306 395 2385; x_wconf 95' lang='lat' dir='ltr'>  </span> 
     </span>
     <span class='ocr_line' id='line_1_76' title="bbox 0 2385 417 2508; baseline 0 0"><span class='ocrx_word' id='word_1_445' title='bbox 0 2385 417 2508; x_wconf 95' lang='lat' dir='ltr'>  </span> 
     </span>
    </p>
   </div>
   <div class='ocr_carea' id='block_1_22' title="bbox 567 2402 2010 2437">
    <p class='ocr_par' dir='ltr' id='par_1_25' title="bbox 567 2402 2010 2437">
     <span class='ocr_line' id='line_1_77' title="bbox 567 2402 2010 2437; baseline 0 -9"><span class='ocrx_word' id='word_1_446' title='bbox 567 2403 642 2432; x_wconf 78' lang='lat' dir='ltr'>1nn.fr</span> <span class='ocrx_word' id='word_1_447' title='bbox 661 2411 706 2436; x_wconf 89' lang='lat' dir='ltr'>qu.</span> <span class='ocrx_word' id='word_1_448' title='bbox 724 2410 790 2432; x_wconf 69' lang='lat' dir='ltr'>wa.</span> <span class='ocrx_word' id='word_1_449' title='bbox 809 2407 855 2428; x_wconf 82' lang='lat' dir='ltr'>art.</span> <span class='ocrx_word' id='word_1_450' title='bbox 875 2410 900 2437; x_wconf 85' lang='lat'>9,</span> <span class='ocrx_word' id='word_1_451' title='bbox 918 2403 951 2427; x_wconf 82' lang='lat' dir='ltr'>ad</span> <span class='ocrx_word' id='word_1_452' title='bbox 971 2410 1001 2433; x_wconf 86' lang='lat'>2;</span> <span class='ocrx_word' id='word_1_453' title='bbox 1020 2402 1054 2428; x_wconf 92' lang='lat' dir='ltr'>IV</span> <span class='ocrx_word' id='word_1_454' title='bbox 1073 2402 1156 2431; x_wconf 81' lang='lat' dir='ltr'>Sent..</span> <span class='ocrx_word' id='word_1_455' title='bbox 1175 2403 1236 2427; x_wconf 80' lang='lat' dir='ltr'>dist</span> <span class='ocrx_word' id='word_1_456' title='bbox 1253 2410 1280 2432; x_wconf 84' lang='grc' dir='ltr'>ιι,</span> <span class='ocrx_word' id='word_1_457' title='bbox 1300 2410 1344 2435; x_wconf 91' lang='lat' dir='ltr'>qu.</span> <span class='ocrx_word' id='word_1_458' title='bbox 1362 2409 1390 2432; x_wconf 84' lang='grc' dir='ltr'>ιι,</span> <span class='ocrx_word' id='word_1_459' title='bbox 1410 2407 1457 2428; x_wconf 72' lang='grc' dir='ltr'>ιιι-,ι</span> <span class='ocrx_word' id='word_1_460' title='bbox 1474 2409 1506 2434; x_wconf 83' lang='grc'>4;</span> <span class='ocrx_word' id='word_1_461' title='bbox 1525 2403 1562 2427; x_wconf 86' lang='lat' dir='ltr'>Ex</span> <span class='ocrx_word' id='word_1_462' title='bbox 1547 2410 1620 2434; x_wconf 86' lang='lat' dir='ltr'>x.pos</span> <span class='ocrx_word' id='word_1_463' title='bbox 1640 2402 1751 2432; x_wconf 85' lang='lat' dir='ltr'>litt.;1n</span> <span class='ocrx_word' id='word_1_464' title='bbox 1771 2403 1878 2432; x_wconf 70' lang='lat' dir='ltr'>Matth„</span> <span class='ocrx_word' id='word_1_465' title='bbox 1898 2411 1954 2435; x_wconf 86' lang='lat' dir='ltr'>cap.</span> <span class='ocrx_word' id='word_1_466' title='bbox 1973 2411 2010 2428; x_wconf 88' lang='grc' dir='ltr'>ιιι.</span> 
     </span>
    </p>
   </div>
   <div class='ocr_carea' id='block_1_23' title="bbox 335 2480 2530 2534">
    <p class='ocr_par' dir='ltr' id='par_1_26' title="bbox 335 2462 2530 2534">
     <span class='ocr_line' id='line_1_78' title="bbox 335 2480 2530 2534; baseline 0.001 -15"><span class='ocrx_word' id='word_1_467' title='bbox 335 2506 339 2511; x_wconf 77' lang='lat'>·-</span> <span class='ocrx_word' id='word_1_468' title='bbox 367 2484 395 2489; x_wconf 80' lang='grc'>”</span> <span class='ocrx_word' id='word_1_469' title='bbox 417 2487 440 2519; x_wconf 79' lang='grc' dir='ltr'>ι)</span> <span class='ocrx_word' id='word_1_470' title='bbox 468 2492 610 2519; x_wconf 75' lang='lat' dir='ltr'>snx‘rum</span> <span class='ocrx_word' id='word_1_471' title='bbox 637 2493 689 2518; x_wconf 75' lang='lat' dir='ltr'>stc</span> <span class='ocrx_word' id='word_1_472' title='bbox 717 2493 952 2519; x_wconf 70' lang='lat' dir='ltr'>rnocenrrtm.</span> <span class='ocrx_word' id='word_1_473' title='bbox 972 2480 1132 2518; x_wconf 90' lang='lat' dir='ltr'>Videtur</span> <span class='ocrx_word' id='word_1_474' title='bbox 1159 2481 1265 2530; x_wconf 92' lang='lat' dir='ltr'>quod</span> <span class='ocrx_word' id='word_1_475' title='bbox 1290 2485 1293 2526; x_wconf 89' lang='grc' dir='ltr'>Ι</span> <span class='ocrx_word' id='word_1_476' title='bbox 1317 2480 1653 2530; x_wconf 78' lang='lat' dir='ltr'>Ioan.1v*‚qu0d</span> <span class='ocrx_word' id='word_1_477' title='bbox 1672 2483 1774 2523; x_wconf 85' lang='lat' dir='ltr'>Iesus</span> <span class='ocrx_word' id='word_1_478' title='bbox 1794 2494 1866 2518; x_wconf 86' lang='lat' dir='ltr'>non</span> <span class='ocrx_word' id='word_1_479' title='bbox 1889 2483 2109 2531; x_wconf 70' lang='lat' dir='ltr'>baptizabat,</span> <span class='ocrx_word' id='word_1_480' title='bbox 2129 2483 2194 2519; x_wconf 86' lang='lat' dir='ltr'>sed</span> <span class='ocrx_word' id='word_1_481' title='bbox 2210 2483 2378 2534; x_wconf 85' lang='lat' dir='ltr'>discipuli</span> <span class='ocrx_word' id='word_1_482' title='bbox 2403 2490 2493 2513; x_wconf 66' lang='lat' dir='ltr'>&#39;Vers-</span> <span class='ocrx_word' id='word_1_483' title='bbox 2507 2498 2530 2513; x_wconf 79' lang='lat'>2-</span> 
     </span>
    </p>
   </div>
   <div class='ocr_carea' id='block_1_24' title="bbox 0 2508 445 3970">
    <p class='ocr_par' dir='ltr' id='par_1_27' title="bbox 0 2508 445 3970">
     <span class='ocr_line' id='line_1_79' title="bbox 0 2508 445 2616; baseline 0.018 -8"><span class='ocrx_word' id='word_1_484' title='bbox 0 2508 445 2616; x_wconf 95' lang='lat' dir='ltr'>   </span> 
     </span>
     <span class='ocr_line' id='line_1_80' title="bbox 0 2616 351 2824; baseline 0.011 -4"><span class='ocrx_word' id='word_1_485' title='bbox 0 2616 351 2824; x_wconf 95' lang='lat' dir='ltr'>     </span> 
     </span>
     <span class='ocr_line' id='line_1_81' title="bbox 0 2824 381 2977; baseline 0 -1"><span class='ocrx_word' id='word_1_486' title='bbox 0 2824 381 2977; x_wconf 95' lang='lat' dir='ltr'>    </span> 
     </span>
     <span class='ocr_line' id='line_1_82' title="bbox 0 2977 325 3136; baseline 0.003 -1"><span class='ocrx_word' id='word_1_487' title='bbox 0 2977 325 3136; x_wconf 95' lang='lat' dir='ltr'>     </span> 
     </span>
     <span class='ocr_line' id='line_1_83' title="bbox 0 3256 401 3485; baseline 0 -32"><span class='ocrx_word' id='word_1_488' title='bbox 0 3256 401 3485; x_wconf 95' lang='lat' dir='ltr'>     </span> 
     </span>
     <span class='ocr_line' id='line_1_84' title="bbox 0 3485 316 3558; baseline 0.019 -6"><span class='ocrx_word' id='word_1_489' title='bbox 0 3485 316 3558; x_wconf 95' lang='lat' dir='ltr'>  </span> 
     </span>
     <span class='ocr_line' id='line_1_85' title="bbox 0 3558 277 3970; baseline 0 0"><span class='ocrx_word' id='word_1_490' title='bbox 0 3558 277 3970; x_wconf 95' lang='lat' dir='ltr'>   </span> 
     </span>
    </p>
   </div>
   <div class='ocr_carea' id='block_1_25' title="bbox 161 2533 1271 3427">
    <p class='ocr_par' dir='ltr' id='par_1_28' title="bbox 329 2533 1267 2742">
     <span class='ocr_line' id='line_1_86' title="bbox 417 2533 1267 2584; baseline -0.001 -13"><span class='ocrx_word' id='word_1_491' title='bbox 417 2534 595 2584; x_wconf 81' lang='lat' dir='ltr'>baptizati</span> <span class='ocrx_word' id='word_1_492' title='bbox 621 2533 812 2584; x_wconf 89' lang='lat' dir='ltr'>baptismo</span> <span class='ocrx_word' id='word_1_493' title='bbox 840 2533 993 2571; x_wconf 89' lang='lat' dir='ltr'>Ioannis</span> <span class='ocrx_word' id='word_1_494' title='bbox 1021 2545 1101 2570; x_wconf 88' lang='lat' dir='ltr'>non</span> <span class='ocrx_word' id='word_1_495' title='bbox 1128 2533 1267 2571; x_wconf 84' lang='lat' dir='ltr'>fuerint</span> 
     </span>
     <span class='ocr_line' id='line_1_87' title="bbox 428 2586 1266 2647; baseline -0.001 -23"><span class='ocrx_word' id='word_1_496' title='bbox 428 2586 635 2647; x_wconf 79' lang='lat' dir='ltr'>·aptizandi</span> <span class='ocrx_word' id='word_1_497' title='bbox 671 2587 862 2637; x_wconf 88' lang='lat' dir='ltr'>baptismo</span> <span class='ocrx_word' id='word_1_498' title='bbox 901 2586 1051 2624; x_wconf 88' lang='lat' dir='ltr'>Christi.</span> <span class='ocrx_word' id='word_1_499' title='bbox 1103 2587 1266 2623; x_wconf 88' lang='lat' dir='ltr'>Ioannes</span> 
     </span>
     <span class='ocr_line' id='line_1_88' title="bbox 329 2638 1267 2689; baseline -0.001 -12"><span class='ocrx_word' id='word_1_500' title='bbox 329 2646 362 2671; x_wconf 49' lang='grc' dir='ltr'>ἓν</span> <span class='ocrx_word' id='word_1_501' title='bbox 390 2639 524 2677; x_wconf 86' lang='lat' dir='ltr'>enim</span> <span class='ocrx_word' id='word_1_502' title='bbox 557 2651 638 2677; x_wconf 88' lang='lat' dir='ltr'>non</span> <span class='ocrx_word' id='word_1_503' title='bbox 671 2640 748 2677; x_wconf 83' lang='lat' dir='ltr'>fuit·</span> <span class='ocrx_word' id='word_1_504' title='bbox 767 2639 896 2677; x_wconf 90' lang='lat' dir='ltr'>minor</span> <span class='ocrx_word' id='word_1_505' title='bbox 931 2638 1144 2689; x_wconf 89' lang='lat' dir='ltr'>Apostolis:</span> <span class='ocrx_word' id='word_1_506' title='bbox 1175 2651 1267 2676; x_wconf 86' lang='lat' dir='ltr'>curn</span> 
     </span>
     <span class='ocr_line' id='line_1_89' title="bbox 350 2691 1267 2751; baseline -0.002 -21"><span class='ocrx_word' id='word_1_507' title='bbox 350 2691 545 2751; x_wconf 52' lang='lat' dir='ltr'>*scriptum</span> <span class='ocrx_word' id='word_1_508' title='bbox 573 2692 630 2738; x_wconf 86' lang='lat' dir='ltr'>sit,</span> <span class='ocrx_word' id='word_1_509' title='bbox 651 2693 785 2730; x_wconf 85' lang='lat' dir='ltr'>Matth.</span> <span class='ocrx_word' id='word_1_510' title='bbox 805 2692 894 2730; x_wconf 82' lang='lat' dir='ltr'>x1*:</span> <span class='ocrx_word' id='word_1_511' title='bbox 923 2693 1028 2729; x_wconf 91' lang='lat' dir='ltr'>Inter</span> <span class='ocrx_word' id='word_1_512' title='bbox 1056 2698 1160 2729; x_wconf 89' lang='lat' dir='ltr'>natos</span> <span class='ocrx_word' id='word_1_513' title='bbox 1187 2691 1267 2728; x_wconf 83' lang='lat' dir='ltr'>niu-</span> 
     </span>
    </p>

    <p class='ocr_par' dir='ltr' id='par_1_29' title="bbox 174 2745 1271 3427">
     <span class='ocr_line' id='line_1_90' title="bbox 274 2745 1266 2795; baseline -0.001 -13"><span class='ocrx_word' id='word_1_514' title='bbox 274 2750 293 2771; x_wconf 47' lang='lat' dir='ltr'>*v</span> <span class='ocrx_word' id='word_1_515' title='bbox 350 2748 444 2782; x_wconf 78' lang='lat' dir='ltr'>non</span> <span class='ocrx_word' id='word_1_516' title='bbox 471 2748 634 2783; x_wconf 83' lang='lat' dir='ltr'>surrexit</span> <span class='ocrx_word' id='word_1_517' title='bbox 659 2747 783 2787; x_wconf 84' lang='lat' dir='ltr'>maior</span> <span class='ocrx_word' id='word_1_518' title='bbox 808 2746 954 2782; x_wconf 87' lang='lat' dir='ltr'>Ioanne</span> <span class='ocrx_word' id='word_1_519' title='bbox 979 2746 1155 2795; x_wconf 86' lang='lat' dir='ltr'>Baptista.</span> <span class='ocrx_word' id='word_1_520' title='bbox 1191 2745 1266 2782; x_wconf 90' lang='lat' dir='ltr'>Sed</span> 
     </span>
     <span class='ocr_line' id='line_1_91' title="bbox 188 2797 1268 2857; baseline 0 -23"><span class='ocrx_word' id='word_1_521' title='bbox 188 2822 194 2834; x_wconf 48' lang='lat' dir='ltr'>f</span> <span class='ocrx_word' id='word_1_522' title='bbox 284 2797 351 2847; x_wconf 91' lang='lat' dir='ltr'>qui</span> <span class='ocrx_word' id='word_1_523' title='bbox 369 2797 658 2847; x_wconf 85' lang='lat' dir='ltr'>baptizabantur</span> <span class='ocrx_word' id='word_1_524' title='bbox 675 2798 724 2835; x_wconf 92' lang='lat' dir='ltr'>ab</span> <span class='ocrx_word' id='word_1_525' title='bbox 742 2798 946 2848; x_wconf 88' lang='lat' dir='ltr'>Apostolis‚</span> <span class='ocrx_word' id='word_1_526' title='bbox 966 2810 1046 2835; x_wconf 91' lang='lat' dir='ltr'>non</span> <span class='ocrx_word' id='word_1_527' title='bbox 1065 2798 1268 2857; x_wconf 82' lang='lat' dir='ltr'>rebaptiza-</span> 
     </span>
     <span class='ocr_line' id='line_1_92' title="bbox 161 2846 1268 2897; baseline 0 -10"><span class='ocrx_word' id='word_1_528' title='bbox 161 2846 351 2895; x_wconf 39' lang='lat' dir='ltr'>§bantur</span> <span class='ocrx_word' id='word_1_529' title='bbox 377 2850 515 2888; x_wconf 83' lang='lat' dir='ltr'>iterum</span> <span class='ocrx_word' id='word_1_530' title='bbox 534 2856 572 2897; x_wconf 61' lang='grc' dir='ltr'>α,</span> <span class='ocrx_word' id='word_1_531' title='bbox 601 2851 668 2888; x_wconf 91' lang='lat' dir='ltr'>sed</span> <span class='ocrx_word' id='word_1_532' title='bbox 696 2852 944 2888; x_wconf 89' lang='lat' dir='ltr'>solummodo</span> <span class='ocrx_word' id='word_1_533' title='bbox 977 2851 1189 2888; x_wconf 87' lang='lat' dir='ltr'>addebatur</span> <span class='ocrx_word' id='word_1_534' title='bbox 1215 2850 1268 2887; x_wconf 90' lang='lat' dir='ltr'>eis</span> 
     </span>
     <span class='ocr_line' id='line_1_93' title="bbox 166 2897 1268 2963; baseline 0 -23"><span class='ocrx_word' id='word_1_535' title='bbox 166 2897 405 2963; x_wconf 48' lang='lat' dir='ltr'>‘fflposiuo</span> <span class='ocrx_word' id='word_1_536' title='bbox 423 2915 633 2941; x_wconf 81' lang='lat' dir='ltr'>manuum:</span> <span class='ocrx_word' id='word_1_537' title='bbox 662 2903 799 2941; x_wconf 91' lang='lat' dir='ltr'>dicitur</span> <span class='ocrx_word' id='word_1_538' title='bbox 817 2904 921 2941; x_wconf 90' lang='lat' dir='ltr'>enim</span> <span class='ocrx_word' id='word_1_539' title='bbox 936 2905 1020 2942; x_wconf 81' lang='lat' dir='ltr'>Act.</span> <span class='ocrx_word' id='word_1_540' title='bbox 1039 2903 1140 2950; x_wconf 75' lang='lat' dir='ltr'>V111*,</span> <span class='ocrx_word' id='word_1_541' title='bbox 1161 2903 1268 2952; x_wconf 91' lang='lat' dir='ltr'>quod</span> 
     </span>
     <span class='ocr_line' id='line_1_94' title="bbox 194 2942 1270 3006; baseline -0.001 -12.981"><span class='ocrx_word' id='word_1_542' title='bbox 194 2942 341 3005; x_wconf 66' lang='lat' dir='ltr'>ffiqm</span> <span class='ocrx_word' id='word_1_543' title='bbox 347 2960 488 2993; x_wconf 86' lang='lat' dir='ltr'>tantum</span> <span class='ocrx_word' id='word_1_544' title='bbox 507 2957 677 3006; x_wconf 68' lang='lat' dir='ltr'>baptizati</span> <span class='ocrx_word' id='word_1_545' title='bbox 699 2962 806 2994; x_wconf 88' lang='lat' dir='ltr'>erant</span> <span class='ocrx_word' id='word_1_546' title='bbox 824 2969 846 2994; x_wconf 89' lang='lat' dir='ltr'>a</span> <span class='ocrx_word' id='word_1_547' title='bbox 864 2955 1043 3005; x_wconf 91' lang='lat' dir='ltr'>Philippo</span> <span class='ocrx_word' id='word_1_548' title='bbox 1062 2958 1099 2993; x_wconf 91' lang='lat' dir='ltr'>in</span> <span class='ocrx_word' id='word_1_549' title='bbox 1120 2958 1270 2994; x_wconf 88' lang='lat' dir='ltr'>nomine</span> 
     </span>
     <span class='ocr_line' id='line_1_95' title="bbox 170 3004 1269 3064; baseline -0.002 -16.917"><span class='ocrx_word' id='word_1_550' title='bbox 170 3004 368 3064; x_wconf 76' lang='lat' dir='ltr'>Donum</span> <span class='ocrx_word' id='word_1_551' title='bbox 383 3010 489 3046; x_wconf 84' lang='lat' dir='ltr'>Iesu.-</span> <span class='ocrx_word' id='word_1_552' title='bbox 505 3014 592 3046; x_wconf 87' lang='lat' dir='ltr'>tunc</span> <span class='ocrx_word' id='word_1_553' title='bbox 606 3009 791 3058; x_wconf 87' lang='lat' dir='ltr'>Apostoli,</span> <span class='ocrx_word' id='word_1_554' title='bbox 806 3008 944 3045; x_wconf 90' lang='lat' dir='ltr'>scilicet</span> <span class='ocrx_word' id='word_1_555' title='bbox 958 3010 1092 3046; x_wconf 88' lang='lat' dir='ltr'>Petrus</span> <span class='ocrx_word' id='word_1_556' title='bbox 1111 3016 1148 3045; x_wconf 91' lang='lat' dir='ltr'>et</span> <span class='ocrx_word' id='word_1_557' title='bbox 1160 3010 1269 3045; x_wconf 89' lang='lat' dir='ltr'>Ioan-</span> 
     </span>
     <span class='ocr_line' id='line_1_96' title="bbox 178 3045 1270 3111; baseline -0.002 -10.936"><span class='ocrx_word' id='word_1_558' title='bbox 178 3045 293 3109; x_wconf 45' lang='grc' dir='ltr'>ᾖπῶς,</span> <span class='ocrx_word' id='word_1_559' title='bbox 312 3062 548 3110; x_wconf 79' lang='lat' dir='ltr'>imponebant</span> <span class='ocrx_word' id='word_1_560' title='bbox 575 3073 708 3098; x_wconf 88' lang='lat' dir='ltr'>manus</span> <span class='ocrx_word' id='word_1_561' title='bbox 733 3074 845 3111; x_wconf 88' lang='lat' dir='ltr'>super</span> <span class='ocrx_word' id='word_1_562' title='bbox 871 3062 963 3107; x_wconf 88' lang='lat' dir='ltr'>illos,</span> <span class='ocrx_word' id='word_1_563' title='bbox 983 3067 1016 3098; x_wconf 90' lang='lat' dir='ltr'>et</span> <span class='ocrx_word' id='word_1_564' title='bbox 1043 3063 1270 3110; x_wconf 81' lang='lat' dir='ltr'>accipiebant</span> 
     </span>
     <span class='ocr_line' id='line_1_97' title="bbox 174 3096 1270 3162; baseline -0.001 -11"><span class='ocrx_word' id='word_1_565' title='bbox 174 3096 210 3126; x_wconf 59' lang='grc'>“’</span> <span class='ocrx_word' id='word_1_566' title='bbox 273 3114 281 3122; x_wconf 86' lang='grc'><em>“</em></span> <span class='ocrx_word' id='word_1_567' title='bbox 325 3125 388 3151; x_wconf 91' lang='lat' dir='ltr'>um</span> <span class='ocrx_word' id='word_1_568' title='bbox 423 3115 610 3151; x_wconf 90' lang='lat' dir='ltr'>Sanctum.</span> <span class='ocrx_word' id='word_1_569' title='bbox 646 3114 747 3161; x_wconf 87' lang='lat' dir='ltr'>Ergo</span> <span class='ocrx_word' id='word_1_570' title='bbox 775 3113 927 3150; x_wconf 91' lang='lat' dir='ltr'>videtur</span> <span class='ocrx_word' id='word_1_571' title='bbox 959 3113 1067 3162; x_wconf 89' lang='lat' dir='ltr'>quod</span> <span class='ocrx_word' id='word_1_572' title='bbox 1094 3113 1270 3162; x_wconf 85' lang='lat' dir='ltr'>baptizati</span> 
     </span>
     <span class='ocr_line' id='line_1_98' title="bbox 212 3165 1268 3226; baseline -0.003 -21.1"><span class='ocrx_word' id='word_1_573' title='bbox 212 3166 397 3226; x_wconf 42' lang='lat' dir='ltr'>warine</span> <span class='ocrx_word' id='word_1_574' title='bbox 411 3178 492 3204; x_wconf 88' lang='lat' dir='ltr'>non</span> <span class='ocrx_word' id='word_1_575' title='bbox 505 3165 707 3204; x_wconf 89' lang='lat' dir='ltr'>debuerint</span> <span class='ocrx_word' id='word_1_576' title='bbox 718 3165 899 3215; x_wconf 87' lang='lat' dir='ltr'>baptizari</span> <span class='ocrx_word' id='word_1_577' title='bbox 913 3166 1103 3215; x_wconf 85' lang='lat' dir='ltr'>baptismo</span> <span class='ocrx_word' id='word_1_578' title='bbox 1119 3166 1268 3203; x_wconf 89' lang='lat' dir='ltr'>Christi.</span> 
     </span>
     <span class='ocr_line' id='line_1_99' title="bbox 263 3212 1271 3268; baseline -0.001 -12.082"><span class='ocrx_word' id='word_1_579' title='bbox 263 3212 554 3265; x_wconf 33' lang='lat' dir='ltr'>garmi-:Tenen</span> <span class='ocrx_word' id='word_1_580' title='bbox 573 3218 746 3268; x_wconf 87' lang='lat' dir='ltr'>Apostoli</span> <span class='ocrx_word' id='word_1_581' title='bbox 772 3219 925 3256; x_wconf 74' lang='lat' dir='ltr'>flierunt</span> <span class='ocrx_word' id='word_1_582' title='bbox 951 3218 1127 3267; x_wconf 87' lang='lat' dir='ltr'>baptizati</span> <span class='ocrx_word' id='word_1_583' title='bbox 1153 3218 1271 3267; x_wconf 86' lang='lat' dir='ltr'>bapti-</span> 
     </span>
     <span class='ocr_line' id='line_1_100' title="bbox 194 3271 1271 3319; baseline -0.002 -10"><span class='ocrx_word' id='word_1_584' title='bbox 194 3290 199 3301; x_wconf 68' lang='lat' dir='ltr'>r</span> <span class='ocrx_word' id='word_1_585' title='bbox 278 3282 303 3309; x_wconf 88' lang='grc' dir='ltr'><strong>ο</strong></span> <span class='ocrx_word' id='word_1_586' title='bbox 327 3271 496 3309; x_wconf 87' lang='lat' dir='ltr'>Ioannis:</span> <span class='ocrx_word' id='word_1_587' title='bbox 525 3271 679 3308; x_wconf 83' lang='lat' dir='ltr'>fuerunt</span> <span class='ocrx_word' id='word_1_588' title='bbox 697 3271 800 3308; x_wconf 88' lang='lat' dir='ltr'>enim</span> <span class='ocrx_word' id='word_1_589' title='bbox 827 3271 986 3319; x_wconf 89' lang='lat' dir='ltr'>quidam</span> <span class='ocrx_word' id='word_1_590' title='bbox 1005 3282 1143 3308; x_wconf 87' lang='lat' dir='ltr'>eorum</span> <span class='ocrx_word' id='word_1_591' title='bbox 1162 3271 1271 3308; x_wconf 88' lang='lat' dir='ltr'>disci-</span> 
     </span>
     <span class='ocr_line' id='line_1_101' title="bbox 314 3323 1271 3372; baseline -0.001 -11"><span class='ocrx_word' id='word_1_592' title='bbox 314 3324 478 3371; x_wconf 64' lang='lat' dir='ltr'>loannis,</span> <span class='ocrx_word' id='word_1_593' title='bbox 498 3331 541 3361; x_wconf 90' lang='lat' dir='ltr'>ut</span> <span class='ocrx_word' id='word_1_594' title='bbox 566 3330 669 3372; x_wconf 89' lang='lat' dir='ltr'>patet</span> <span class='ocrx_word' id='word_1_595' title='bbox 686 3325 788 3360; x_wconf 88' lang='lat' dir='ltr'>Ioan.</span> <span class='ocrx_word' id='word_1_596' title='bbox 809 3335 819 3360; x_wconf 84' lang='lat'>1</span> <span class='ocrx_word' id='word_1_597' title='bbox 837 3323 868 3360; x_wconf 73' lang='lat'>²¹⁸.</span> <span class='ocrx_word' id='word_1_598' title='bbox 899 3323 975 3360; x_wconf 91' lang='lat' dir='ltr'>Sed</span> <span class='ocrx_word' id='word_1_599' title='bbox 1000 3323 1173 3372; x_wconf 89' lang='lat' dir='ltr'>Apostoli</span> <span class='ocrx_word' id='word_1_600' title='bbox 1192 3335 1271 3360; x_wconf 89' lang='lat' dir='ltr'>non</span> 
     </span>
     <span class='ocr_line' id='line_1_102' title="bbox 353 3374 1271 3427; baseline -0.002 -13"><span class='ocrx_word' id='word_1_601' title='bbox 353 3379 359 3421; x_wconf 75' lang='lat' dir='ltr'>J</span> <span class='ocrx_word' id='word_1_602' title='bbox 412 3376 589 3427; x_wconf 86' lang='lat' dir='ltr'>baptizati</span> <span class='ocrx_word' id='word_1_603' title='bbox 616 3375 806 3426; x_wconf 88' lang='lat' dir='ltr'>baptismo</span> <span class='ocrx_word' id='word_1_604' title='bbox 828 3374 985 3412; x_wconf 88' lang='lat' dir='ltr'>Christi:</span> <span class='ocrx_word' id='word_1_605' title='bbox 1015 3375 1150 3413; x_wconf 89' lang='lat' dir='ltr'>dicitur</span> <span class='ocrx_word' id='word_1_606' title='bbox 1169 3375 1271 3413; x_wconf 90' lang='lat' dir='ltr'>enim</span> 
     </span>
    </p>
   </div>
   <div class='ocr_carea' id='block_1_26' title="bbox 267 3503 1274 3613">
    <p class='ocr_par' dir='ltr' id='par_1_30' title="bbox 267 3503 1274 3613">
     <span class='ocr_line' id='line_1_103' title="bbox 316 3503 1274 3540; baseline -0.001 -8"><span class='ocrx_word' id='word_1_607' title='bbox 316 3503 551 3540; x_wconf 35' lang='lat' dir='ltr'>mirabantur</span> <span class='ocrx_word' id='word_1_608' title='bbox 563 3506 614 3531; x_wconf 79' lang='lat' dir='ltr'>iter</span> <span class='ocrx_word' id='word_1_609' title='bbox 600 3513 695 3532; x_wconf 83' lang='lat' dir='ltr'>rum.—</span> <span class='ocrx_word' id='word_1_610' title='bbox 707 3506 803 3531; x_wconf 71' lang='lat' dir='ltr'>iternm</span> <span class='ocrx_word' id='word_1_611' title='bbox 818 3505 1059 3539; x_wconf 68' lang='lat' dir='ltr'>baptizabanturl&#39;,</span> <span class='ocrx_word' id='word_1_612' title='bbox 1070 3506 1274 3539; x_wconf 66' lang='lat' dir='ltr'>baptizabantur</span> 
     </span>
     <span class='ocr_line' id='line_1_104' title="bbox 326 3539 966 3574; baseline -0.003 -7"><span class='ocrx_word' id='word_1_613' title='bbox 326 3539 651 3570; x_wconf 59' lang='lat' dir='ltr'>kemmtiaetacf.</span> <span class='ocrx_word' id='word_1_614' title='bbox 669 3549 714 3574; x_wconf 86' lang='lat' dir='ltr'>qu.</span> <span class='ocrx_word' id='word_1_615' title='bbox 732 3540 966 3574; x_wconf 57' lang='lat' dir='ltr'>materiae</span> 
     </span>
     <span class='ocr_line' id='line_1_105' title="bbox 267 3572 1272 3613; baseline 0.001 -12"><span class='ocrx_word' id='word_1_616' title='bbox 267 3572 301 3613; x_wconf 51' lang='lat' dir='ltr'>k)</span> <span class='ocrx_word' id='word_1_617' title='bbox 311 3573 484 3612; x_wconf 55' lang='grc' dir='ltr'>ὑφίφῆμ-</span> <span class='ocrx_word' id='word_1_618' title='bbox 463 3576 557 3602; x_wconf 88' lang='lat' dir='ltr'>-—.0m</span> <span class='ocrx_word' id='word_1_619' title='bbox 566 3576 635 3602; x_wconf 77' lang='lat' dir='ltr'>DFH</span> <span class='ocrx_word' id='word_1_620' title='bbox 649 3582 674 3602; x_wconf 83' lang='lat' dir='ltr'>et</span> <span class='ocrx_word' id='word_1_621' title='bbox 686 3577 824 3606; x_wconf 52' lang='lat' dir='ltr'>editionem</span> <span class='ocrx_word' id='word_1_622' title='bbox 839 3576 896 3603; x_wconf 74' lang='lat' dir='ltr'>inde</span> <span class='ocrx_word' id='word_1_623' title='bbox 887 3576 1021 3610; x_wconf 59' lang='lat' dir='ltr'>imgebant</span> <span class='ocrx_word' id='word_1_624' title='bbox 1033 3576 1166 3609; x_wconf 72' lang='lat' dir='ltr'>baptizari</span> <span class='ocrx_word' id='word_1_625' title='bbox 1176 3584 1229 3602; x_wconf 86' lang='lat' dir='ltr'>om.</span> <span class='ocrx_word' id='word_1_626' title='bbox 1240 3576 1272 3603; x_wconf 91' lang='lat' dir='ltr'>G.</span> 
     </span>
    </p>
   </div>
   <div class='ocr_carea' id='block_1_27' title="bbox 360 3618 892 3654">
    <p class='ocr_par' dir='ltr' id='par_1_31' title="bbox 360 3618 892 3654">
     <span class='ocr_line' id='line_1_106' title="bbox 360 3618 892 3654; baseline 0 -1"><span class='ocrx_word' id='word_1_627' title='bbox 360 3627 469 3653; x_wconf 63' lang='lat' dir='ltr'>Summi</span> <span class='ocrx_word' id='word_1_628' title='bbox 487 3627 587 3653; x_wconf 69' lang='lat' dir='ltr'>Tutor..</span> <span class='ocrx_word' id='word_1_629' title='bbox 606 3618 639 3654; x_wconf 86' lang='lat' dir='ltr'>D.</span> <span class='ocrx_word' id='word_1_630' title='bbox 650 3628 746 3653; x_wconf 69' lang='lat' dir='ltr'>Tuom</span> <span class='ocrx_word' id='word_1_631' title='bbox 731 3636 764 3653; x_wconf 72' lang='grc' dir='ltr'>ΑΕ</span> <span class='ocrx_word' id='word_1_632' title='bbox 782 3628 892 3654; x_wconf 87' lang='lat' dir='ltr'>T.V111.</span> 
     </span>
    </p>
   </div>
   <div class='ocr_carea' id='block_1_28' title="bbox 1319 2534 2606 3428">
    <p class='ocr_par' dir='ltr' id='par_1_32' title="bbox 1319 2534 2606 3428">
     <span class='ocr_line' id='line_1_107' title="bbox 1319 2534 2375 2584; baseline 0.004 -14"><span class='ocrx_word' id='word_1_633' title='bbox 1319 2535 1406 2571; x_wconf 87' lang='lat' dir='ltr'>eius.</span> <span class='ocrx_word' id='word_1_634' title='bbox 1436 2534 1537 2583; x_wconf 85' lang='lat' dir='ltr'>Ergo</span> <span class='ocrx_word' id='word_1_635' title='bbox 1565 2534 1717 2571; x_wconf 88' lang='lat' dir='ltr'>videtur</span> <span class='ocrx_word' id='word_1_636' title='bbox 1735 2534 1842 2583; x_wconf 93' lang='lat' dir='ltr'>quod</span> <span class='ocrx_word' id='word_1_637' title='bbox 1861 2534 2036 2584; x_wconf 89' lang='lat' dir='ltr'>baptizati</span> <span class='ocrx_word' id='word_1_638' title='bbox 2054 2535 2244 2584; x_wconf 86' lang='lat' dir='ltr'>baptismo</span> <span class='ocrx_word' id='word_1_639' title='bbox 2268 2538 2375 2574; x_wconf 89' lang='lat' dir='ltr'>Ioan—</span> 
     </span>
     <span class='ocr_line' id='line_1_108' title="bbox 1320 2586 2258 2636; baseline 0.002 -13"><span class='ocrx_word' id='word_1_640' title='bbox 1320 2586 1378 2623; x_wconf 92' lang='lat' dir='ltr'>nis</span> <span class='ocrx_word' id='word_1_641' title='bbox 1405 2598 1485 2624; x_wconf 91' lang='lat' dir='ltr'>non</span> <span class='ocrx_word' id='word_1_642' title='bbox 1514 2593 1621 2623; x_wconf 89' lang='lat' dir='ltr'>erant</span> <span class='ocrx_word' id='word_1_643' title='bbox 1646 2587 1864 2636; x_wconf 86' lang='lat' dir='ltr'>baptizandi</span> <span class='ocrx_word' id='word_1_644' title='bbox 1891 2587 2079 2636; x_wconf 87' lang='lat' dir='ltr'>baptismo</span> <span class='ocrx_word' id='word_1_645' title='bbox 2110 2588 2258 2625; x_wconf 88' lang='lat' dir='ltr'>Christi.</span> 
     </span>
     <span class='ocr_line' id='line_1_109' title="bbox 1376 2639 2376 2691; baseline 0.003 -15"><span class='ocrx_word' id='word_1_646' title='bbox 1376 2639 1410 2676; x_wconf 82' lang='lat'>3.</span> <span class='ocrx_word' id='word_1_647' title='bbox 1440 2640 1671 2684; x_wconf 77' lang='lat' dir='ltr'>PRAETEREA,</span> <span class='ocrx_word' id='word_1_648' title='bbox 1691 2639 1820 2676; x_wconf 90' lang='lat' dir='ltr'>minor</span> <span class='ocrx_word' id='word_1_649' title='bbox 1848 2648 1902 2676; x_wconf 91' lang='lat' dir='ltr'>est</span> <span class='ocrx_word' id='word_1_650' title='bbox 1929 2640 1995 2689; x_wconf 90' lang='lat' dir='ltr'>qui</span> <span class='ocrx_word' id='word_1_651' title='bbox 2021 2640 2231 2690; x_wconf 87' lang='lat' dir='ltr'>baptizatur</span> <span class='ocrx_word' id='word_1_652' title='bbox 2257 2654 2376 2691; x_wconf 89' lang='lat' dir='ltr'>quam</span> 
     </span>
     <span class='ocr_line' id='line_1_110' title="bbox 1321 2691 2376 2742; baseline 0.003 -13"><span class='ocrx_word' id='word_1_653' title='bbox 1321 2691 1387 2741; x_wconf 90' lang='lat' dir='ltr'>qui</span> <span class='ocrx_word' id='word_1_654' title='bbox 1415 2692 1590 2742; x_wconf 89' lang='lat' dir='ltr'>baptizat.</span> <span class='ocrx_word' id='word_1_655' title='bbox 1633 2692 1710 2729; x_wconf 91' lang='lat' dir='ltr'>Sed</span> <span class='ocrx_word' id='word_1_656' title='bbox 1738 2692 1817 2741; x_wconf 90' lang='lat' dir='ltr'>ipse</span> <span class='ocrx_word' id='word_1_657' title='bbox 1850 2694 2010 2730; x_wconf 89' lang='lat' dir='ltr'>Ioannes</span> <span class='ocrx_word' id='word_1_658' title='bbox 2037 2705 2117 2730; x_wconf 90' lang='lat' dir='ltr'>non</span> <span class='ocrx_word' id='word_1_659' title='bbox 2153 2694 2285 2742; x_wconf 86' lang='lat' dir='ltr'>legitur</span> <span class='ocrx_word' id='word_1_660' title='bbox 2311 2695 2376 2732; x_wconf 89' lang='lat' dir='ltr'>ba-</span> 
     </span>
     <span class='ocr_line' id='line_1_111' title="bbox 1321 2744 2377 2794; baseline 0.003 -13"><span class='ocrx_word' id='word_1_661' title='bbox 1321 2744 1481 2794; x_wconf 88' lang='lat' dir='ltr'>ptizatus</span> <span class='ocrx_word' id='word_1_662' title='bbox 1505 2744 1696 2794; x_wconf 88' lang='lat' dir='ltr'>baptismo</span> <span class='ocrx_word' id='word_1_663' title='bbox 1725 2745 1874 2782; x_wconf 87' lang='lat' dir='ltr'>Christi.</span> <span class='ocrx_word' id='word_1_664' title='bbox 1904 2746 2005 2794; x_wconf 89' lang='lat' dir='ltr'>Ergo</span> <span class='ocrx_word' id='word_1_665' title='bbox 2031 2748 2152 2783; x_wconf 90' lang='lat' dir='ltr'>multo</span> <span class='ocrx_word' id='word_1_666' title='bbox 2181 2747 2308 2784; x_wconf 87' lang='lat' dir='ltr'>minus</span> <span class='ocrx_word' id='word_1_667' title='bbox 2326 2746 2377 2784; x_wconf 90' lang='lat' dir='ltr'>illi</span> 
     </span>
     <span class='ocr_line' id='line_1_112' title="bbox 1322 2797 2376 2848; baseline 0.003 -14"><span class='ocrx_word' id='word_1_668' title='bbox 1322 2797 1389 2846; x_wconf 88' lang='lat' dir='ltr'>qui</span> <span class='ocrx_word' id='word_1_669' title='bbox 1416 2810 1438 2834; x_wconf 91' lang='lat' dir='ltr'>a</span> <span class='ocrx_word' id='word_1_670' title='bbox 1463 2799 1604 2835; x_wconf 88' lang='lat' dir='ltr'>Ioanne</span> <span class='ocrx_word' id='word_1_671' title='bbox 1631 2797 1929 2847; x_wconf 88' lang='lat' dir='ltr'>baptizabantur,</span> <span class='ocrx_word' id='word_1_672' title='bbox 1950 2797 2167 2846; x_wconf 87' lang='lat' dir='ltr'>indigebant</span> <span class='ocrx_word' id='word_1_673' title='bbox 2187 2799 2376 2848; x_wconf 86' lang='lat' dir='ltr'>baptismo</span> 
     </span>
     <span class='ocr_line' id='line_1_113' title="bbox 1324 2849 2519 2900; baseline -0.003 -13"><span class='ocrx_word' id='word_1_674' title='bbox 1324 2850 1462 2887; x_wconf 90' lang='lat' dir='ltr'>Christi</span> <span class='ocrx_word' id='word_1_675' title='bbox 1490 2850 1671 2900; x_wconf 88' lang='lat' dir='ltr'>baptizari</span> <span class='ocrx_word' id='word_1_676' title='bbox 1686 2849 1711 2886; x_wconf 72' lang='grc' dir='ltr'>β.</span> <span class='ocrx_word' id='word_1_677' title='bbox 2505 2854 2519 2888; x_wconf 86' lang='grc' dir='ltr'><strong>β</strong></span> 
     </span>
     <span class='ocr_line' id='line_1_114' title="bbox 1376 2903 2558 2952; baseline 0.003 -13"><span class='ocrx_word' id='word_1_678' title='bbox 1376 2915 1412 2950; x_wconf 91' lang='lat'>4.</span> <span class='ocrx_word' id='word_1_679' title='bbox 1434 2904 1664 2948; x_wconf 77' lang='lat' dir='ltr'>PRAETEREA,</span> <span class='ocrx_word' id='word_1_680' title='bbox 1679 2904 1759 2939; x_wconf 85' lang='lat' dir='ltr'>Act.</span> <span class='ocrx_word' id='word_1_681' title='bbox 1779 2903 1868 2940; x_wconf 72' lang='lat' dir='ltr'>xm*</span> <span class='ocrx_word' id='word_1_682' title='bbox 1887 2903 2022 2940; x_wconf 91' lang='lat' dir='ltr'>dicitur</span> <span class='ocrx_word' id='word_1_683' title='bbox 2040 2904 2147 2952; x_wconf 91' lang='lat' dir='ltr'>quod</span> <span class='ocrx_word' id='word_1_684' title='bbox 2167 2905 2306 2942; x_wconf 87' lang='lat' dir='ltr'>Paulus</span> <span class='ocrx_word' id='word_1_685' title='bbox 2324 2906 2378 2941; x_wconf 90' lang='lat' dir='ltr'>in·</span> <span class='ocrx_word' id='word_1_686' title='bbox 2406 2907 2416 2919; x_wconf 75' lang='lat'>⁶</span> <span class='ocrx_word' id='word_1_687' title='bbox 2430 2906 2498 2929; x_wconf 64' lang='lat' dir='ltr'>Vm·</span> <span class='ocrx_word' id='word_1_688' title='bbox 2515 2912 2558 2934; x_wconf 83' lang='lat'><strong>¹·5·</strong></span> 
     </span>
     <span class='ocr_line' id='line_1_115' title="bbox 1323 2956 2378 3007; baseline 0.001 -14"><span class='ocrx_word' id='word_1_689' title='bbox 1323 2958 1419 2994; x_wconf 81' lang='lat' dir='ltr'>venit</span> <span class='ocrx_word' id='word_1_690' title='bbox 1434 2956 1610 3005; x_wconf 84' lang='lat' dir='ltr'>quosdam</span> <span class='ocrx_word' id='word_1_691' title='bbox 1630 2956 1675 2992; x_wconf 86' lang='lat' dir='ltr'>de</span> <span class='ocrx_word' id='word_1_692' title='bbox 1693 2956 1886 3005; x_wconf 86' lang='lat' dir='ltr'>discipulis,</span> <span class='ocrx_word' id='word_1_693' title='bbox 1902 2956 2064 3006; x_wconf 85' lang='lat' dir='ltr'>dixitque</span> <span class='ocrx_word' id='word_1_694' title='bbox 2081 2957 2132 2993; x_wconf 87' lang='lat' dir='ltr'>ad</span> <span class='ocrx_word' id='word_1_695' title='bbox 2148 2969 2229 2993; x_wconf 88' lang='lat' dir='ltr'>eos:</span> <span class='ocrx_word' id='word_1_696' title='bbox 2247 2959 2288 2994; x_wconf 87' lang='lat' dir='ltr'>Si</span> <span class='ocrx_word' id='word_1_697' title='bbox 2299 2959 2378 3007; x_wconf 85' lang='lat' dir='ltr'>Spi-</span> 
     </span>
     <span class='ocr_line' id='line_1_116' title="bbox 1323 3009 2378 3057; baseline 0.002 -12"><span class='ocrx_word' id='word_1_698' title='bbox 1323 3010 1434 3045; x_wconf 89' lang='lat' dir='ltr'>ritum</span> <span class='ocrx_word' id='word_1_699' title='bbox 1462 3010 1637 3046; x_wconf 89' lang='lat' dir='ltr'>Sanctum</span> <span class='ocrx_word' id='word_1_700' title='bbox 1665 3010 1852 3057; x_wconf 88' lang='lat' dir='ltr'>accepistis</span> <span class='ocrx_word' id='word_1_701' title='bbox 1877 3009 2094 3046; x_wconf 81' lang='lat' dir='ltr'>credentes?</span> <span class='ocrx_word' id='word_1_702' title='bbox 2122 3011 2172 3046; x_wconf 80' lang='lat' dir='ltr'>At</span> <span class='ocrx_word' id='word_1_703' title='bbox 2199 3009 2254 3046; x_wconf 89' lang='lat' dir='ltr'>illi</span> <span class='ocrx_word' id='word_1_704' title='bbox 2278 3010 2378 3047; x_wconf 88' lang='lat' dir='ltr'>dixe-</span> 
     </span>
     <span class='ocr_line' id='line_1_117' title="bbox 1324 3061 2377 3110; baseline 0.002 -13"><span class='ocrx_word' id='word_1_705' title='bbox 1324 3066 1409 3098; x_wconf 89' lang='lat' dir='ltr'>runt</span> <span class='ocrx_word' id='word_1_706' title='bbox 1436 3061 1487 3097; x_wconf 89' lang='lat' dir='ltr'>ad</span> <span class='ocrx_word' id='word_1_707' title='bbox 1512 3073 1615 3097; x_wconf 84' lang='lat' dir='ltr'>eum.-</span> <span class='ocrx_word' id='word_1_708' title='bbox 1643 3061 1715 3097; x_wconf 87' lang='lat' dir='ltr'>Sed</span> <span class='ocrx_word' id='word_1_709' title='bbox 1741 3073 1857 3109; x_wconf 85' lang='lat' dir='ltr'>neque</span> <span class='ocrx_word' id='word_1_710' title='bbox 1883 3063 1916 3098; x_wconf 90' lang='lat' dir='ltr'>si</span> <span class='ocrx_word' id='word_1_711' title='bbox 1941 3063 2095 3110; x_wconf 84' lang='lat' dir='ltr'>Spiritus</span> <span class='ocrx_word' id='word_1_712' title='bbox 2131 3064 2285 3099; x_wconf 87' lang='lat' dir='ltr'>Sanctus</span> <span class='ocrx_word' id='word_1_713' title='bbox 2312 3069 2377 3109; x_wconf 81' lang='lat' dir='ltr'>est,</span> 
     </span>
     <span class='ocr_line' id='line_1_118' title="bbox 1323 3113 2380 3164; baseline 0.003 -15"><span class='ocrx_word' id='word_1_714' title='bbox 1323 3113 1539 3150; x_wconf 79' lang='lat' dir='ltr'>audivimus.</span> <span class='ocrx_word' id='word_1_715' title='bbox 1568 3113 1638 3149; x_wconf 84' lang='lat' dir='ltr'>Ille</span> <span class='ocrx_word' id='word_1_716' title='bbox 1663 3125 1751 3150; x_wconf 79' lang='lat' dir='ltr'>vero</span> <span class='ocrx_word' id='word_1_717' title='bbox 1771 3115 1839 3150; x_wconf 87' lang='lat' dir='ltr'>ait:</span> <span class='ocrx_word' id='word_1_718' title='bbox 1865 3115 1911 3150; x_wconf 91' lang='lat' dir='ltr'>In</span> <span class='ocrx_word' id='word_1_719' title='bbox 1942 3127 2012 3163; x_wconf 84' lang='lat' dir='ltr'>quo</span> <span class='ocrx_word' id='word_1_720' title='bbox 2031 3120 2046 3142; x_wconf 71' lang='grc' dir='ltr'><strong>Υ</strong></span> <span class='ocrx_word' id='word_1_721' title='bbox 2075 3116 2245 3164; x_wconf 64' lang='lat' dir='ltr'>baptizati</span> <span class='ocrx_word' id='word_1_722' title='bbox 2270 3115 2380 3152; x_wconf 82' lang='lat' dir='ltr'>estis?</span> 
     </span>
     <span class='ocr_line' id='line_1_119' title="bbox 1330 3165 2518 3216; baseline 0.003 -14"><span class='ocrx_word' id='word_1_723' title='bbox 1330 3167 1402 3208; x_wconf 88' lang='lat' dir='ltr'>Qui</span> <span class='ocrx_word' id='word_1_724' title='bbox 1427 3166 1619 3202; x_wconf 84' lang='lat' dir='ltr'>dixerunt:</span> <span class='ocrx_word' id='word_1_725' title='bbox 1646 3168 1691 3202; x_wconf 89' lang='lat' dir='ltr'>In</span> <span class='ocrx_word' id='word_1_726' title='bbox 1719 3167 1873 3203; x_wconf 89' lang='lat' dir='ltr'>Ioannis</span> <span class='ocrx_word' id='word_1_727' title='bbox 1900 3168 2123 3216; x_wconf 82' lang='lat' dir='ltr'>baptismate.</span> <span class='ocrx_word' id='word_1_728' title='bbox 2153 3168 2263 3205; x_wconf 90' lang='lat' dir='ltr'>Unde</span> <span class='ocrx_word' id='word_1_729' title='bbox 2283 3166 2296 3189; x_wconf 63' lang='grc' dir='ltr'>δ</span> <span class='ocrx_word' id='word_1_730' title='bbox 2318 3169 2380 3205; x_wconf 85' lang='lat' dir='ltr'>ha·</span> <span class='ocrx_word' id='word_1_731' title='bbox 2503 3165 2518 3190; x_wconf 69' lang='grc' dir='ltr'><em>δ</em></span> 
     </span>
     <span class='ocr_line' id='line_1_120' title="bbox 1319 3217 2379 3268; baseline 0.003 -14"><span class='ocrx_word' id='word_1_732' title='bbox 1319 3219 1447 3268; x_wconf 66' lang='lat' dir='ltr'>ptizati</span> <span class='ocrx_word' id='word_1_733' title='bbox 1470 3224 1554 3255; x_wconf 85' lang='lat' dir='ltr'>sunt</span> <span class='ocrx_word' id='word_1_734' title='bbox 1570 3217 1709 3255; x_wconf 86' lang='lat' dir='ltr'>iterum</span> <span class='ocrx_word' id='word_1_735' title='bbox 1737 3221 1773 3255; x_wconf 90' lang='lat' dir='ltr'>in</span> <span class='ocrx_word' id='word_1_736' title='bbox 1803 3221 1954 3256; x_wconf 88' lang='lat' dir='ltr'>nomine</span> <span class='ocrx_word' id='word_1_737' title='bbox 1973 3220 2129 3256; x_wconf 87' lang='lat' dir='ltr'>Domini</span> <span class='ocrx_word' id='word_1_738' title='bbox 2154 3222 2271 3257; x_wconf 85' lang='lat' dir='ltr'>nostri</span> <span class='ocrx_word' id='word_1_739' title='bbox 2295 3222 2379 3257; x_wconf 88' lang='lat' dir='ltr'>Iesu</span> 
     </span>
     <span class='ocr_line' id='line_1_121' title="bbox 1329 3270 2379 3323; baseline 0.003 -16"><span class='ocrx_word' id='word_1_740' title='bbox 1329 3272 1472 3308; x_wconf 86' lang='lat' dir='ltr'>Christi.</span> <span class='ocrx_word' id='word_1_741' title='bbox 1517 3270 1579 3307; x_wconf 89' lang='lat' dir='ltr'>Sic</span> <span class='ocrx_word' id='word_1_742' title='bbox 1612 3282 1702 3319; x_wconf 88' lang='lat' dir='ltr'>ergo</span> <span class='ocrx_word' id='word_1_743' title='bbox 1735 3271 1886 3308; x_wconf 89' lang='lat' dir='ltr'>videtur</span> <span class='ocrx_word' id='word_1_744' title='bbox 1919 3272 2045 3321; x_wconf 84' lang='lat' dir='ltr'>quod,</span> <span class='ocrx_word' id='word_1_745' title='bbox 2074 3272 2164 3321; x_wconf 89' lang='lat' dir='ltr'>quia</span> <span class='ocrx_word' id='word_1_746' title='bbox 2197 3273 2379 3323; x_wconf 88' lang='lat' dir='ltr'>Spiritum</span> 
     </span>
     <span class='ocr_line' id='line_1_122' title="bbox 1326 3323 2380 3374; baseline 0.004 -15"><span class='ocrx_word' id='word_1_747' title='bbox 1326 3323 1510 3360; x_wconf 85' lang='lat' dir='ltr'>Sanctum</span> <span class='ocrx_word' id='word_1_748' title='bbox 1533 3323 1762 3370; x_wconf 83' lang='lat' dir='ltr'>nesciebant,</span> <span class='ocrx_word' id='word_1_749' title='bbox 1782 3325 1889 3373; x_wconf 91' lang='lat' dir='ltr'>quod</span> <span class='ocrx_word' id='word_1_750' title='bbox 1917 3325 2126 3374; x_wconf 88' lang='lat' dir='ltr'>oportuerit</span> <span class='ocrx_word' id='word_1_751' title='bbox 2148 3337 2214 3362; x_wconf 91' lang='lat' dir='ltr'>eos</span> <span class='ocrx_word' id='word_1_752' title='bbox 2242 3325 2380 3363; x_wconf 89' lang='lat' dir='ltr'>iterum</span> 
     </span>
     <span class='ocr_line' id='line_1_123' title="bbox 1325 3374 2606 3428; baseline 0.002 -15"><span class='ocrx_word' id='word_1_753' title='bbox 1325 3374 1523 3425; x_wconf 90' lang='lat' dir='ltr'>baptizari:</span> <span class='ocrx_word' id='word_1_754' title='bbox 1554 3375 1649 3413; x_wconf 90' lang='lat' dir='ltr'>sicut</span> <span class='ocrx_word' id='word_1_755' title='bbox 1667 3376 1929 3427; x_wconf 89' lang='lat' dir='ltr'>Hieronymus</span> <span class='ocrx_word' id='word_1_756' title='bbox 1949 3377 2047 3425; x_wconf 90' lang='lat' dir='ltr'>dicit,</span> <span class='ocrx_word' id='word_1_757' title='bbox 2066 3390 2177 3428; x_wconf 89' lang='lat' dir='ltr'>super</span> <span class='ocrx_word' id='word_1_758' title='bbox 2195 3379 2334 3416; x_wconf 90' lang='lat' dir='ltr'>Ioelem</span> <span class='ocrx_word' id='word_1_759' title='bbox 2348 3378 2379 3425; x_wconf 73' lang='lat'>³¹²,</span> <span class='ocrx_word' id='word_1_760' title='bbox 2407 3377 2517 3406; x_wconf 78' lang='lat' dir='ltr'>·cap-n‚</span> <span class='ocrx_word' id='word_1_761' title='bbox 2529 3384 2580 3399; x_wconf 59' lang='lat' dir='ltr'>”m</span> <span class='ocrx_word' id='word_1_762' title='bbox 2595 3383 2606 3398; x_wconf 80' lang='lat'><em>²</em></span> 
     </span>
    </p>
   </div>
   <div class='ocr_carea' id='block_1_29' title="bbox 1379 3505 2381 3577">
    <p class='ocr_par' dir='ltr' id='par_1_33' title="bbox 1379 3505 2372 3577">
     <span class='ocr_line' id='line_1_124' title="bbox 1379 3505 1990 3549; baseline 0.002 -18"><span class='ocrx_word' id='word_1_763' title='bbox 1379 3505 1407 3549; x_wconf 86' lang='grc' dir='ltr'>γ)</span> <span class='ocrx_word' id='word_1_764' title='bbox 1427 3507 1457 3531; x_wconf 72' lang='lat' dir='ltr'>In</span> <span class='ocrx_word' id='word_1_765' title='bbox 1477 3513 1572 3539; x_wconf 85' lang='lat' dir='ltr'>quo.-</span> <span class='ocrx_word' id='word_1_766' title='bbox 1590 3514 1654 3540; x_wconf 80' lang='lat' dir='ltr'>ergo</span> <span class='ocrx_word' id='word_1_767' title='bbox 1673 3507 1742 3532; x_wconf 73' lang='lat' dir='ltr'>addit</span> <span class='ocrx_word' id='word_1_768' title='bbox 1759 3508 1831 3532; x_wconf 70' lang='lat' dir='ltr'>tertia</span> <span class='ocrx_word' id='word_1_769' title='bbox 1849 3514 1908 3542; x_wconf 84' lang='lat' dir='ltr'>prae</span> <span class='ocrx_word' id='word_1_770' title='bbox 1895 3513 1935 3532; x_wconf 77' lang='lat' dir='ltr'>eet</span> <span class='ocrx_word' id='word_1_771' title='bbox 1922 3515 1950 3532; x_wconf 80' lang='lat' dir='ltr'>er</span> <span class='ocrx_word' id='word_1_772' title='bbox 1967 3508 1990 3533; x_wconf 79' lang='lat' dir='ltr'>b.</span> 
     </span>
     <span class='ocr_line' id='line_1_125' title="bbox 1379 3540 2381 3577; baseline 0.002 -10"><span class='ocrx_word' id='word_1_773' title='bbox 1379 3540 1404 3575; x_wconf 82' lang='grc' dir='ltr'>δ)</span> <span class='ocrx_word' id='word_1_774' title='bbox 1427 3542 1457 3567; x_wconf 90' lang='lat' dir='ltr'>U</span> <span class='ocrx_word' id='word_1_775' title='bbox 1457 3543 1509 3568; x_wconf 78' lang='lat' dir='ltr'>uie</span> <span class='ocrx_word' id='word_1_776' title='bbox 1527 3542 1602 3567; x_wconf 79' lang='lat' dir='ltr'>-Et</span> <span class='ocrx_word' id='word_1_777' title='bbox 1618 3549 1690 3575; x_wconf 68' lang='lat' dir='ltr'>sequi</span> <span class='ocrx_word' id='word_1_778' title='bbox 1682 3543 1737 3568; x_wconf 77' lang='lat' dir='ltr'>itur</span> <span class='ocrx_word' id='word_1_779' title='bbox 1756 3543 1825 3568; x_wconf 77' lang='lat' dir='ltr'>unde</span> <span class='ocrx_word' id='word_1_780' title='bbox 1837 3543 1865 3572; x_wconf 92' lang='grc' dir='ltr'>Ρ,</span> <span class='ocrx_word' id='word_1_781' title='bbox 1880 3543 1915 3567; x_wconf 87' lang='lat' dir='ltr'>Et</span> <span class='ocrx_word' id='word_1_782' title='bbox 1933 3550 2003 3576; x_wconf 80' lang='lat' dir='ltr'>sequ!</span> <span class='ocrx_word' id='word_1_783' title='bbox 1978 3543 2051 3567; x_wconf 85' lang='lat' dir='ltr'>uiurt</span> <span class='ocrx_word' id='word_1_784' title='bbox 2036 3544 2182 3576; x_wconf 81' lang='lat' dir='ltr'>requod</span> <span class='ocrx_word' id='word_1_785' title='bbox 2158 3549 2182 3568; x_wconf 86' lang='lat' dir='ltr'>te</span> <span class='ocrx_word' id='word_1_786' title='bbox 2184 3544 2231 3568; x_wconf 75' lang='lat' dir='ltr'>rtis</span> <span class='ocrx_word' id='word_1_787' title='bbox 2250 3544 2381 3577; x_wconf 70' lang='lat' dir='ltr'>praeter-l.</span> 
     </span>
    </p>
   </div>
   <div class='ocr_carea' id='block_1_30' title="bbox 2204 3639 2239 3665">
    <p class='ocr_par' dir='ltr' id='par_1_34' title="bbox 2204 3639 2239 3665">
     <span class='ocr_line' id='line_1_126' title="bbox 2204 3639 2239 3665; baseline 0.057 -2"><span class='ocrx_word' id='word_1_788' title='bbox 2204 3639 2239 3665; x_wconf 82' lang='lat'>49</span> 
     </span>
    </p>
   </div>
  </div>
 </body>
</html>
