2872 3970
889 276 1151 322 QUAESTIO
1180 276 1313 322 XLIII,
1342 276 1634 315 ARTICULUS
1663 278 1713 314 IV

211 379 235 388 .,
271 351 370 393 Quod
392 353 487 384 etiam
509 352 716 384 confirmatur
739 362 776 383 ex
795 362 834 383 eo
859 352 948 392 quod
971 353 1105 383 Ioannes
1128 353 1271 394 Evange-

216 394 375 437 lssta'non
388 399 444 428 'est
466 402 655 436 prosecutus
677 395 854 427 secundum
878 402 909 426 et
931 397 1059 427 tertium
1081 397 1271 427 miraculum

210 441 250 487 ¹in
273 440 362 473 Cana
385 439 562 470 Galilaeae:
588 439 677 480 quod
698 439 961 480 prosequendum
985 445 1050 470 erat
1073 441 1098 470 si
1120 441 1270 480 primum,

214 484 284 516 tion
306 483 490 524 simpliciter
511 482 567 514 sed
588 484 622 513 in
644 483 733 514 Cana
749 482 918 520 Galilaeae,
938 484 1072 514 scribere
1096 493 1129 514 se
1151 493 1272 524 propo-

124 538 146 552 ».
211 528 344 563 'nissen
368 532 400 558 et
420 535 488 557 non
510 528 619 567 potius
641 527 767 557 initium
790 527 955 567 signorum
978 528 1016 557 ab
1040 528 1190 558 omnibus
1213 528 1271 558 cir-

187 574 191 577 ’
211 571 412 608 muntiis
435 569 610 601 describere
633 579 667 601 se
689 575 903 601 monstrasset.

2304 291 2382 327 419

1379 354 1421 384 Et
1442 355 1506 384 hoc
1529 354 1615 386 idem
1638 360 1726 394 patet
1748 364 1786 385 ex
1806 364 1845 385 eo
1870 355 1958 395 quod
1982 357 2143 396 subiungit
2166 356 2382 396 Evangelista:

1324 397 1368 427 Et
1389 398 1608 439 manifestavit
1627 398 1772 439 gloriam
1796 408 1898 429 suam.
1929 399 2004 430 Non
2028 400 2119 436 dicit,
2145 400 2176 430 in
2203 400 2295 430 Cana
2320 400 2384 430 Ga-

1326 441 1459 471 lilaeae:
1482 441 1546 477 sed,
1571 442 1756 482 simpliciter
1780 448 1811 472 et
1834 443 1989 478 absolute,
2012 443 2056 472 Et
2074 444 2291 485 manifestavit
2312 444 2384 485 glo—

1326 485 1409 514 riam
1431 492 1547 522 suam,·
1569 485 1682 525 procul
1706 485 1804 516 dubio
1828 486 1915 525 prius
1938 487 2102 521 latentem,
2128 488 2202 526 quia
2225 487 2384 518 miraculis

1326 528 1429 558 adhuc
1452 538 1520 559 non
1536 529 1688 559 claruerat
1711 529 1795 559 illius
1810 534 1922 559 natura
1939 530 2054 566 divina,
2072 540 2154 570 quae
2177 536 2254 561 tunc
2278 532 2384 571 coepit

1325 572 1485 602 miraculis
1509 582 1685 603 coruscare.

991 706 1310 750 ARTICULUS
1340 707 1610 759 QUARTUS

830 799 986 830 UTRUM
1010 799 1237 830 MIRACULA
1260 800 1380 838 QUAE
1405 800 1617 832 CHRISTUS
1640 801 1768 832 FECIT

592 842 782 873 FUERINT
806 843 1107 874 SUFFICIENTIA
1129 844 1188 874 AD
1213 843 1543 875 OSTENDENDAM
1566 845 1854 876 DIVINITATEM
1878 846 2007 877 IPSIUS

509 911 540 936 Ill
561 912 644 942 Sem„
664 912 723 936 dist.
741 919 791 943 xvr,
810 919 854 944 qu.
873 919 890 943 1,
910 918 956 938 art.
977 912 1006 943 3;
1025 913 1034 937 1
1057 913 1133 938 Cont.
1155 914 1241 942 Geni..
1262 921 1317 946 cap.
1336 921 1375 944 νη
1395 914 1436 943 IV,
1457 922 1512 947 cap.
1531 922 1577 944 Lv;
1599 915 1695 945 Quodl.
1715 915 1744 944 Π,
1763 923 1807 948 qu.
1827 923 1860 946 w,
1881 921 1927 940 art.
1949 922 1970 945 1,
1991 916 2021 940 ad
2041 924 2071 947 4;

975 948 1005 972 In
1026 948 1109 977 Ioan..
1129 955 1185 981 cap.
1204 955 1229 978 v,
1247 949 1306 973 lect.
1324 955 1364 978 νη
1384 956 1438 981 cap.
1457 957 1496 979 κν.
1517 950 1575 975 lect.
1592 957 1616 975 v.

143 1023 156 1051 f·
211 1021 231 1067 s.
252 1042 309 1073 χῖ)
332 1048 398 1070 „K
423 1037 446 1062 n
466 1037 637 1067 QUARTUM
657 1037 708 1062 εις
727 1037 961 1062 PROCEanUR.
986 1025 1147 1062 Videtur
1165 1025 1271 1074 quod

241 1056 404 1134 535.)
424 1077 608 1115 miracula
640 1089 739 1126 quae
770 1077 942 1114 Christus
969 1077 1064 1123 fecit,
1085 1089 1166 1114 non
1192 1078 1271 1114 fue-

138 1148 151 1170 a:
211 1169 219 1175 „
235 1125 269 1176 J*
290 1146 350 1179 xm,
360 1116 514 1166 ‘'runt
541 1129 767 1166 sufficientia
794 1130 842 1166 ad
871 1130 1149 1167 ostendendam
1177 1129 1271 1167 divi-

224 1158 366 1217 «ζ’-Ψ)
380 1175 412 1216 N
425 1181 582 1219 nitatem
604 1181 734 1231 ipsius.
763 1183 857 1219 Esse
876 1181 982 1219 enim
1000 1183 1129 1219 Deum
1148 1190 1184 1218 et
1202 1183 1271 1219 ho-

211 1227 362 1280 {t'ni'nem
378 1234 583 1284 proprium
601 1241 656 1271 est
676 1234 839 1272 Christo.
871 1235 949 1271 Sed
967 1235 1152 1272 miracula
1171 1247 1271 1284 quae

138 1300 172 1336 πῃ,
207 1278 389 1340 §hristus
421 1286 524 1332 fecit,
554 1286 669 1324 etiam
706 1284 754 1324 ab
789 1286 869 1324 aliis
901 1294 990 1324 sunt
1021 1287 1127 1324 facta.
1170 1287 1272 1335 Ergo

282 1346 366 1384 „tur
401 1339 508 1389 quod
540 1351 621 1376 non
647 1339 786 1377 fuerint
818 1338 1044 1376 sufficientia
1071 1339 1119 1376 ad
1149 1347 1272 1376 osten-

263 1391 383 1430 tidam
409 1391 646 1430 divinitatem
672 1391 803 1441 ipsius.

137 1443 213 1493 ³332„
234 1434 257 1447 ’”
268 1455 303 1481 2.
332 1444 564 1490 PRAETEREA,
583 1443 721 1481 virtute
740 1443 943 1481 divinitatis
964 1449 980 1465 ‘²
1003 1443 1098 1483 nihil
1116 1452 1171 1481 est
1192 1457 1272 1482 ma-

133 1501 143 1526 .·
156 1495 163 1542 J
204 1507 308 1602 ffin
322 1497 399 1534 Sed
426 1496 544 1546 aliqui
570 1497 740 1534 fecerunt
767 1496 915 1534 maiora
942 1496 1127 1534 miracula
1154 1509 1273 1546 quam

130 1544 204 1589 ζ”””’ἷ
297 1548 407 1588 'stus;
436 1549 574 1586 dicitur
601 1549 705 1586 enim
731 1549 835 1586 Ioan.
853 1561 914 1586 xxv
931 1548 969 1585 *z
1005 1550 1080 1591 Qui
1098 1550 1212 1586 credit
1235 1551 1272 1586 in

147 1595 162 1643 ‘j‘
190 1612 284 1656 sm,
313 1614 428 1651 opera
457 1614 551 1652 quae
577 1613 648 1651 ego
666 1601 787 1649 facio,
816 1607 850 1638 et
877 1603 953 1651 ipse
968 1602 1110 1649 faciet:
1137 1608 1170 1638 et
1196 1614 1273 1639 ma-

206 1650 295 1705 Ξρνα
321 1655 456 1692 horum
473 1655 604 1702 faciet.
647 1655 749 1705 Ergo
777 1653 928 1691 videtur
955 1655 1063 1703 quod
1090 1654 1274 1691 miracula

125 1709 168 1755 ,ᾗ
196 1716 312 1758 'quae
349 1706 522 1744 Christus
549 1705 645 1752 fecit,
674 1718 755 1744 non
788 1706 926 1743 fuerint
967 1706 1193 1744 sufficientia
1224 1707 1273 1744 ad

139 1758 167 1799 ,21³
194 1758 496 1806 *patendendum
524 1757 761 1796 divinitatem
789 1758 919 1808 ipsius.

191 1809 229 1862 λζ’]
267 1810 302 1848 3.
330 1811 571 1855 Prummu,
601 1823 648 1848 ex
677 1810 894 1861 particulari
930 1823 1010 1848 non
1043 1811 1275 1848 sufficienter

192 1863 426 1910 &ostenditur
438 1863 664 1900 universale.
686 1863 763 1900 Sed
781 1863 979 1912 quodlibet
997 1863 1274 1901 miraculorum

190 1912 352 1963 {Christi
379 1915 449 1954 fuit
476 1915 676 1966 quoddam
703 1915 927 1965 particulare
957 1928 1067 1965 opus.
1097 1917 1198 1964 Ergo
1228 1929 1274 1953 ex

150 1970 158 1990 ³·
212 1968 319 2006 nullo
347 1981 484 2006 eorum
511 1967 634 2018 potuit
661 1967 892 2005 manifestari
918 1968 1151 2006 sufficienter
1179 1969 1273 2006 divi-

134 2025 157 2036 ⁸
212 2021 309 2059 nitas
337 2021 487 2068 Christi,
508 2021 556 2058 ad
584 2033 703 2070 quam
730 2020 892 2070 pertinet
919 2021 1176 2058 universalem
1199 2021 1272 2058 vir-

208 2081 335 2119 tutem
362 2074 503 2111 habere
531 2073 579 2110 de
608 2073 801 2110 omnibus.

202 2133 204 2135 ’
266 2127 341 2164 ΞΕ»
360 2138 504 2163 comA
523 2138 589 2163 EST
607 2126 716 2174 quod
742 2125 936 2163 Dominus
955 2125 1056 2171 dicit,
1077 2127 1180 2163 Ioan.
1196 2139 1220 2163 v
1233 2126 1270 2162 ²¹²:

136 2161 166 2189 ‘¹
200 2179 340 2231 ·:Opera
366 2191 462 2228 quae
488 2179 584 2216 dedit
611 2180 703 2215 mihi
727 2180 840 2215 Pater
867 2184 905 2215 ut
924 2179 1091 2226 faciam,
1120 2180 1199 2228 ipsa
1226 2184 1282 2229 te·-

127 2259 157 2277 ,ι
211 2233 422 2270 stim0nium
445 2232 640 2280 perhibent
666 2231 712 2267 de
738 2243 808 2267 me.

265 2284 489 2321 REspoxmo
507 2295 689 2320 monimum
707 2284 814 2332 quod
842 2283 1026 2320 miracula
1045 2295 1144 2332 quae
1165 2283 1273 2320 Chri-

192 2343 293 2374 stus
327 2336 432 2381 fecit,
462 2335 687 2373 sufficientia
723 2343 829 2373 erant
866 2336 915 2373 ad
951 2336 1274 2373 manifestandum

213 2388 450 2427 divinitatem
469 2388 598 2438 ipsius,
615 2389 830 2425 seeundum
849 2388 930 2426 tria.
952 2388 1082 2426 Primo
1102 2388 1272 2437 quidem,

148 2464 164 2491 3
213 2441 429 2479 secundum
456 2441 580 2491 ipsam
608 2441 776 2490 speciem
811 2453 986 2490 operum,
1023 2453 1122 2490 quae
1154 2449 1274 2478 trans-

206 2492 427 2532 'bendebant
454 2499 614 2531 omnem
639 2501 866 2543 potestatem
894 2501 1040 2531 creatae
1059 2493 1217 2542 virtutis,
1239 2501 1274 2530 et

134 2530 139 2583 J
188 2544 302 2596 [ideo
337 2558 418 2584 non
448 2550 624 2596 poterant
654 2545 738 2583 fieri
774 2546 846 2583 nisi
872 2546 1010 2583 virtute
1043 2546 1184 2584 divina.
1227 2547 1275 2583 Et

194 2602 195 2606 ’
211 2597 370 2650 propter
386 2600 462 2636 hoc
480 2610 616 2636 caecus
635 2598 871 2636 illuminatus
890 2599 1049 2644 dicebat,
1070 2600 1172 2636 Ioan.
1189 2611 1223 2636 lx
1236 2599 1271 2636 *ε

144 2695 146 2698 y
170 2671 171 2674 ¹
211 2652 250 2694 A
264 2653 412 2690 saeculo
439 2664 514 2690 non
534 2657 584 2688 est
602 2652 766 2689 auditum
787 2653 873 2701 quia
891 2653 1035 2701 aperuit
1053 2654 1132 2701 quis
1150 2653 1275 2690 oculos

129 2710 154 2739 ,ἱ
211 2706 316 2742 caeci
341 2706 428 2742 nati.
457 2705 544 2742 Nisi
569 2710 659 2741 esset
684 2705 744 2741 hic
761 2717 785 2742 a
803 2705 897 2751 Deo,
918 2717 991 2741 non
1006 2710 1129 2754 posset
1139 2706 1275 2753 facere

214 2758 424 2809 quidquam.

212 2818 232 2858 j
265 2808 468 2856 Secundo,
496 2817 653 2859 propter
684 2809 850 2846 modum
877 2809 1062 2847 miracula
1088 2809 1271 2847 faciendi:

130 2863 150 2900 a}
190 2861 305 2913 ‚quia
331 2862 469 2900 scilicet
496 2862 606 2911 quasi
633 2862 789 2911 propria
813 2869 997 2911 potestate
1020 2862 1204 2899 miracula
1221 2863 1273 2900 fa-

214 2914 348 2961 ciebat,
372 2927 453 2952 non
480 2922 610 2952 autem
638 2915 797 2960 orando,
817 2914 914 2951 sicut
941 2914 1013 2952 alii.
1044 2915 1155 2952 Unde
1183 2915 1273 2952 dici-

129 2961 153 3014 ‘j
177 2999 182 3003 .
213 2975 277 3005 tur
293 2968 388 3005 Luc.
403 2979 438 3005 VI
456 2967 488 3013 *,
511 2967 618 3016 quod
635 2969 751 3004 virtus
769 2967 814 3003 de
839 2967 901 3004 illo
921 2969 1044 3004 exibat
1068 2973 1101 3004 et
1118 2969 1274 3004 sanabat

134 3013 161 3053 ³»
214 3026 352 3058 omnes.
381 3021 455 3057 Per
472 3020 579 3068 quod
598 3019 821 3065 ostenditur,
841 3019 937 3056 sieut
957 3019 1119 3069 Cyrillus
1139 3019 1227 3056 dicit
1240 3020 1271 3065 *‚

190 3087 193 3089 ·
214 3073 322 3122 quod
349 3084 424 3110 non
451 3074 652 3121 accipiebat
679 3072 840 3108 alienam
868 3073 1056 3109 virtutem.-
1080 3072 1158 3118 sed,
1188 3084 1273 3109 cum

200 3131 303 3162 *esset
337 3125 554 3162 naturaliter
585 3125 707 3169 Deus,
731 3125 928 3173 propriam
962 3125 1130 3161 virtutem
1163 3137 1275 3173 super

62 3194 64 3202 x
135 3181 176 3207 ἠ
214 3178 383 3226 infirmos
410 3177 629 3214 ostendebat.
670 3178 718 3213 Et
745 3182 902 3225 propter
927 3177 997 3213 hoc
1031 3178 1142 3213 etiam
1169 3178 1273 3213 innu-

135 3204 148 3231 η’,
196 3230 408 3267 vmerabilia
444 3229 626 3266 miracula
657 3229 835 3276 faciebat.
877 3228 988 3265 Unde
1025 3240 1142 3277 super
1181 3227 1272 3265 illud

61 3265 70 3277 „
202 3281 348 3319 Matth.
360 3293 417 3319 vm
430 3281 462 3327 *‚
481 3282 658 3318 Eiiciebat
674 3282 821 3330 spiritus
838 3282 964 3326 verbo,
979 3287 1012 3317 et
1031 3293 1158 3317 omnes
1175 3281 1274 3317 male

131 3333 386 3390 '‘jsshabentes
417 3335 579 3379 curavit,
608 3333 697 3370 dicit
730 3333 1028 3382 Chrysostomus
1046 3332 1086 3369 *ε
1120 3333 1274 3369 Intende

121 3431 161 3438 ,
217 3392 391 3436 quantam
409 3386 676 3423 multitudinem
694 3391 862 3422 curatam
881 3391 1139 3422 transcurrunt
1151 3387 1273 3422 Evan-

270 3497 298 3530 α)
315 3499 473 3524 diuinitatis.
491 3513 511 3518 -
528 3499 619 3524 divina
639 3499 668 3523 P.

271 3531 297 3568 β)
316 3533 434 3559 larvalis.
450 3548 470 3553 -
486 3534 604 3560 carnalis
623 3533 708 3558 BHsG
726 3538 759 3568 et⁴
769 3533 903 3558 editiones.

269 3569 298 3604 τ)
315 3569 396 3595 Num.
413 3583 433 3589 -
450 3570 518 3601 Ηῠες
538 3569 598 3594 Non
618 3569 657 3600 Pl,
676 3570 717 3593 An
738 3568 764 3593 in
783 3568 830 3599 sG,
853 3568 927 3593 Unde
946 3567 1030 3594 ceteri.
1049 3567 1088 3593 Cf.
1107 3573 1152 3593 art.
1174 3575 1186 3592 2
1206 3576 1230 3602 γ.

1318 1026 1496 1078 gelidae,
1526 1039 1600 1064 non
1630 1034 1926 1077 unumquemque
1953 1034 2122 1065 curatum
2150 1035 2384 1075 enarrantes,

1324 1078 1390 1114 sed
1415 1091 1489 1115 uno
1507 1082 1620 1116 verbo
1643 1080 1803 1129 pelagus
1830 1080 2018 1129 ineffabile
2036 1082 2302 1117 miraculorum
2331 1084 2385 1118 in-

1326 1130 1506 1167 ducentes.
1545 1132 1593 1168 Et
1620 1144 1666 1168 ex
1694 1132 1769 1169 hoc
1797 1133 2068 1169 ostendebatur
2096 1133 2202 1181 quod
2230 1134 2386 1170 haberet

1325 1182 1506 1219 virtutem
1534 1186 1784 1232 coaequalem
1807 1185 1891 1221 Deo
1911 1184 2028 1221 Patri:
2059 1186 2274 1221 secundum
2293 1186 2386 1222 illud

1326 1235 1429 1271 Ioan.
1450 1247 1473 1272 v
1492 1235 1528 1272 *z
1565 1237 1827 1285 Quaecumque
1852 1238 1964 1273 Pater
1980 1238 2091 1284 facit,
2111 1238 2202 1274 haec
2221 1244 2254 1274 et
2273 1238 2386 1274 Filius
2413 1249 2423 1259 ·
2459 1253 2495 1268 ers
2519 1255 2526 1269 ι

1325 1288 1491 1324 similiter
1507 1289 1626 1335 sacit;
1663 1296 1699 1325 et
1726 1289 1870 1325 ibidem
1898 1288 1936 1325 ²¹⁸:
1974 1291 2072 1325 Sicut
2099 1290 2210 1326 Pater
2242 1292 2387 1327 suscitat
2414 1300 2423 1309 ·
2460 1306 2495 1321 ers
2519 1306 2529 1320 ²

1326 1346 1491 1377 mortuos
1523 1347 1555 1377 et
1582 1342 1759 1389 vivificat,
1787 1343 1840 1378 sic
1867 1347 1900 1378 et
1927 1342 2042 1378 Filius
2071 1354 2159 1390 quos
2193 1343 2267 1380 vult
2301 1345 2386 1380 vivi-

1315 1393 1423 1440 fleat.

1381 1445 1528 1491 Tertio,
1559 1458 1605 1482 ex
1632 1445 1715 1495 ipsa
1749 1445 1921 1483 doctrina
1952 1458 2029 1495 qua
2057 1459 2097 1483 se
2124 1447 2254 1483 Deum
2288 1446 2387 1484 dice-

1327 1498 1408 1535 bat:
1438 1510 1538 1547 quae
1566 1498 1638 1535 nisi
1658 1510 1750 1535 vera
1777 1506 1885 1544 esset,
1906 1511 1986 1535 non
2005 1499 2298 1536 confirmaretur
2317 1499 2386 1536 rni—

1333 1605 1528 1646 Quaenam
1556 1603 1722 1640 doctrina
1749 1605 1841 1641 haec
1869 1604 1994 1641 nova?
2028 1605 2123 1646 Quia
2151 1606 2188 1641 in
2212 1610 2388 1653 potestate

1326 1657 1510 1705 spiritibus
1537 1656 1735 1692 immundis
1762 1658 1930 1705 imperat,
1960 1662 1993 1692 et
2020 1657 2191 1693 obediunt
2218 1659 2254 1693 ei
2261 1657 2282 1692 i>

1381 1709 1438 1745 AD
1466 1720 1600 1745 PRIMUM
1628 1720 1726 1745 ERGO
1754 1709 2070 1757 mOENDUM-quod
2097 1710 2192 1745 haec
2217 1717 2295 1746 erat
2320 1709 2386 1745 ob-

1327 1760 1438 1797 iectio
1466 1760 1674 1809 gentilium.
1703 1761 1815 1798 Unde
1843 1761 2079 1808 Augustinus
2108 1761 2206 1808 dicit,
2230 1761 2268 1797 in
2297 1761 2387 1810 Epi-

1328 1814 1423 1850 stola
1450 1813 1500 1850 ad
1534 1813 1772 1850 Volusianum
1791 1813 1826 1848 *ε
1860 1814 1997 1859 Nulla,
2026 1815 2212 1863 inquiunt,
2242 1826 2387 1863 compe-

1327 1867 1480 1902 tentibus
1506 1866 1623 1914 signis
1649 1871 1772 1902 tantae
1791 1867 1986 1902 maiestatis
2005 1866 2140 1902 indicia
2163 1866 2386 1903 claruerunt.

1334 1919 1430 1960 Quia
1458 1915 1642 1954 larvalisss
1670 1917 1733 1954 illa
1755 1919 1947 1967 purgatio,
1967 1930 2045 1966 qua
2067 1917 2204 1954 scilicet
2232 1918 2388 1955 daemo-

1327 1982 1395 2007 nes
1424 1970 1626 2018 effugabat,
1655 1970 1828 2007 debilium
1856 1982 1960 2016 cura,
1989 1970 2130 2007 reddita
2158 1972 2231 2007 vita
2259 1971 2388 2018 defun-

1327 2025 1403 2069 ctis,
1431 2024 1465 2059 si
1489 2029 1522 2059 et
1549 2023 1624 2059 alia
1652 2023 1939 2068 considerentur,
1963 2023 2044 2059 Deo
2066 2035 2191 2072 parva
2218 2030 2310 2060 sunt.
2341 2025 2389 2060 Et

1327 2076 1376 2112 ad
1404 2075 1479 2111 hoc
1507 2075 1712 2123 respondet
1734 2075 1969 2122 Augustinus
1988 2075 2026 2111 *ε
2056 2077 2235 2112 Fatemur
2262 2082 2295 2112 et
2323 2089 2389 2113 nos

1326 2129 1414 2164 talia
1438 2127 1583 2176 quidem
1600 2128 1739 2174 fecisse
1759 2129 1970 2176 prophetas.
1999 2128 2072 2164 Sed
2088 2133 2121 2164 et
2139 2129 2215 2177 ipse
2232 2130 2389 2177 Moyses

1327 2186 1360 2216 et
1391 2177 1503 2216 ceteri
1529 2181 1734 2229 prophetae
1759 2181 1965 2216 Dominum
1992 2181 2115 2216 Iesum
2145 2182 2388 2230 prophetave-

1328 2238 1424 2278 runt,
1454 2238 1488 2268 et
1514 2233 1550 2268 ei
1573 2232 1738 2281 gloriam
1766 2243 1948 2281 magnam
1977 2233 2164 2269 dederunt.
2203 2234 2278 2274 Qui
2297 2246 2387 2282 pro—

1321 2291 1451 2335 pterea
1479 2285 1567 2322 talia
1595 2290 1628 2321 et
1655 2286 1731 2333 ipse
1751 2285 1887 2332 facere
1913 2284 2040 2330 voluit,
2071 2297 2118 2321 ne
2144 2291 2232 2322 esset
2260 2287 2387 2323 absur—

1328 2337 1427 2383 dum,
1458 2337 1556 2386 quod
1575 2349 1648 2386 per
1675 2337 1755 2373 illos
1771 2337 1939 2384 fecerat,
1967 2338 2000 2373 si
2025 2338 2101 2386 ipse
2134 2349 2207 2374 non
2225 2338 2385 2385 faceret.

1328 2390 1401 2427 Sed
1417 2395 1539 2427 tamen
1559 2395 1592 2427 et
1610 2389 1750 2438 aliquid
1761 2390 1959 2438 proprium
1968 2390 2104 2436 facere
2121 2390 2259 2426 debuit:
2286 2393 2390 2427 nasci

1327 2443 1373 2479 de
1399 2444 1562 2492 Virgine,
1584 2453 1781 2491 resurgere
1807 2454 1830 2478 a
1850 2443 2014 2487 mortuis,
2035 2443 2072 2478 in
2092 2442 2235 2478 caelum
2264 2455 2387 2480 ascen-

1327 2495 1425 2532 dere.
1454 2495 1544 2531 Hoc
1561 2495 1642 2531 Deo
1671 2495 1734 2543 qui
1753 2506 1893 2543 parum
1915 2499 2033 2543 putat,
2054 2495 2143 2543 quid
2161 2495 2248 2543 plus
2275 2507 2386 2545 expe-

1327 2553 1395 2584 ctet
1415 2549 1561 2598 ignoro.
1590 2547 1695 2584 Num
1715 2551 1743 2592 Υ,
1762 2548 1911 2583 homine
1929 2552 2126 2596 assumpto,
2146 2547 2260 2584 alium
2280 2560 2386 2586 mun-

1327 2600 1415 2637 dum
1433 2600 1570 2647 facere
1605 2599 1736 2645 debuit,
1765 2605 1803 2636 ut
1830 2611 1913 2635 eum
1946 2611 2022 2635 esse
2055 2599 2288 2636 crederemus
2315 2613 2388 2650 per

1328 2665 1436 2702 quem
1454 2653 1582 2700 sactus
1609 2657 1660 2688 est
1686 2651 1873 2688 mundus?
1900 2652 1973 2688 Sed
1990 2663 2057 2688 nec
2075 2653 2198 2688 maior
2215 2654 2385 2699 mundus,

1328 2717 1396 2742 nec
1423 2706 1481 2741 isti
1506 2705 1669 2753 aequalis
1697 2706 1733 2740 in
1762 2705 1832 2740 hoc
1847 2705 1943 2752 fieri
1962 2710 2103 2753 posset.-
2129 2707 2162 2740 si
2178 2711 2299 2741 autem
2319 2717 2386 2742 mz-

1329 2770 1458 2795 norem
1490 2758 1632 2804 faceret
1665 2757 1766 2803 infra
1798 2759 1924 2802 istum,
1953 2757 2117 2793 similiter
2147 2758 2217 2793 hoc
2245 2770 2387 2807 quoque

1321 2822 1462 2860 parum
1484 2815 1690 2859 putaretur.
2300 2816 2303 2821 ¹

1381 2863 1492 2909 Quae
1520 2869 1649 2898 tamen
1672 2860 1733 2897 alii
1750 2861 1931 2906 fecerunt,
1954 2860 2125 2897 Christus
2145 2862 2386 2900 excellentius

1325 2914 1421 2951 fecit.
1450 2914 1562 2951 Unde
1591 2925 1706 2962 super
1733 2914 1835 2950 Ioan.
1855 2925 1903 2950 xv
1921 2913 1959 2959 ³²,
1989 2915 2030 2950 Si
2055 2925 2169 2962 opera
2189 2927 2262 2951 non
2272 2916 2384 2962 fecis-
2414 2922 2422 2931 '
2460 2927 2471 2942 e

1325 2979 1401 3004 sem
1430 2968 1467 3003 in
1497 2968 1547 3002 eis
1576 2978 1670 3014 quae
1697 2977 1805 3002 nemo
1833 2966 1927 3002 alius
1943 2967 2054 3013 fecit,
2076 2973 2160 3011 etc.,
2190 2966 2279 3003 dicit
2307 2969 2384 3004 Au-

1326 3018 1499 3067 gustinus
1517 3018 1553 3054 *:
1583 3018 1700 3054 Nulla
1723 3019 1759 3054 in
1780 3019 1949 3067 operibus
1971 3019 2107 3054 Christi
2124 3018 2294 3056 videntur
2311 3032 2387 3057 esse

1306 3073 1473 3108 ,maiora
1501 3083 1612 3119 quam
1639 3071 1820 3107 suscitatio
1848 3075 2103 3107 mortuorum.-
2131 3072 2229 3120 quod
2253 3074 2387 3110 scimus

1327 3125 1436 3160 etiam
1464 3124 1631 3171 antiquos
1648 3123 1786 3169 fecisse
1806 3124 2017 3172 prophetas.
2046 3125 2150 3159 Fecit*
2167 3129 2289 3161 tamen
2319 3125 2385 3162 ali—

1328 3188 1400 3225 qua
1432 3176 1595 3212 Christus
1622 3187 1716 3223 quae
1744 3187 1851 3211 nemo
1879 3175 1973 3212 alius
1989 3176 2094 3223 fecit.
2138 3177 2211 3213 Sed
2236 3189 2385 3227 respon-

1328 3229 1433 3265 detur
1452 3229 1555 3264 nobis
1582 3233 1615 3263 et
1642 3227 1734 3263 alios
1746 3228 1883 3275 fecisse
1902 3240 1996 3276 quae
2014 3240 2081 3264 nec
2099 3230 2186 3277 ipse,
2207 3242 2274 3266 nec
2292 3231 2386 3267 alius

1317 3281 1422 3328 fecit.
1466 3280 1539 3316 Sed
1565 3280 1663 3328 quod
1687 3285 1763 3316 tam
1791 3280 1905 3316 multa
1931 3282 2018 3317 vitia
2046 3287 2079 3317 et
2105 3282 2224 3318 malas
2251 3283 2384 3320 valetu-

1328 3333 1430 3370 dines
1455 3334 1739 3381 vexationesque
1765 3333 1976 3369 mortalium
2004 3339 2105 3370 tanta
2127 3340 2303 3383 potestate
2328 3347 2384 3372 sa-

1328 3390 1444 3431 naret,
1471 3385 1590 3421 nullus
1617 3386 1768 3422 omnino
1796 3385 1931 3435 legitur
1957 3387 2191 3435 antiquorum
2209 3388 2340 3433 fecisse
2357 3387 2381 3425 δ.

1298 3497 1301 3532 Ι
1379 3497 1403 3531 ὃ)
1423 3498 1478 3523 Sed
1490 3498 1560 3530 quod
1573 3501 1654 3523 tam...
1667 3499 1837 3531 antiquorum
1846 3499 1951 3533 secisse.
1961 3514 1980 3518 -
1993 3500 2047 3524 Sed
2059 3500 2104 3532 qui
2118 3503 2199 3525 tam...
2213 3496 2382 3534 antiquorum

1298 3533 1301 3602 ι
1326 3533 1354 3558 P.
1373 3534 1424 3558 Pro
1442 3536 1564 3558 taceatur
1581 3534 1659 3566 quod,
1680 3538 1781 3560 taceam
1801 3535 1872 3567 quod
1890 3535 1953 3564 Hbc,
1973 3539 2073 3560 taceam
2093 3543 2157 3567 quos
2176 3536 2204 3561 P.

2417 1823 2424 1831 ·
2438 1821 2479 1847 Ep.
2489 1821 2627 1849 CXXXVII,

1328 1550 1464 1588 raculis
1475 1550 1605 1587 divina
1614 1550 1751 1587 virtute
1764 1551 1879 1588 factis.
1898 1551 1946 1587 Et
1957 1551 2044 1588 ideo
2055 1551 2190 1588 dicitur
2199 1551 2320 1588 Marci
2333 1551 2384 1588 1²¹⁶:
2414 1556 2424 1567 ⁸
2461 1562 2473 1576 θ
2486 1562 2496 1576 ⁵
2520 1562 2531 1577 2

2414 1847 2443 1868 al.
2458 1848 2497 1873 111,
2516 1853 2566 1875 cap.
2583 1854 2613 1869 iv.

2512 1922 2526 1954 β

2416 2086 2425 2096 ·
2440 2085 2497 2107 Ibid.
