2872 3970
944 263 1204 309 QUAESTIO
1234 263 1317 309 vn,

242 339 397 387 quando
433 339 567 388 aliquis
602 339 716 376 habet
749 341 860 388 plene
892 339 1049 386 gratiam
1082 340 1295 376 secundum

242 403 352 427 suam
379 392 657 428 conditionem:
687 391 766 428 sive
795 392 1009 428 secundum
1028 392 1295 438 intensionem,

240 451 355 491 prout
382 443 420 479 in
441 455 486 480 eo
507 451 561 480 est
580 444 726 480 intensa
743 443 859 490 gratia
878 456 1001 492 usque
1021 444 1069 480 ad
1088 444 1295 480 terminum

239 494 454 543 praefixum
478 495 512 532 ei
540 508 562 532 a
580 496 677 542 Deo,
706 496 920 532 secundum
943 496 1036 532 illud
1058 498 1189 545 Ephes.
1211 508 1245 533 1v
1263 496 1294 542 ²¹⁵,

244 548 448 596 Unicuique
468 554 632 584 nostrum
660 548 746 584 data
765 553 815 584 est
831 550 957 597 gratia
976 549 1176 584 secundum
1196 560 1294 584 men-

237 611 365 636 suram
397 599 603 636 donationis
633 601 768 636 Christi
771 613 785 644 ;
818 599 897 636 sive
932 599 1046 637 etiam
1081 601 1295 637 secundum

238 650 428 698 virtutem,
443 651 673 700 inquantum
693 651 830 688 scilicet
848 651 963 688 habet
981 653 1195 689 facultatem
1213 664 1294 699 gra-

237 703 310 740 tiae
338 705 387 740 ad
413 704 545 740 omnia
580 716 679 752 quae
712 704 901 753 pertinent
935 705 983 740 ad
1011 717 1127 741 suum
1155 712 1294 741 statum

237 754 316 792 sive
336 755 520 803 officium,
549 756 645 792 sicut
663 757 870 805 Apostolus
889 756 1048 802 dicebat,
1068 758 1199 806 Ephes.
1216 769 1247 793 111
1262 756 1292 803 *,

235 809 337 845 Mihi
360 813 494 854 autem,
522 810 688 846 omnium
706 814 918 846 sanctorum
945 810 1110 855 minimo,
1140 809 1225 846 data
1245 815 1295 845 est

234 862 359 909 gratia
393 861 503 907 haec,
538 860 750 898 illuminare
782 862 948 898 homines
973 859 999 907 ⁶,
1025 869 1093 897 etc.
1131 862 1178 897 Et
1212 860 1293 897 talis

234 912 372 959 gratiae
400 912 598 962 plenitudo
634 925 714 950 non
749 921 804 950 est
838 913 993 962 propria
1022 912 1191 959 Christo,
1226 913 1293 949 sed

235 965 543 1002 communicatur
570 965 650 1002 aliis
677 977 747 1014 per
775 965 982 1002 Christum.

286 1018 343 1054 AD
382 1030 516 1055 PmMUM
548 1030 646 1055 ERGO
674 1030 853 1055 DlCENDUM
890 1019 996 1066 quod
1033 1019 1149 1054 Beata
1176 1017 1291 1064 Virgo

233 1068 370 1106 dicitur
389 1069 506 1117 gratia
524 1071 637 1119 plena
655 1075 680 1117 ⁵,
700 1082 781 1107 non
809 1082 855 1107 ex
873 1077 978 1119 parte
998 1070 1116 1119 ipsius
1139 1069 1290 1117 gratiae,

233 1121 324 1170 quia
357 1134 438 1159 non
465 1122 598 1159 habuit
624 1122 782 1169 gratiam
817 1122 857 1158 in
888 1134 1042 1159 summa
1074 1122 1292 1159 excellentia

232 1186 310 1222 qua
328 1181 452 1223 potest
469 1174 613 1222 haberi,
641 1187 713 1211 nec
734 1175 783 1211 ad
802 1186 938 1211 omnes
957 1175 1114 1211 effectus
1132 1174 1288 1221 gratiae:

232 1226 299 1263 sed
326 1226 464 1263 dicitur
489 1227 603 1263 fuisse
635 1229 749 1275 plena
775 1226 914 1274 gratiae
941 1239 1011 1275 per
1037 1226 1290 1275 comparatio-

231 1290 323 1315 nem
350 1279 398 1315 ad
426 1278 561 1327 ipsam,
584 1279 675 1327 quia
694 1278 832 1315 scilicet
854 1278 1019 1315 habebat
1037 1278 1195 1326 gratiam
1215 1279 1290 1315 suf-

230 1330 423 1368 ficientem
451 1331 499 1368 ad
527 1338 667 1367 statum
695 1330 803 1368 illurn
838 1331 887 1367 ad
914 1343 1033 1379 quem
1067 1338 1146 1367 erat
1173 1332 1289 1367 electa

231 1394 253 1419 a
279 1383 376 1430 Deo,
406 1390 448 1420 ut
474 1382 612 1420 scilicet
639 1390 736 1420 esset
763 1390 885 1420 mater
902 1382 975 1419 Dei
994 1382 1016 1419 ζ.
1046 1383 1095 1419 Et
1122 1382 1291 1419 similiter

231 1435 448 1484 Stephanus
483 1435 620 1472 dicitur
652 1437 789 1484 plenus
823 1435 960 1482 gratia,
999 1435 1090 1483 quia
1125 1435 1290 1472 habebat

228 1487 387 1534 gratiam
414 1487 668 1534 sufficientem
696 1488 744 1524 ad
763 1489 839 1524 hoc
867 1488 974 1537 quod
1002 1495 1098 1524 esset
1125 1486 1288 1524 idoneus

229 1539 401 1577 minister
428 1547 464 1577 et
490 1540 592 1577 testis
620 1540 704 1586 Dei,
733 1540 781 1576 ad
809 1541 916 1589 quod
944 1548 1022 1576 erat
1050 1541 1200 1576 electus.
1240 1541 1288 1576 Et

280 1662 306 1695 δ)
325 1663 451 1689 homines.
469 1678 489 1682 -
506 1671 596 1689 omnes
616 1664 645 1689 P.
874 1680 877 1682 —

281 1698 304 1731 ε)
324 1698 424 1724 dicitur
441 1699 534 1732 gratia
547 1699 638 1731 plena.
655 1712 675 1717 -
693 1698 765 1724 dicta
783 1701 822 1723 est
835 1699 918 1730 plena
936 1698 1029 1731 gratia
1047 1698 1127 1723 tertia.

280 1733 306 1765 ζ)
327 1733 386 1759 Dei.
405 1747 424 1752 -
445 1733 582 1766 Unigenitu'
599 1734 655 1758 eius
675 1733 694 1757 F
714 1739 739 1758 et
756 1734 837 1759 tertia.

280 1768 308 1802 η)
327 1769 417 1794 eadem
438 1769 552 1794 ratione.
569 1782 588 1787 —
605 1768 710 1794 ratione
728 1769 819 1793 eadem
839 1769 870 1798 G,
891 1769 959 1793 idem
979 1773 1064 1793 cetera
1081 1769 1154 1793 tertia
1173 1774 1198 1793 et
1216 1769 1245 1793 F.

1352 263 1641 300 ARTICULUS
1669 264 1704 299 X
2339 276 2350 300 1
2366 276 2409 312 19

1350 341 1486 376 eadem
1514 340 1658 377 ratione
1679 346 1696 367 η
1725 341 1929 377 dicendum
1960 349 2014 377 est
2048 341 2095 378 de
2124 342 2214 379 aliis.
2258 343 2408 379 Harum

1350 400 1478 430 tamen
1505 393 1788 442 plenitudinum
1816 405 1894 429 una
1913 400 1968 429 est
1986 393 2135 442 plenior
2154 395 2242 431 alia:
2273 407 2407 431 secun-

1350 445 1445 481 dum
1473 446 1579 494 quod
1599 445 1733 494 aliquis
1761 453 1815 481 est
1842 445 2022 482 divinitus
2050 446 2338 494 praeordinatus
2359 447 2408 484 ad

1350 497 1519 534 altiorem
1549 499 1610 534 vel
1638 497 1853 534 inferiorem
1884 505 2033 534 statum.

1401 551 1458 585 AD
1486 562 1673 587 SECUNDUM
1701 562 1880 586 DICENDUM
1908 550 2014 598 quod
2039 551 2245 598 Apostolus
2274 551 2324 587 ibi
2352 553 2406 588 lo-

1349 601 1478 649 quitur
1505 602 1552 638 de
1581 602 1642 638 illa
1668 601 1903 650 plenitudine
1931 601 2069 649 gratiae
2098 615 2196 651 quae
2225 602 2408 651 accipitur

1349 665 1395 689 ex
1414 661 1520 702 parte
1540 653 1710 699 subiecti,
1740 654 1778 690 in
1797 654 2083 702 comparatione
2103 655 2152 691 ad
2171 655 2209 691 id
2232 655 2279 691 ad
2299 655 2406 703 quod

1348 706 1469 742 homo
1497 714 1552 742 est
1579 706 1759 742 divinitus
1778 706 2078 754 praeordinatus
2110 707 2228 753 Quod
2247 707 2403 755 quidem

1348 765 1403 794 est
1421 759 1482 794 vel
1500 758 1642 806 aliquid
1662 770 1883 804 commune,
1900 759 1949 795 ad
1963 759 2069 807 quod
2088 759 2407 807 praeordinantur

1348 821 1484 846 omnes
1503 810 1636 847 sancti:
1667 812 1727 847 vel
1746 810 1889 859 aliquid
1908 810 2080 859 speciale,
2110 811 2216 860 quod
2243 811 2406 860 pertinet

1347 862 1395 898 acl
1430 862 1686 899 excellentiam
1724 863 1952 911 aliquorum.
1992 864 2039 899 Et
2067 864 2282 900 secundum
2309 865 2402 912 hoc,

1346 915 1537 962 quaedam
1572 915 1769 963 plenitudo
1801 915 1940 962 gratiae
1975 924 2030 952 est
2058 916 2239 952 omnibus
2267 916 2404 953 sanctis

1345 966 1581 1002 communis:
1611 974 1654 1003 ut
1681 967 1818 1003 scilicet
1845 968 2010 1004 habeant
2036 968 2195 1014 gratiam
2214 968 2403 1005 sufficien-

1345 1026 1423 1054 tem
1442 1018 1489 1054 ad
1510 1019 1739 1055 merendum
1753 1019 1872 1056 vitam
1891 1027 2096 1066 aeternam,
2113 1032 2211 1068 quae
2231 1020 2269 1056 in
2289 1022 2403 1069 plena

1345 1069 1417 1106 Dei
1430 1070 1608 1107 fruitione
1623 1071 1800 1107 consistit.
1822 1072 1870 1108 Et
1889 1072 1987 1108 hanc
2005 1072 2283 1120 plenitudinem
2298 1081 2403 1121 optat

1345 1123 1551 1171 Apostolus
1579 1122 1755 1160 fidelibus
1783 1123 1922 1172 quibus
1951 1124 2087 1160 scribit.

1397 1176 1454 1210 AD
1475 1186 1632 1212 TER-num
1659 1187 1839 1212 DICENDUM
1867 1176 1973 1224 quod
1993 1176 2054 1212 illa
2073 1176 2176 1213 dona
2195 1189 2293 1225 quae
2313 1185 2401 1214 sunt

1344 1226 1568 1263 communia
1595 1227 1634 1263 in
1652 1227 1783 1275 patria,
1813 1227 1950 1264 scilicet
1969 1227 2077 1274 visio,
2106 1229 2400 1276 comprehensio

1343 1286 1380 1315 et
1406 1278 1545 1325 fruitio,
1574 1287 1610 1315 et
1638 1279 1709 1316 alia
1737 1279 1978 1325 huiusmodi,
2008 1280 2150 1316 habent
2169 1279 2180 1301 θ
2209 1281 2399 1328 quaedam

1343 1331 1447 1367 dona
1482 1330 1551 1367 sibi
1586 1331 1922 1380 correspondentia
1956 1331 1995 1368 in
2030 1340 2127 1368 statu
2161 1332 2245 1369 viae
2255 1362 2264 1380 ,
2300 1345 2400 1381 quae

1344 1383 1457 1419 etiam
1478 1390 1566 1419 sunt
1584 1384 1808 1420 communia
1827 1383 1963 1420 sanctis
1978 1390 1997 1420 ².
2021 1385 2119 1421 Sunt
2137 1391 2265 1422 tamen
2285 1396 2400 1433 quae-

1343 1436 1434 1472 dam
1461 1436 1744 1484 praerogativae
1764 1444 1995 1483 sanctorum,
2018 1436 2056 1473 in
2075 1436 2195 1485 patria
2213 1445 2249 1474 et
2267 1436 2306 1474 in
2325 1437 2398 1486 via,

1343 1501 1442 1536 quae
1470 1500 1550 1524 non
1578 1488 1767 1525 habentur
1794 1489 1842 1525 ab
1871 1488 2051 1525 omnibus
2071 1496 2097 1525 χ.

1394 1660 1418 1695 θ)
1438 1662 1542 1688 habent.
1560 1677 1578 1680 —
1597 1663 1616 1687 F
1636 1669 1661 1688 et
1679 1664 1765 1693 tertIa;
1785 1668 1855 1688 sunt.

1395 1698 1413 1730 ι)
1432 1698 1538 1723 sanctis.
1557 1712 1575 1716 —
1594 1699 1713 1722 omnibus
1731 1699 1831 1723 sanctis
1849 1699 1929 1724 tertia.

1393 1732 1418 1767 κ)
1438 1733 1567 1758 omnibus.
1585 1747 1603 1751 —
1622 1733 1678 1757 FsC
1697 1738 1723 1757 et
1739 1733 1826 1763 tertia3
1846 1734 2002 1759 hominibus.

897 1847 1229 1879 Commentaria
1251 1846 1501 1879 Car-dinalis
1525 1846 1724 1878 Caietani

285 1936 393 1957 rrums
423 1927 626 1956 occasionem
650 1926 747 1956 sumit
770 1935 807 1956 ex
838 1934 878 1955 eo
902 1925 991 1965 quod
1014 1925 1121 1955 multis
1145 1926 1178 1955 in
1197 1934 1284 1955 sacra

228 1938 446 2010 TScriptura
482 1970 660 2000 attribuitur
693 1968 859 2009 plenitudo
896 1970 1030 2009 gratiae:
1062 1974 1098 1999 ut
1127 1974 1213 2008 patet
1243 1969 1283 1999 de

226 2015 324 2045 Beata
345 2015 474 2054 Virgine
498 2019 528 2044 et
550 2013 724 2053 Stephano.

281 2058 317 2088 In
340 2067 474 2098 corpore
499 2063 545 2088 est
567 2067 632 2088 una
655 2057 814 2087 distinctio
837 2057 1038 2092 bimembris,
1063 2066 1137 2086 cum
1161 2056 1283 2086 duabus

225 2101 486 2132 conclusionibus
501 2101 691 2141 responsivis
707 2100 883 2131 secundum
899 2100 1022 2140 singnala
1036 2101 1188 2130 membra.
1212 2100 1283 2130 Dis-

224 2145 336 2176 tinctio
353 2151 399 2176 est
413 2146 501 2175 haec.
525 2144 694 2175 Plenitudo
712 2145 828 2184 gratiae
848 2143 964 2184 duplex
983 2149 1045 2174 est:
1069 2143 1120 2173 vel
1139 2153 1176 2173 ex
1194 2148 1283 2183 parte

224 2190 358 2228 gratiae;
381 2189 432 2219 vel
456 2198 493 2219 ex
516 2194 604 2228 parte
627 2188 770 2218 subiecti.
794 2206 817 2210 —
839 2188 943 2218 Prima
962 2187 1127 2218 conclusio
1151 2196 1282 2226 respon-

225 2233 291 2263 siva
314 2239 376 2263 est:
399 2232 568 2263 Plenitudo
591 2232 721 2273 gratiae
743 2241 784 2262 ex
801 2237 898 2272 parte
919 2232 1048 2272 gratiae
1070 2231 1210 2270 propria
1237 2235 1284 2261 est

228 2276 366 2307 Christo.
377 2295 400 2299 -
415 2275 561 2307 Secunda
577 2281 638 2306 est:
654 2275 823 2306 Plenitudo
837 2276 967 2316 gratiae
986 2285 1028 2306 ex
1038 2279 1133 2315 parte
1151 2274 1283 2305 subiecti

225 2330 289 2350 non
318 2325 366 2351 est
386 2320 526 2361 propria
556 2320 698 2355 Christo,
729 2319 785 2350 sed
813 2319 989 2349 communis
1016 2323 1063 2349 est
1089 2318 1196 2349 multis
1219 2328 1283 2359 per·

227 2364 398 2395 Christum.

278 2408 382 2438 Prima
405 2407 570 2438 conclusio
585 2407 747 2446 probatur.
772 2406 856 2444 Quia
871 2406 958 2437 solus
975 2405 1118 2436 Christus
1134 2406 1283 2446 pertingit

225 2451 264 2482 ad
279 2461 442 2482 summum
462 2452 578 2491 gratiae
601 2456 666 2481 tam
687 2451 851 2486 intensive,
869 2456 1025 2490 quantum
1041 2450 1080 2480 ad
1096 2451 1281 2486 essentiam;

224 2504 323 2535 quam
345 2496 514 2531 extensive,
539 2500 695 2534 quantum
718 2494 757 2524 ad
779 2495 937 2525 virtutem.
960 2512 984 2516 -—
1005 2494 1169 2524 Probatur.
1197 2493 1282 2531 Quia

223 2539 312 2569 solus
334 2539 429 2569 habet
450 2539 581 2579 gratiam
603 2539 638 2568 in
655 2539 792 2568 maxima
807 2538 991 2568 excellentia
1014 2547 1078 2577 qua
1098 2543 1205 2578 potest
1226 2538 1281 2567 ha-

224 2582 308 2618 beri;
333 2587 364 2612 et
385 2583 419 2612 in
441 2582 578 2612 maxima
601 2582 784 2612 extensione
807 2581 846 2612 ad
870 2591 982 2612 omnes
1004 2581 1280 2622 gratiae-effectus.

280 2624 427 2656 Secunda
448 2631 555 2656 autem
577 2626 738 2666 probatur.
763 2626 848 2663 Quia
870 2626 937 2656 aliis
959 2626 1057 2665 gratia
1073 2624 1164 2655 datur
1178 2626 1281 2655 inten-

224 2670 290 2700 sive
313 2668 490 2700 secundum
507 2678 689 2700 mensuram
705 2670 748 2700 eis
764 2679 782 2699 a
798 2670 868 2699 Deo
884 2669 1066 2709 praefixam,
1090 2669 1176 2699 iuxta
1191 2669 1281 2708 Apo-

222 2713 298 2744 stoli
313 2714 542 2744 auctoritatem.
561 2713 602 2743 Et
616 2713 758 2743 similiter
772 2711 863 2743 datur
873 2714 971 2743 virtus
986 2713 1102 2753 gratiae
1118 2712 1157 2743 ad
1172 2714 1281 2743 omnia

223 2766 307 2797 quae
329 2757 488 2797 pertinent
510 2756 551 2786 ad
572 2766 668 2787 suum
690 2755 833 2787 officium
855 2757 905 2787 vel
928 2762 1054 2793 statum,
1079 2758 1165 2787 iuxta
1187 2757 1281 2787 aliam

224 2801 373 2841 Apostoli
397 2801 626 2830 auctoritatem.

279 2844 316 2875 II.
339 2844 425 2874 Nota
447 2845 499 2874 hic
521 2844 636 2883 primo,
661 2843 750 2883 quod
772 2843 930 2874 distinctio
953 2845 987 2876 in
1009 2844 1210 2884 praecedenti
1233 2854 1280 2874 ar-

222 2888 323 2919 ticulo
346 2888 450 2927 posita
472 2887 512 2918 de
530 2886 726 2927 plenitudine
741 2888 857 2927 gratiae
875 2888 1030 2918 intensive
1045 2888 1095 2918 vel
1111 2888 1279 2924 extensive,

224 2931 334 2962 dividit
364 2931 530 2971 quodlibet
559 2931 738 2961 membrum
767 2930 975 2961 distinctionis
1005 2932 1038 2961 in
1061 2932 1124 2962 hoc
1147 2932 1279 2962 articulo

224 2975 334 3006 factae.
358 2975 441 3005 Nam
464 2974 630 3015 plenitudo
649 2975 764 3014 gratiae
787 2974 965 3004 secundum
980 2984 1012 3004 se
1036 2974 1206 3005 attenditur
1228 2975 1280 3005 hic

224 3025 290 3049 tam
312 3019 467 3049 intensive
491 3028 588 3058 quam
611 3018 785 3048 extensive:
811 3023 842 3048 et
863 3018 1004 3048 similiter
1026 3018 1192 3058 plenitudo
1211 3028 1280 3058 gra-

224 3063 286 3093 tiae
310 3072 348 3092 ex
370 3068 458 3103 parte
481 3062 613 3092 subiecti
637 3061 806 3091 attenditur
835 3066 900 3091 tarn
923 3062 1077 3092 intensive
1107 3071 1204 3101 quam
1228 3072 1279 3092 ex-

223 3106 354 3136 tensive.
379 3107 538 3144 Quocirca
561 3107 594 3135 in
610 3105 741 3135 articulo
758 3104 957 3144 praecedenti
979 3105 1145 3144 plenitudo
1164 3106 1279 3145 gratiae

225 3150 380 3187 absolute,
403 3151 466 3181 hoc
490 3155 537 3180 est
559 3149 625 3179 sine
650 3148 826 3184 additione,
851 3147 1048 3178 considerata
1071 3148 1279 3188 distinctaque

224 3199 288 3224 est:
319 3194 371 3224 hic
393 3203 469 3224 vero
493 3203 568 3224 cum
591 3193 743 3233 explicata
766 3191 943 3227 additione,
975 3191 1025 3222 vel
1053 3201 1094 3222 ex
1110 3197 1207 3232 parte
1228 3193 1280 3222 sui

226 3237 276 3268 vel
299 3247 340 3268 ex
356 3242 453 3278 parte
474 3237 614 3272 subiecti,
639 3235 835 3266 considerata
853 3241 884 3265 et
899 3235 1043 3265 distincta
1059 3241 1113 3265 est.
1138 3235 1230 3266 Unde
1245 3236 1279 3265 in

225 3280 354 3311 Christo
378 3287 424 3312 est
446 3280 612 3321 plenitudo
636 3280 751 3320 gratiae
781 3279 963 3318 simpliciter
992 3279 1146 3309 intensive
1173 3284 1204 3309 et
1227 3288 1279 3309 ex-

224 3325 355 3360 tensive,
378 3325 464 3355 iuxta
486 3323 727 3364 praecedentem
750 3323 926 3353 articulum.
951 3322 992 3352 Et
1014 3323 1047 3351 in
1070 3321 1185 3352 eodem
1208 3322 1278 3352 solo

225 3373 273 3398 est
294 3368 460 3408 plenitudo
483 3369 599 3408 gratiae
623 3378 660 3398 ex
682 3372 770 3407 parte
785 3367 909 3406 gratiae,
934 3371 998 3396 tam
1014 3366 1166 3395 intensive
1182 3374 1278 3404 quarn

225 3412 402 3448 extensive3
433 3417 464 3442 et
486 3412 519 3442 in
543 3411 658 3442 eodem
682 3417 713 3441 et
736 3411 802 3440 aliis
831 3420 887 3449 per
910 3410 1015 3449 ipsum
1039 3414 1085 3439 est
1112 3409 1277 3448 plenitudo

223 3455 341 3494 gratiae
371 3465 409 3486 ex
437 3461 524 3495 parte
554 3456 702 3490 subiecti,
733 3455 818 3484 iuxta
841 3454 926 3483 hunc
949 3453 1125 3482 articulum.
1160 3452 1222 3483 Sed
1245 3453 1278 3482 in

227 3497 354 3528 Christo
377 3498 542 3538 plenitudo
574 3509 612 3529 ex
634 3504 722 3538 parte
745 3498 877 3528 subiecti
907 3496 1056 3526 coincidit
1080 3505 1154 3526 cum
1176 3496 1277 3536 pleni-

225 3540 336 3572 tudine
351 3543 465 3582 gratiae
480 3542 656 3573 secundum
672 3552 721 3573 se:
747 3542 899 3582 quoniam
923 3540 1129 3579 Unigenitum
1151 3549 1169 3570 a
1188 3540 1276 3570 Patre

1338 1925 1429 1956 decet
1451 1925 1619 1965 plenitudo
1643 1926 1760 1964 gratiae
1790 1925 1966 1955 secundum
1989 1934 2033 1955 se.
2070 1925 2105 1955 In
2127 1926 2195 1955 aliis
2221 1930 2327 1955 autem
2352 1931 2399 1956 est

1336 1969 1503 2008 plenitudo
1528 1979 1565 1999 ex
1584 1975 1671 2008 parte
1690 1970 1822 1999 subiecti
1845 1969 1985 2004 limitata,
2010 1969 2052 1998 ita
2071 1969 2160 2008 quod
2178 1979 2245 1999 non
2265 1974 2311 1999 est
2329 1970 2397 2009 ple-

1337 2013 1450 2043 nitudo
1475 2023 1512 2043 ex
1535 2018 1622 2052 parte
1646 2014 1761 2052 gratiae
1785 2012 1961 2043 secundum
1984 2022 2034 2043 se:
2068 2013 2222 2052 quoniam
2249 2013 2327 2043 haec
2351 2019 2398 2043 est

1336 2058 1466 2097 propria
1496 2057 1658 2096 Unigeniti
1682 2067 1700 2086 a
1723 2057 1829 2092 Patre,
1861 2062 1896 2086 ut
1923 2057 2025 2096 prima
2049 2057 2143 2086 huius
2173 2057 2296 2086 articuli
2319 2066 2396 2086 con-

1337 2100 1438 2130 clusio
1455 2099 1546 2130 dicit.

1390 2143 1475 2173 Nota
1498 2143 1656 2179 secundo,
1681 2143 1934 2183 diligentissime,
1959 2143 2048 2183 quod
2070 2143 2207 2179 Auctor,
2233 2143 2271 2174 de
2295 2153 2396 2183 quan-

1335 2188 1423 2217 titate
1446 2188 1600 2217 intensiva
1622 2187 1738 2226 gratiae
1761 2187 1938 2217 secundum
1962 2196 1995 2217 se
2022 2187 2158 2226 loquens
2181 2187 2214 2217 in
2238 2188 2300 2217 hoc
2324 2188 2396 2217 arti-

1336 2231 1421 2266 culo,
1446 2231 1521 2261 dicit
1544 2231 1633 2270 quod
1655 2231 1814 2260 invenitur
1835 2230 1874 2261 de
1889 2230 1973 2261 facto
1992 2232 2026 2260 in
2041 2240 2168 2261 summo
2186 2230 2257 2261 data
2272 2232 2395 2261 animae

1337 2275 1469 2305 Christi:
1494 2280 1530 2304 ut
1552 2280 1638 2314 patet
1660 2275 1694 2304 in
1716 2275 1820 2314 primo
1839 2275 1984 2304 membro
2005 2274 2214 2304 distinctionis
2240 2280 2271 2304 et
2292 2275 2395 2314 prima

1336 2319 1553 2349 conclusione.
1589 2319 1629 2348 Et
1653 2317 1788 2348 declarat
1810 2318 1871 2348 tale
1895 2327 2056 2348 summum
2085 2327 2151 2348 esse
2175 2323 2331 2357 quantum
2355 2318 2394 2348 ad

1336 2363 1520 2397 essentiam,
1545 2361 1768 2402 distinguendo
1793 2367 1902 2392 contra
1925 2362 2089 2397 virtutem;
2121 2366 2152 2391 et
2175 2366 2331 2400 quantum
2354 2361 2394 2391 ad

1335 2406 1570 2441 excellentiam,
1602 2404 1824 2445 distinguendo
1852 2410 1960 2435 contra
1988 2405 2204 2434 extensionem
2229 2405 2330 2444 (quae
2354 2404 2394 2434 ad

1334 2451 1483 2480 virtutem
1506 2449 1650 2489 spectat),
1667 2449 1802 2479 dicendo
1827 2448 1915 2488 quod
1932 2454 1977 2478 est
1996 2449 2028 2478 in
2045 2448 2187 2478 maxima
2203 2448 2392 2478 excellentia

1334 2504 1398 2534 qua
1413 2494 1524 2524 haberi
1532 2498 1640 2534 potest
1658 2493 1727 2532 (ubi
1742 2492 1992 2532 impersonaliter
2007 2491 2175 2531 loquitur);
2200 2497 2231 2521 et
2246 2496 2393 2531 exparte

1334 2538 1473 2579 gratiae,
1498 2543 1529 2567 et
1551 2547 1618 2567 non
1642 2546 1679 2567 ex
1702 2542 1790 2576 parte
1814 2537 1963 2572 subiecti;
1987 2541 2022 2565 ut
2045 2536 2127 2565 clare
2146 2534 2226 2565 adeo
2250 2540 2336 2574 patet
2358 2536 2392 2565 in

1334 2582 1437 2612 littera
1460 2580 1549 2621 quod
1571 2590 1639 2610 non
1660 2586 1766 2620 potest
1788 2580 1923 2610 infitiari.

1390 2625 1431 2655 Et
1453 2626 1531 2655 haec
1554 2624 1627 2654 ideo
1650 2623 1791 2654 notanda
1814 2623 1903 2659 duxi,
1927 2629 1963 2654 ut
1985 2622 2111 2653 videant
2134 2622 2319 2652 Thomistae
2343 2631 2391 2652 se-

1335 2668 1477 2700 cundum
1500 2669 1650 2698 Auctoris
1665 2667 1841 2698 doctrinam
1865 2667 1930 2697 dari
1945 2676 2102 2697 summam
2119 2666 2288 2701 caritatem,
2305 2675 2390 2695 sum-

1334 2722 1420 2743 mam
1431 2713 1573 2752 gratiam,
1589 2721 1657 2742 non
1672 2712 1778 2742 solum
1794 2721 1831 2741 ex
1847 2716 1934 2750 parte
1954 2711 2087 2741 subiecti
2110 2709 2285 2740 secundum
2300 2718 2390 2739 men-

1335 2766 1440 2787 suram
1456 2766 1553 2796 quam
1576 2756 1750 2794 unicuique
1773 2754 1915 2795 praefixit
1930 2755 2026 2789 Deus,
2051 2753 2106 2783 sed
2129 2763 2166 2783 ex
2188 2758 2276 2792 parte
2291 2753 2390 2792 ipsius

1335 2801 1469 2831 caritatis
1492 2805 1524 2830 et
1545 2800 1660 2839 gratiae
1684 2798 1861 2828 secundum
1885 2808 1934 2828 se:
1959 2803 1994 2828 ut
2009 2797 2088 2827 infra
2104 2797 2120 2812 ³*
2143 2796 2277 2835 amplius
2301 2796 2389 2826 clari-

1334 2844 1500 2917 ficaltiiiuih
1523 2886 1731 2926 responsione
1755 2885 1794 2915 ad
1816 2885 1972 2924 primum,
2003 2889 2079 2913 nota
2106 2883 2307 2914 sobrietatem
2331 2882 2388 2913 do-

1334 2931 1450 2962 ctrinae
1473 2930 1645 2970 praesentis
1668 2930 1749 2959 circa
1772 2927 2002 2968 plenitudinem
2019 2927 2135 2966 gratiae
2158 2927 2192 2956 in
2207 2926 2304 2956 Beata
2318 2927 2407 2957 Vir--

1333 2976 1423 3014 gine:
1448 2975 1567 3004 scilicet
1590 2978 1625 3003 ut
1647 2973 1686 3002 sit
1708 2972 1802 3011 plena
1824 2972 1930 3011 gratia,
1955 2976 2019 3000 tam
2042 2971 2195 3000 intensive
2219 2979 2316 3009 quam
2335 2979 2388 3000 ex-

1333 3019 1463 3053 tensive,
1487 3027 1554 3047 non
1576 3015 1772 3056 plenitudine
1787 3015 1902 3054 gratiae
1921 3013 2097 3044 secundum
2113 3024 2145 3044 se
2170 3013 2259 3053 (quia
2273 3013 2326 3043 illa
2341 3019 2388 3044 est

1332 3062 1460 3102 propria
1483 3060 1653 3099 Unigenito
1674 3068 1692 3088 a
1714 3058 1827 3098 Patre),
1852 3058 1906 3088 sed
1930 3057 2137 3097 plenitudine,
2154 3062 2218 3087 tam
2233 3057 2386 3087 intensive

1333 3114 1429 3145 quam
1453 3103 1628 3138 extensive,
1652 3102 1800 3141 requisita
1824 3101 1862 3131 ad
1886 3102 2018 3131 Matrem
2042 3101 2111 3131 Dei.
2146 3101 2187 3131 Et
2209 3101 2286 3130 haec
2310 3106 2387 3130 nota

1333 3153 1442 3179 contra
1477 3147 1627 3186 loquaces
1658 3152 1688 3175 et
1718 3146 1848 3185 gratiam
1882 3145 1996 3175 Beatae
2019 3145 2154 3184 Virginis
2185 3143 2386 3174 extendentes

1333 3191 1371 3222 ad
1395 3201 1506 3221 omnes
1530 3189 1659 3220 effectus
1682 3189 1812 3228 gratiae:
1838 3189 1927 3228 quasi
1950 3189 2057 3218 Matris
2076 3189 2136 3218 Dei
2158 3188 2226 3218 laus
2248 3186 2386 3227 indigeat

1332 3235 1445 3265 nostris
1468 3243 1527 3274 pro
1551 3233 1722 3268 voluntate,
1746 3242 1814 3262 non
1831 3233 1963 3267 ratione,
1987 3231 2142 3268 laudibus,
2166 3231 2224 3261 sub
2249 3231 2385 3270 quadarn

1326 3278 1456 3318 pietatis
1478 3277 1588 3317 specie.
1625 3276 1704 3306 Siste
1727 3277 1830 3316 igitur,
1854 3277 1910 3306 Vir
1931 3285 2005 3306 vere
2028 3275 2142 3306 devote
2165 3284 2201 3305 ac
2225 3274 2327 3310 docte,
2351 3275 2385 3304 in

1330 3321 1475 3352 laudibus
1490 3321 1612 3350 ratione
1628 3319 1729 3350 fultis:
1754 3325 1790 3350 ut
1812 3320 1930 3350 scilicet
1953 3320 1991 3350 sit
2013 3320 2110 3358 gratia
2133 3319 2236 3358 plena,
2260 3327 2327 3348 non
2347 3327 2385 3348 ex

1330 3370 1417 3404 parte
1440 3365 1572 3404 gratiae,
1597 3363 1652 3394 sed
1675 3364 1823 3400 subiecti;
1856 3373 1914 3394 nec
1937 3364 1970 3393 in
1993 3372 2130 3398 summo,
2154 3362 2307 3392 intensive
2330 3366 2385 3391 aut

1331 3409 1505 3443 extensive,
1530 3417 1568 3438 ex
1590 3413 1677 3447 parte
1700 3408 1824 3447 gratiae.
1857 3407 1966 3437 Lauda
1988 3407 2021 3436 in
2045 3416 2081 3436 ea
2103 3405 2248 3445 gratiam:
2273 3404 2328 3435 sed
2350 3405 2385 3434 in

1331 3461 1457 3482 summo
1482 3461 1519 3481 ex
1540 3457 1626 3491 parte
1650 3452 1790 3486 subiecti,
1816 3461 1909 3490 supra
1925 3459 2055 3480 omnem
2070 3458 2182 3489 puram
2198 3454 2382 3478 creaturam.

1331 3496 1418 3526 Haec
1442 3496 1526 3525 enim
1541 3494 1706 3535 plenitudo
1724 3495 1856 3525 Matrem
1872 3495 1931 3524 Dei
1947 3493 2046 3529 decet,
2064 3502 2144 3533 quae
2161 3501 2255 3532 super
2271 3500 2383 3522 omnes

1331 3545 1376 3570 est
1398 3548 1492 3579 puras
1516 3544 1669 3569 creaturas
1694 3539 1834 3569 exaltata.

2417 2801 2426 2811 ⁴
2438 2801 2490 2821 Art.
2506 2807 2537 2827 12,
2552 2801 2625 2823 Com-

2416 2830 2486 2848 ment.
2501 2832 2566 2849 num.
2582 2834 2607 2849 n.
