2872 3970
35 369 43 378 q.
56 351 134 398 ’carn
145 355 180 375 ιιι,
190 354 212 370 ιι.
224 348 245 370 6.
257 359 267 364 -

51 377 85 400 ‘sn‘
118 376 140 398 h.
155 376 207 397 lect.
222 381 244 396 v.

62 1552 116 1575 ⁴1²..
123 1557 272 1580 xcv¹,vers.7.

36 1687 50 1693 Ἴ
63 1658 74 1669 “
81 1656 129 1685 Qu.
135 1662 197 1684 xurr,
205 1660 246 1679 nrt.
254 1662 274 1685 3.

34 1764 41 1773 “
64 1762 75 1773 ·
87 1761 124 1784 De
135 1760 195 1783 Fide
206 1760 274 1782 Orth.

42 1795 46 1799 ·
62 1787 274 1815 tib.u1‚cnp.xxvn.

36 2020 48 2050 j
67 2019 76 2030 ·
87 2018 154 2040 Vm.
171 2024 205 2045 14·

42 2066 52 2107 Ἰ
65 2077 76 2087 ·
89 2075 155 2098 Vera
174 2075 208 2097 16.

47 2222 49 2225 ’
65 2232 276 2259 mamitxmm.

44 2268 45 2271 ¹
65 2258 127 2287 1111,
141 2260 165 2281 in
178 2259 245 2281 Ioan.

164 2286 179 2320 β

49 2542 51 2544 ’
67 2549 79 2560 ’“
92 2547 158 2570 Vei-s.
176 2554 210 2574 ¹4·

168 2919 184 2944 Τ

10 2960 11 2963 ’
44 2946 53 2988 ’ᾗ
72 2959 281 2983 medantinum).

0 3009 15 3031 s.
72 2984 157 3040 lass:
168 2991 282 3065 ξεινικά

2 3063 12 3079 ²
43 3074 52 3096 :z
71 3073 282 3101 ‘1bid.1ib.n‚cap.

12 3099 106 3135 ²371.

52 2819 55 2826 .
73 2806 83 2816 ·
94 2805 131 2827 De
142 2805 202 2827 Fide
212 2805 279 2827 omn.

56 2831 111 2864 glib.
124 2831 166 2859 lv,
182 2838 232 2860 cap.
248 2837 281 2852 νι.

1003 261 1265 308 QUAESTIO
1294 261 1363 307 VI,
1393 256 1683 297 ARTICULUS
1711 259 1757 294 111

294 352 331 378 ut
353 346 467 377 dicitur
488 345 522 375 in
546 344 572 375 II
588 344 627 374 de
642 343 758 374 Anima
774 342 822 382 *)‚
846 340 902 371 sed
925 340 1133 371 abstrahendo
1162 340 1200 370 ab
1223 340 1279 370 illo
1303 339 1354 369 vel

295 390 358 420 alio
380 387 480 420 modo
505 387 758 422 coniunctionis3
783 391 814 416 et
833 384 1071 415 considerentur
1085 384 1173 424 ipsae
1188 388 1292 423 partes
1308 382 1354 412 di—

294 442 412 469 versae,
437 438 468 463 et
491 431 580 472 quod
603 431 793 462 coniunctae
809 434 882 459 sunt
903 429 938 458 in
957 428 1099 462 homine,
1122 437 1190 458 non
1213 426 1354 457 curando

295 477 335 508 de
357 476 457 507 modo
482 485 548 515 quo
572 480 646 505 sunt
669 473 875 504 coniunctae:
900 471 1001 502 simile
1017 476 1064 501 est
1078 471 1232 501 iudicium
1249 470 1288 500 de
1303 470 1356 500 illa

294 520 533 561 propositione,
556 517 735 558 Assumpsit
756 525 886 547 carnem
908 515 1067 546 mediante
1089 515 1207 550 anima,
1233 519 1273 550 et,
1298 514 1356 543 As-

294 564 429 604 sumpsit
442 563 583 594 animam
598 561 757 592 mediante
771 560 896 600 spiritu.
920 559 961 589 Et
975 564 1144 599 propterea
1158 557 1357 597 Augustinus

296 608 391 643 simul
413 612 581 646 utramque
597 605 740 646 protulit,
757 610 788 634 et
802 605 836 634 in
851 604 954 634 littera
968 603 1078 632 similis
1094 602 1207 632 dicitur
1223 607 1356 640 utraque

295 651 463 682 mediatio:
488 650 646 680 salvantur
669 649 755 679 enim
770 648 941 687 utrobique
965 652 996 676 et
1011 645 1125 686 gradus
1142 645 1309 685 dignitatis,
1327 650 1358 674 et

297 705 391 726 causa
414 700 445 724 et
468 698 649 729 causatum,
681 692 759 722 dum
781 701 853 732 pars
876 690 1083 725 intellectiva,
1117 699 1154 719 ex
1176 690 1240 719 hoc
1268 687 1357 728 quod

2416 268 2466 304 97

1409 338 1614 378 coniungitur
1636 337 1716 377 parti
1738 336 1913 371 sensitivae,
1938 335 2060 375 perficit
2079 336 2175 372 illam,
2200 341 2230 366 et
2255 341 2300 365 est
2322 336 2367 365 illi
2390 336 2469 366 ratio

1410 381 1499 422 quod
1523 382 1561 412 sit
1585 380 1818 420 assumptibilis.

1465 425 1625 463 Quocirca
1654 434 1722 455 non
1745 424 1884 464 requiras
1908 423 1959 453 hic
1983 423 2197 453 causalitatem
2226 424 2306 453 sicut
2328 433 2399 462 pars
2423 432 2470 453 es-

1411 470 1565 505 sentialis,
1591 478 1672 508 quae
1697 473 1743 498 est
1766 467 1886 503 forma,
1915 472 1960 497 est
1984 477 2077 496 causa
2101 467 2226 497 alterius
2250 467 2469 497 constitutiva:

1411 513 1466 543 sed
1489 512 1769 553 proportionaliter
1788 511 2011 546 causalitatem,
2029 511 2110 541 sicut
2125 521 2196 551 pars
2211 510 2391 550 potentialis
2407 510 2471 541 for-
2503 516 2506 519 ”

1411 557 1524 586 malior
1540 562 1571 586 et
1587 556 1757 596 superioris
1769 555 1888 585 ordinis
1901 561 1947 584 est
1963 564 2057 584 causa
2072 555 2168 594 partis
2183 554 2348 584 inferioris.
2367 554 2471 594 Opor-

1411 606 1456 630 tet
1479 601 1565 630 enim
1588 599 1868 640 proportionaliter
1891 599 2050 638 inquirere
2075 604 2105 628 et
2119 598 2293 638 intelligere
2311 598 2472 628 causalita-

1411 650 1492 674 tem:
1510 645 1591 674 sicut
1606 643 1885 683 proportionaliter
1900 648 1973 672 sunt
1988 648 2092 682 partes
2109 652 2191 682 quae
2207 642 2354 672 dicuntur
2370 648 2472 681 partes

1412 688 1602 724 essentiales,
1627 693 1658 717 et
1681 696 1763 727 quae
1787 687 1936 717 dicuntur
1958 692 2062 726 partes
2085 687 2284 726 potentiales.

1096 843 1412 887 ARTICULUS
1441 844 1670 886 TERTIUS

583 948 741 980 UTRUM
763 948 905 979 ANIMA
929 946 1101 978 CHR1sr1
1124 945 1284 977 FUERIT
1307 945 1430 976 rmus
1453 945 1682 976 ASSUMPTA
1704 946 1734 976 A
1756 946 1900 976 VERBO
1925 946 2052 984 QUAM
2077 945 2194 976 CARo

926 1033 1060 1063 111'Sent„
1079 1034 1138 1060 dist.
1156 1041 1184 1065 ιι,
1204 1042 1248 1067 qu.
1266 1041 1294 1064 11,
1314 1038 1360 1058 art.
1381 1032 1410 1064 ὃς
1430 1034 1464 1058 IV
1486 1034 1561 1059 Cont.
1583 1035 1669 1063 Gent,
1690 1043 1745 1067 cap.
1763 1042 1849 1060 xxxur.

337 1162 343 1169 ,
509 1137 532 1162 n
551 1136 710 1162 TERTIUM
729 1136 780 1161 stc
802 1136 1037 1161 pnoennrrua.
1066 1123 1228 1160 Videtur
1251 1121 1356 1171 quod

439 1172 470 1197 ²⁷²
510 1176 640 1214 anima
670 1177 810 1214 Christi
841 1176 953 1213 fuerit
979 1176 1086 1225 prius
1114 1183 1311 1224 assumpta
1338 1186 1361 1210 a

362 1272 364 1275 .
481 1228 640 1266 Verbo
668 1241 788 1278 quam
806 1241 908 1266 caro.
938 1228 1056 1265 Filius
1084 1228 1189 1265 enim
1208 1228 1280 1265 Dei
1303 1240 1360 1264 as-

332 1283 338 1292 ¹
356 1300 366 1314 -=
388 1276 448 1317 5⁴77?
466 1275 499 1318 N
511 1280 675 1331 sumpsit
693 1293 850 1318 carnem
869 1280 1063 1318 mediante
1083 1281 1223 1327 anima,
1244 1289 1286 1318 ut
1304 1280 1360 1316 di-

301 1341 408 1372 ctum
423 1341 478 1370 est
488 1333 519 1370 *.
542 1334 619 1371 Sed
632 1333 739 1383 prius
751 1333 975 1384 pervenitur
989 1334 1038 1370 ad
1052 1333 1228 1371 medium
1243 1345 1361 1382 quam

301 1387 350 1424 ad
378 1394 604 1424 extremum.
639 1387 740 1434 Ergo
769 1385 887 1423 Filius
919 1385 991 1423 Dei
1018 1386 1125 1435 prius
1157 1385 1363 1435 assumpsit

301 1439 470 1477 animam
500 1451 620 1488 quam
647 1451 800 1488 corpus

355 1504 390 1528 2.
420 1493 652 1538 plumeam,
674 1491 803 1528 anima
831 1491 972 1529 Christi
999 1500 1055 1529 est
1082 1491 1232 1540 dignior
1251 1503 1363 1539 ange-

301 1544 361 1582 lis:
382 1544 598 1581 secundum
617 1544 710 1581 illud
725 1544 867 1581 Psalmi
880 1544 914 1581 *τ
935 1546 1101 1582 Adorate
1119 1557 1215 1591 eum,
1237 1556 1364 1581 omnes

301 1597 431 1647 angeli
460 1599 547 1634 eius.
583 1597 659 1634 Sed
687 1597 810 1645 angeli
845 1597 959 1634 creati
987 1605 1076 1634 sunt
1103 1610 1125 1634 a
1153 1596 1361 1646 principio:

301 1657 345 1687 ut
362 1650 403 1686 in
422 1649 553 1686 Primo
572 1649 592 1671 '¹‘
620 1646 796 1686 habitum
815 1658 881 1686 est.
911 1650 1013 1698 Ergo
1042 1658 1078 1686 et
1096 1650 1226 1687 anima
1255 1649 1363 1686 Chri-

303 1701 360 1739 sti.
391 1702 503 1749 Quae
531 1714 613 1738 non
639 1702 709 1738 fuit
735 1710 822 1739 ante
849 1711 975 1739 creata
1002 1715 1123 1751 quam
1150 1710 1362 1751 assumpta:

302 1754 392 1792 dicit
419 1754 521 1791 enim
543 1755 819 1802 Damascenus,
841 1755 879 1791 in
899 1756 944 1791 111
963 1754 1060 1792 libro
1079 1755 1110 1801 ²⁸,
1139 1755 1247 1803 quod
1274 1767 1365 1791 nun-

302 1819 415 1856 quam
435 1819 552 1856 neque
570 1809 699 1844 anima
718 1819 835 1856 neque
861 1820 996 1856 corpus
1018 1809 1155 1844 Christi
1166 1809 1365 1856 propriam

301 1861 510 1896 hahuerunt
531 1860 758 1909 hypostasim
780 1866 934 1909 praeter
959 1861 1071 1897 Verbi
1087 1861 1315 1908 hypostasim
1336 1865 1364 1896 ².

302 1912 404 1960 Ergo
441 1911 593 1948 videtur
624 1912 731 1960 quod
759 1912 888 1949 anima
915 1912 1027 1949 fuerit
1053 1920 1140 1949 ante
1170 1919 1367 1961 assumpta

302 1976 422 2014 quarn
439 1976 542 2011 caro,
562 1976 662 2013 quae
689 1972 744 2001 est
766 1972 952 2014 concepta
977 1964 1017 2001 in
1043 1973 1152 2002 utero
1180 1964 1364 2012 virginali.

358 2017 391 2054 3.
421 2018 653 2064 PRAETEREA,
682 2019 785 2054 Ioan.
816 2017 864 2054 ι*
890 2017 1045 2054 dicitur:
1083 2018 1247 2055 Vidimus
1281 2030 1366 2054 eum

296 2070 453 2120 plenum
479 2072 628 2120 gratiae
654 2076 687 2106 et
713 2072 894 2108 veritatis.-
921 2078 957 2106 et
974 2077 1109 2119 postea
1126 2070 1147 2092 ²¹²
1175 2069 1364 2119 sequitur:

303 2122 348 2159 de
364 2122 594 2172 plenitudine
612 2124 688 2159 eius
707 2135 835 2160 omnes
861 2125 1081 2172 accepimus,
1102 2122 1208 2169 idest,
1229 2134 1367 2159 omnes

303 2174 436 2212 fideles
473 2187 724 2224 quocumque
752 2182 947 2224 tempore,
985 2183 1028 2212 ut
1065 2175 1367 2224 chrysostomus

304 2226 462 2276 exponit
479 2227 510 2264 ²⁸.
544 2228 632 2264 Hoc
659 2235 790 2264 autem
817 2240 898 2264 non
926 2235 1024 2264 esset
1057 2227 1130 2264 nisi
1159 2227 1333 2264 Christus
1353 2227 1368 2258 β

304 2280 500 2317 habuisset
536 2279 816 2328 plenitudinem
849 2280 989 2328 gratiae
1016 2288 1054 2317 et
1081 2280 1246 2317 veritatis
1281 2288 1368 2317 ante

305 2344 442 2370 omnes
478 2340 630 2369 sanctos
658 2332 725 2382 qui
759 2333 914 2370 fuerunt
950 2333 998 2370 ab
1028 2332 1171 2381 origine
1209 2333 1366 2370 mundi:

305 2384 396 2435 quia
423 2397 539 2422 causa
558 2397 638 2422 non
667 2393 722 2422 est
740 2385 929 2434 posterior
947 2393 1115 2422 causato.
1147 2385 1249 2422 Cum
1277 2398 1368 2434 ergo

304 2437 504 2488 plenitudo
522 2437 663 2486 gratiae
683 2446 719 2474 et
737 2437 904 2475 veritatis
922 2437 1034 2475 fuerit
1053 2438 1091 2475 in
1111 2438 1239 2475 anima
1260 2438 1369 2475 Chri-

306 2490 352 2527 sti
379 2502 426 2527 ex
452 2490 598 2539 unione
626 2490 674 2528 ad
697 2490 883 2538 Verbum,
904 2491 1121 2528 secundum
1149 2491 1242 2527 illud
1262 2492 1369 2540 quod

306 2542 451 2579 ibidem
464 2542 484 2564 ²²
502 2542 650 2591 dicitur,
678 2544 841 2581 Vidimus
859 2544 1023 2593 gloriam
1051 2546 1128 2580 eius
1156 2546 1262 2593 quasi
1282 2546 1369 2582 Uni-

306 2596 424 2646 geniti
449 2607 472 2632 a
498 2597 622 2642 Patre,
645 2596 801 2646 plenum
828 2599 976 2646 gratiae
1003 2603 1036 2633 et
1062 2598 1246 2641 veritatis‚·
1277 2609 1369 2634 con-

307 2659 473 2697 sequens
499 2647 652 2685 videtur
679 2649 785 2697 quod
814 2661 836 2686 a
863 2649 1051 2698 principio
1080 2648 1218 2686 mundi
1241 2649 1369 2687 anima

309 2699 450 2738 Christi
475 2699 607 2737 fuisset
634 2713 656 2738 a
674 2701 803 2738 Verbo
832 2701 904 2739 Dei
932 2710 1141 2751 assumpta.

364 2753 438 2790 SED
467 2765 610 2790 CONTRA
645 2765 709 2790 1-:sr
745 2755 853 2802 quod
889 2755 1154 2792 Damascenus
1190 2754 1299 2802 dicit,
1330 2755 1369 2792 in

307 2807 358 2843 IV
377 2805 474 2842 libro
492 2805 530 2842 *z
559 2806 662 2852 Non,
682 2812 721 2842 ut
739 2807 889 2855 quidam
916 2810 1153 2854 mentiuntur,
1174 2814 1260 2845 ante
1286 2821 1369 2845 eam

309 2871 404 2908 quae
430 2864 480 2895 est
507 2870 557 2895 ex
582 2859 736 2908 Virgine
762 2861 1071 2907 incarnationem,
1096 2861 1294 2897 intellectus
1321 2867 1371 2898 est

309 2913 430 2948 unitus
448 2911 529 2947 Deo
547 2911 679 2957 Verbo,
699 2917 733 2947 et
751 2923 800 2948 ex
816 2918 903 2949 tunc
920 2919 1070 2950 vocatus
1089 2919 1139 2950 est
1160 2914 1324 2950 Christus
1342 2919 1368 2950 Υ.

362 2965 587 3000 RESPONDEO
615 2975 796 3001 DICENDUM
823 2965 930 3013 quod
960 2965 1146 3013 Origenes
1164 2965 1184 2987 '³‘
1209 2965 1338 3015 posuit
1357 2965 1370 2988 δ

310 3028 447 3054 omnes
474 3015 623 3052 animas
650 3028 672 3052 a
699 3016 887 3065 principio
923 3017 1038 3054 fuisse
1073 3026 1235 3055 creatas:
1274 3018 1372 3055 inter

310 3081 407 3118 quas
443 3068 559 3105 etiam
595 3068 723 3117 posuit
759 3068 930 3106 animam
969 3070 1108 3106 Christi
1145 3078 1311 3108 creatam
1338 3071 1368 3107 ²⁸.

311 3122 387 3160 Sed
416 3122 492 3158 hoc
526 3121 684 3170 quidem
720 3129 774 3157 est
802 3121 1094 3159 inconveniens:
1131 3123 1269 3160 scilicet
1288 3129 1310 3169 ε,
1341 3123 1370 3159 si

254 3184 257 3187 ¹
309 3182 477 3225 ponatur
503 3174 610 3223 quod
638 3173 748 3210 fuerit
774 3181 866 3211 tunc
893 3181 1017 3211 creata
1045 3175 1111 3211 sed
1139 3187 1218 3212 non
1247 3175 1371 3212 statim

316 3326 320 3334 ,
365 3303 392 3374 “3
406 3308 518 3338 praeter
541 3305 619 3331 Verbi
635 3306 810 3339 hypostasim.
829 3320 848 3324 -
865 3305 927 3331 Om.
948 3305 975 3331 P.

365 3339 379 3373 β
413 3340 541 3366 Otr-istus.
557 3354 578 3360 -
594 3341 686 3366 anima
708 3341 809 3366 Gir-isti
829 3341 911 3366 tertia.

382 3375 391 3409 )
412 3376 540 3401 Christus.
557 3391 578 3396 -
594 3376 741 3406 Editiones;
761 3377 842 3402 Deus.

364 3418 377 3435 ο
404 3411 505 3444 posuit.
523 3425 542 3430 —-
559 3412 585 3436 in
604 3419 652 3437 suo
670 3412 833 3437 Periarchon
853 3411 923 3436 addit
941 3412 1020 3437 tertia.

364 3455 375 3471 ι
407 3446 514 3472 scilicet.
531 3460 551 3465 —
569 3446 629 3472 Om.
649 3446 678 3472 P.

363 3480 391 3516 ζ)
408 3481 465 3506 sine
487 3481 596 3507 Verbo...
615 3481 820 3507 subsistentiam.
834 3496 853 3500 -
870 3481 890 3506 F
910 3486 935 3506 et
953 3482 1033 3511 tertia,
1053 3482 1100 3506 nisi
1119 3481 1190 3514 quod
1208 3481 1253 3506 FG
1273 3482 1370 3507 addunt

311 3515 432 3546 m5
448 3523 502 3542 om.
517 3517 656 3542 Mallemus
673 3517 760 3549 legere
778 3525 837 3542 cum
856 3517 946 3549 prima,
964 3517 1061 3541 inserto
1080 3524 1132 3542 uon
1152 3522 1210 3542 ante
1229 3517 1368 3542 habuisset.

365 3550 393 3584 η’)
411 3554 471 3577 erat
488 3557 578 3578 caro...
593 3552 737 3584 principio.
754 3566 774 3571 -
791 3556 850 3577 erat
872 3559 936 3578 caro
954 3552 1010 3577 eius
1034 3560 1113 3585 quam
1139 3555 1232 3578 nostra
1249 3560 1297 3578 nec
1314 3553 1370 3578 alia

453 3604 563 3629 Summa
581 3604 683 3630 Tuam..
701 3604 733 3630 D.
751 3604 866 3629 Tuomz
880 3604 912 3630 T.
926 3604 988 3629 VIll.

1412 1122 1542 1159 Verbo
1576 1122 1697 1169 unita,
1728 1123 1819 1172 quia
1853 1131 2077 1172 sequeretur
2111 1124 2217 1172 quod
2253 1123 2382 1161 anima
2414 1125 2476 1162 illa

1414 1175 1609 1211 habuisset
1637 1175 1844 1224 aliquando
1873 1176 2070 1224 propriam
2094 1176 2375 1213 subsistentiam
2395 1177 2475 1214 sine

1414 1228 1555 1264 Verbo.
1595 1229 1643 1264 Et
1677 1228 1740 1274 sic,
1775 1241 1866 1265 curn
1900 1229 2030 1265 fuisset
2058 1241 2080 1264 a
2103 1228 2232 1264 Verbo
2261 1238 2474 1278 assumpta,

1414 1282 1476 1316 vel
1511 1292 1591 1317 non
1626 1288 1723 1316 esset
1750 1281 1846 1317 facta
1880 1281 1974 1318 unio
2010 1281 2226 1317 secundum
2264 1281 2477 1319 substinen-

1415 1332 1508 1370 tiam
1527 1332 1558 1378 ζ;
1593 1335 1654 1369 vel
1692 1341 1872 1382 corrupta
1899 1333 2029 1370 fuisset
2057 1333 2298 1370 subsistentia
2326 1334 2477 1372 animae
2600 1341 2615 1369 ζ

1415 1393 1684 1435 praeexrstens.

1470 1438 1650 1475 Similiter
1690 1438 1805 1475 etiam
1840 1447 1895 1475 est
1931 1438 2208 1475 inconveniens
2245 1439 2276 1475 si
2313 1449 2480 1489 ponatur

1417 1491 1524 1539 quod
1553 1491 1682 1527 anima
1710 1491 1772 1527 illa
1799 1491 1910 1528 fuerit
1938 1503 1960 1528 a
1987 1491 2174 1541 principio
2203 1492 2332 1529 Verbo
2360 1493 2477 1540 unita,

1417 1551 1453 1579 et
1471 1544 1723 1592 postmodum
1753 1543 1792 1580 in
1820 1551 1930 1581 utero
1949 1543 2113 1592 Virginis
2141 1544 2345 1582 incarnata.
2376 1546 2480 1592 Quia

1418 1595 1470 1632 sic
1499 1596 1582 1642 eius
1610 1595 1739 1633 anima
1767 1608 1846 1633 non
1874 1596 2069 1633 videretur
2096 1596 2269 1633 eiusdem
2303 1610 2384 1635 esse
2413 1611 2479 1635 na-

1417 1656 1524 1685 turae
1544 1661 1635 1685 cum
1655 1648 1804 1695 nostris,
1826 1661 1925 1697 quae
1945 1649 2059 1686 simul
2088 1657 2264 1686 creantur
2282 1651 2378 1687 dum
2398 1664 2480 1688 cor-

1418 1701 1577 1750 poribus
1613 1701 1877 1738 infunduntur.
1916 1702 2027 1738 Unde
2062 1703 2144 1738 Leo
2173 1703 2277 1751 Papa
2305 1703 2411 1750 dicit,
2441 1704 2480 1740 in

1418 1753 1590 1802 Epistola
1609 1754 1659 1790 ad
1672 1754 1860 1790 Iulianum
1880 1753 1910 1800 ²¹⁵,
1932 1755 2039 1802 quod
2059 1767 2133 1790 non
2154 1755 2304 1791 alterius
2325 1762 2482 1793 naturae

1418 1812 1499 1842 erat
1526 1818 1616 1842 caro
1646 1818 1758 1855 quam
1787 1812 1934 1843 nostra:
1962 1819 2030 1843 nec
2048 1807 2122 1843 alio
2142 1807 2197 1843 illi
2214 1820 2325 1856 quam
2354 1811 2481 1846 ceteris

1418 1859 1627 1895 hominibus
1655 1864 1705 1895 est
1733 1861 1861 1896 anima
1889 1860 2068 1908 inspirata
2090 1861 2279 1909 principio
2300 1867 2330 1896 η.
2606 1874 2620 1896 η

1471 1912 1529 1947 An
1559 1923 1694 1948 PRIMUM
1722 1923 1820 1948 ERGO
1848 1923 2030 1948 DrcENDUM
2058 1913 2176 1960 quod,
2206 1912 2301 1949 sicut
2329 1926 2445 1963 supra
2463 1915 2483 1936 '³‘
2510 1920 2584 1941 ’Ar1·
2602 1926 2619 1941 ¹-

1420 1963 1566 2000 dictum
1594 1971 1670 2010 est,
1699 1963 1829 2000 anima
1859 1963 1998 2001 Christi
2026 1964 2163 2001 dicitur
2198 1977 2280 2002 esse
2308 1967 2483 2004 medium

1420 2015 1460 2052 in
1487 2016 1633 2053 unione
1661 2016 1784 2052 carnis
1804 2017 1852 2053 ad
1872 2017 2045 2054 Verbum
2066 2018 2282 2055 secundum
2306 2019 2483 2057 ordinem

1421 2075 1590 2105 naturae.
1620 2070 1713 2105 Non
1741 2076 1871 2106 autem
1900 2077 2051 2118 oportet
2069 2082 2116 2107 ex
2135 2071 2211 2107 hoc
2239 2072 2345 2120 quod
2373 2072 2485 2109 fuerit

1421 2119 1596 2158 medium
1624 2133 1670 2158 ex
1699 2121 1833 2158 ordine
1861 2122 2056 2171 temporis.

1474 2175 1531 2210 An
1559 2185 1749 2211 SECUNDUM
1776 2186 1958 2212 nicENDUM
1986 2175 2105 2224 quod,
2132 2175 2228 2212 sicut
2254 2177 2337 2213 Leo
2365 2178 2482 2227 Papa,

1421 2226 1460 2263 in
1479 2227 1618 2263 eadem
1637 2225 1808 2274 Epistola
1826 2227 1857 2273 ³⁸,
1887 2227 1987 2270 dicit,
2008 2228 2138 2264 anima
2158 2228 2298 2265 Christi
2317 2229 2483 2267 excellit⁶

1422 2292 1496 2316 non
1517 2280 1723 2316 diversitate
1740 2281 1900 2328 generis,
1920 2280 1985 2316 sed
2000 2281 2220 2318 sublimitate
2237 2283 2387 2319 virtutis.
2418 2284 2485 2320 Est

1422 2332 1527 2369 enim
1546 2332 1721 2368 eiusdem
1739 2332 1887 2379 generis
1906 2343 1997 2368 cum
2016 2332 2154 2369 nostris
2174 2333 2395 2372 animabus:
2417 2336 2484 2372 sed

1422 2385 1568 2422 excellit
1587 2384 1701 2421 etiam
1720 2386 1874 2432 angelos
1891 2385 2107 2422 secundum
2115 2386 2382 2434 plenitudinem
2396 2400 2483 2437 gra-

1422 2440 1494 2475 tiae
1513 2444 1546 2475 et
1568 2438 1730 2475 veritatis
1744 2437 1774 2473 *.
1794 2437 1939 2474 Modus
1965 2445 2092 2474 autem
2115 2438 2407 2476 incarnationis‘
2427 2453 2483 2477 re·
2508 2446 2561 2493 'vm
2586 2478 2611 2498 ¹4

1423 2490 1587 2540 spondet
1614 2490 1765 2527 animae
1794 2490 2010 2527 secundum
2037 2490 2308 2540 proprietatem
2337 2492 2397 2529 sui
2421 2505 2483 2541 ge·
2563 2488 2568 2492 ’
2611 2486 2620 2524 ι’

1423 2543 1543 2580 neris:
1579 2555 1625 2580 ex
1645 2555 1724 2591 quo
1754 2543 1878 2589 habet,
1899 2554 1990 2579 cum
2019 2543 2064 2579 sit
2091 2543 2262 2592 corporis
2287 2545 2421 2592 forma,
2442 2554 2484 2582 ut

1423 2604 1572 2634 creetur
1599 2595 1714 2632 simul
1742 2596 1835 2632 dum
1865 2595 2018 2644 corpori
2052 2595 2264 2633 infunditur
2300 2605 2336 2633 et
2354 2603 2370 2619 ἰ
2398 2598 2482 2634 uni·
2605 2609 2620 2624 κ

1422 2657 1494 2686 tur.
1526 2649 1645 2695 Quod
1673 2660 1753 2685 non
1781 2648 1963 2697 competit
1990 2648 2142 2696 angelis,
2163 2649 2254 2698 quia
2281 2658 2369 2686 sunt
2395 2650 2483 2687 sub-

1423 2701 1581 2739 stantiae
1609 2700 1771 2738 omnino
1800 2713 1822 2738 a
1850 2701 2075 2750 corporibus
2103 2701 2309 2738 absolutae.

1476 2756 1533 2791 An
1552 2766 1710 2791 TERTIUM
1729 2766 1909 2790 DiCENnUM
1930 2754 2036 2802 quod
2056 2754 2104 2790 de
2122 2753 2358 2803 plenitudine
2375 2755 2483 2792 Chri-

1424 2807 1469 2844 sti
1502 2818 1638 2844 omnes
1673 2806 1851 2842 homines
1888 2806 2078 2854 accipiunt
2114 2807 2329 2843 secundum
2362 2807 2483 2846 fidem

1424 2872 1544 2909 quam
1572 2859 1714 2895 habent
1742 2858 1780 2894 in
1809 2858 1954 2907 ipsum:
1985 2858 2121 2894 dicitur
2144 2858 2247 2895 enim
2266 2861 2377 2897 Rom.
2399 2873 2431 2897 111
2449 2861 2481 2908 ²⁸,

1424 2913 1531 2962 quod
1569 2913 1700 2948 iustitia
1736 2912 1810 2947 Dei
1834 2916 1885 2947 est
1905 2923 1978 2959 per
2002 2911 2124 2958 fidem
2162 2913 2246 2948 Iesu
2279 2913 2416 2950 Christi
2445 2916 2482 2951 in

1424 2977 1552 3002 omnes
1570 2970 1603 3000 et
1620 2975 1731 3012 super
1758 2975 1885 2999 omnes
1904 2964 1967 3011 qui
1983 2963 2135 3000 credunt
2160 2965 2196 3000 in
2218 2966 2347 3013 ipsum.
2378 2965 2484 3004 Sicut

1425 3025 1554 3054 autem
1582 3028 1653 3052 nos
1681 3015 1719 3051 in
1748 3014 1876 3063 ipsum
1909 3015 2100 3052 credimus
2129 3024 2170 3052 ut
2197 3016 2437 3055 incarnatum
2456 3019 2481 3067 λ,
2606 3018 2624 3042 λ

1425 3070 1475 3107 ita
1503 3068 1647 3116 antiqui
1675 3067 1917 3104 crediderunt
1944 3067 1983 3104 in
2003 3067 2131 3116 ipsum
2158 3076 2200 3105 ut
2227 3070 2481 3109 nasciturum:

1425 3124 1596 3159 habentes
1624 3121 1721 3156 enim
1753 3120 1909 3156 eundem
1936 3122 2103 3170 spiritum
2131 3122 2331 3169 credimus,
2358 3131 2400 3160 ut
2428 3124 2483 3161 di-

1426 3174 1522 3212 citur
1540 3175 1569 3210 II
1588 3174 1674 3210 Cor.
1696 3185 1730 3209 1v
1749 3172 1778 3209 ³¹².
1799 3172 1926 3209 Habet
1953 3181 2083 3210 autern
2108 3173 2206 3211 fides
2234 3187 2332 3224 quae
2361 3184 2416 3213 est
2444 3177 2482 3215 in

2508 1763 2516 1772 ¹
2532 1763 2549 1784 E
2568 1763 2605 1785 ist.
2624 1764 2719 1790 XXXV,

2508 1790 2536 1810 al.
2574 1790 2591 1813 1.
2607 1796 2656 1817 cap.
2672 1796 2706 1811 ιιι.

2511 2227 2520 2237 “
2535 2227 2592 2255 Cap.
2608 2233 2642 2247 ιιι.

2541 2445 2606 2466 Ioan.
2632 2451 2683 2472 cap.
2706 2451 2723 2472 1,

2509 2865 2519 2875 ⁸
2535 2864 2600 2886 Vers.
2616 2870 2650 2886 22.

2510 3182 2520 3192 ⁸
2536 3182 2593 3203 Vers
2619 3188 2649 3210 ¹3>

1425 3306 1465 3331 illi
1482 3312 1560 3338 quam
1579 3305 1673 3342 ceteris
1691 3305 1839 3330 hominibus
1858 3306 1949 3331 anima
1967 3309 2007 3331 est
2024 3314 2041 3330 a
2056 3306 2191 3338 principio
2215 3306 2347 3338 inspirata
2365 3307 2400 3338 P;
2419 3315 2483 3333 caro

1424 3341 1480 3366 eius
1505 3341 1582 3365 etiam
1604 3341 1692 3372 GHbc,
1711 3341 1768 3366 eius
1791 3348 1855 3366 caro
1873 3341 1918 3371 F1;
1943 3341 1997 3366 alia
2022 3341 2098 3366 etiam
2122 3342 2204 3371 alsi-:3
2228 3343 2320 3367 anima
2343 3347 2382 3368 est
2406 3344 2482 3368 etiam

1425 3381 1508 3401 cetera
1520 3376 1608 3406 tertia;
1624 3376 1734 3408 denique
1749 3376 1881 3408 inspirata
1893 3384 1910 3401 a
1920 3377 2055 3409 principio
2065 3377 2099 3408 Ἐς
2115 3377 2146 3402 cf.
2157 3385 2200 3409 qu.
2211 3385 2295 3408 xxxin,
2310 3382 2355 3403 art.
2368 3385 2391 3409 2,
2404 3385 2414 3403 ι
2429 3386 2482 3411 arg.

1477 3409 1502 3444 θ)
1521 3411 1636 3437 excellit.
1654 3425 1673 3430 —
1691 3412 1796 3437 animas
1814 3415 1919 3437 nostras
1939 3412 2007 3436 addit
2026 3412 2054 3437 Ρ.

1482 3446 1501 3479 ι)
1521 3446 1723 3472 incarnationis.
1740 3461 1759 3466 -
1777 3447 1921 3472 creationis
1939 3448 2013 3472 tertia
2031 3451 2132 3479 praeter
2150 3447 2200 3479 pG.

1478 3481 1504 3520 x)
1523 3482 1676 3515 infunditur
1693 3485 1726 3507 et.
1745 3497 1764 3501 —-
1782 3483 1843 3508 Om.
1862 3483 1935 3507 tertia
1954 3487 2054 3514 praeter
2073 3482 2119 3507 εΗ.

1475 3516 1504 3551 λ)
1523 3517 1701 3543 incarnatum.
1711 3518 1765 3543 -in
1778 3518 1830 3542 iam
1844 3521 1935 3542 natum
1947 3518 2031 3547 tertia;
2046 3517 2136 3542 eadem
2150 3518 2235 3542 statim
2249 3525 2296 3550 pro
2306 3518 2480 3548 nasciturum,

1424 3553 1450 3577 in
1464 3553 1640 3578 nasciturum.

2308 3606 2337 3631 13
