2912 4030
475 266 556 292 XVlll

478 346 514 366 ac
543 341 676 366 centena
707 335 859 366 Summae
883 333 1101 373 Theologicae
1135 336 1321 371 argumenta
1350 329 1394 360 ibi
1422 328 1544 359 inveni-

476 386 584 411 untur.
610 380 791 419 Utrumque
815 378 926 409 locum
950 378 1135 412 exscribam,
1153 376 1304 407 Summae
1329 384 1346 404 a
1368 373 1545 404 Commen-

477 426 557 455 tario
582 425 737 455 variantes
760 423 941 463 parenthesi
965 419 1202 461 distinguendo.

532 517 693 549 Praeterea,
716 514 776 541 duo
806 520 930 548 corpora
960 521 1021 540 non
1053 515 1176 546 possunt
1197 516 1259 536 esse
1279 507 1309 535 in
1331 506 1436 535 eodem
1467 505 1544 534 loco.

478 558 552 586 Cum
575 556 659 593 igitur
673 563 734 582 non
752 552 844 591 possit
857 551 933 591 fieri
946 557 1039 580 motus
1061 551 1131 587 (non
1146 549 1183 577 sit
1197 548 1350 584 transitus)
1366 547 1402 574 de
1417 552 1546 574 extremo

478 598 508 626 in
523 603 680 626 extremum
703 594 759 622 nisi
781 602 831 630 per
848 591 987 627 medium,
1001 591 1115 620 videtur
1137 589 1218 627 quod
1232 597 1322 625 supra
1337 595 1437 615 omnes
1451 585 1547 614 caelos

479 637 638 666 ascendere
666 645 721 663 non
746 634 840 673 potuit
862 631 1014 669 (Christus
1035 639 1090 659 non
1115 628 1258 667 potuisset
1278 626 1436 655 ascendere
1457 635 1547 664 super

480 685 579 706 omnes
606 676 714 712 caelos)
740 673 795 703 nisi
823 673 935 702 caelum
967 670 1159 699 divideretur:
1191 668 1272 706 quod
1294 673 1337 695 est
1357 665 1546 703 impossibile.

535 760 660 792 Solutio
677 759 752 790 huic
768 762 956 798 argumento
980 754 1177 795 respondens
1194 763 1232 784 ex
1255 751 1382 783 duobus
1406 751 1546 782 elemen-

480 806 519 836 tis
539 804 720 844 consurgit:
744 803 885 843 primum
902 805 1067 840 sumptum
1084 803 1131 829 est
1154 807 1191 828 ex
1216 796 1470 830 Commentario,
1486 794 1546 824 ibi-

481 849 565 886 dem,
590 849 628 879 ad
654 858 671 879 2
686 852 730 884 ¹¹²3
755 846 889 877 alterum
913 854 951 875 ex
974 843 1146 880 Quodlibet
1168 841 1191 878 Ι,
1209 847 1263 872 art.
1283 849 1334 871 22.
1352 849 1440 880 corp.
1457 839 1547 869 Prio-

481 903 549 924 rem
571 894 681 924 locum
706 896 821 927 toturn,
842 889 969 920 alterius
993 893 1150 929 quantum
1174 885 1290 917 sufficit
1313 884 1407 915 dabo.

534 985 790 1012 Commarantus:
813 980 858 1008 Ad
880 979 1038 1007 secundum
1067 976 1223 1005 dicendum
1244 973 1335 1011 quod,
1357 971 1489 1010 quamvis
1511 972 1547 1000 de

481 1031 583 1053 natura
611 1021 743 1059 corporis
763 1030 824 1049 non
846 1019 881 1048 sit
903 1020 982 1056 quod
1011 1017 1105 1055 possit=
1126 1025 1188 1044 esse
1209 1015 1240 1043 in
1261 1014 1365 1043 eodem
1387 1014 1453 1041 loco
1481 1021 1547 1041 curn

481 1064 539 1092 alio
570 1071 702 1099 corpore,
725 1068 822 1089 tamen
850 1065 946 1096 potest
973 1058 1028 1086 hoc
1058 1059 1135 1085 Deus
1164 1056 1256 1084 facere
1282 1063 1334 1091 per
1357 1052 1548 1082 miraculum:

460 1116 463 1118 ’
481 1104 554 1133 sicut
574 1103 660 1131 etiam
683 1102 748 1130 fecit
769 1109 875 1136 corpus
896 1097 1003 1127 Christi
1024 1098 1060 1125 de
1082 1097 1181 1125 clauso
1201 1094 1333 1132 virginali
1357 1100 1442 1123 utero
1463 1092 1549 1130 exire,

480 1152 513 1173 ut
533 1143 601 1172 dicit
622 1141 786 1179 Gregorius.

535 1185 710 1219 Quonumrr
739 1181 861 1216 (Utrum
889 1178 986 1216 aliquo
1013 1178 1099 1206 modo
1127 1185 1234 1215 corpus
1262 1175 1428 1215 gloriosum
1457 1173 1551 1212 possit

483 1234 545 1254 esse
571 1223 661 1252 simul
681 1223 710 1250 in
732 1221 833 1249 eodem
855 1219 918 1248 loco
938 1227 1004 1247 cum
1029 1218 1088 1246 alio
1116 1225 1241 1255 corpore
1269 1215 1431 1253 quaesitum
1458 1217 1549 1251 erat):

482 1264 655 1293 Miraculose
683 1271 752 1299 ergo
778 1260 839 1288 fieri
866 1265 961 1296 potest
989 1258 1069 1296 quod
1091 1258 1149 1286 duo
1171 1265 1295 1293 corpora
1316 1255 1374 1284 sint
1393 1254 1423 1283 in
1445 1255 1550 1283 eodem

482 1306 558 1334 loco.
580 1305 664 1333 Unde
685 1300 801 1338 corpori
822 1300 928 1330 Christi
950 1297 1113 1327 attribuitur
1127 1307 1144 1326 a
1159 1296 1282 1331 Sanctis,
1300 1296 1380 1334 quod
1402 1295 1487 1324 exivit
1501 1303 1552 1332 per

483 1347 612 1375 clausum
633 1341 758 1380 Virginis
788 1347 902 1370 uterum
930 1346 958 1368 et
986 1338 1071 1376 quod¹
1096 1336 1212 1366 intravit
1243 1336 1336 1365 ianuis
1366 1335 1470 1364 clausis
1501 1344 1552 1371 per

482 1386 615 1414 virtutem
647 1382 783 1411 divinam.
816 1382 852 1409 Et
873 1379 1001 1408 similiter
1022 1378 1088 1407 dico
1117 1378 1196 1415 quod
1225 1385 1330 1414 corpus
1360 1375 1551 1414 gloriosum...

483 1425 590 1463 poterit
603 1432 665 1452 esse
680 1432 744 1451 cum
760 1421 818 1449 alio
833 1429 955 1458 corpore
970 1419 999 1447 in
1014 1419 1116 1446 eodem
1133 1418 1208 1451 loco,
1221 1426 1282 1445 non
1295 1422 1415 1453 propter
1425 1415 1551 1453 aliquam

482 1466 616 1494 virtutem
645 1469 769 1491 creatam
797 1461 927 1495 inditam,
949 1460 999 1487 sed
1021 1459 1084 1486 sola
1112 1457 1208 1486 divina
1229 1456 1333 1485 virtute
1354 1455 1504 1484 assistente
1526 1462 1553 1483 et

484 1507 540 1533 hoc
550 1508 552 1510 ’
561 1510 709 1541 operante.

539 1588 597 1618 His
620 1587 809 1628 praemissis,
834 1585 1030 1615 solutionem
1055 1583 1198 1614 exscribo
1221 1582 1255 1612 in
1278 1581 1425 1612 versione
1448 1585 1553 1611 textus

485 1634 629 1672 antiqui:

537 1721 584 1750 Ad
605 1719 764 1748 secundum
792 1717 946 1746 dicendum
976 1717 1056 1753 quod
1084 1715 1216 1752 quumvis
1237 1715 1274 1742 de
1294 1720 1398 1742 natura
1422 1711 1554 1749 corporis

485 1771 546 1790 non
561 1761 596 1790 sit
611 1760 690 1797 quod
708 1758 799 1796 possit
821 1767 883 1786 esse
899 1757 928 1784 in
943 1757 1045 1785 eodem
1068 1756 1133 1784 loco
1154 1764 1222 1783 cum
1235 1753 1293 1782 alio
1308 1762 1441 1790 corpore,
1456 1759 1554 1781 tamen

484 1808 580 1839 potest
610 1801 665 1829 hoc
695 1801 773 1827 Deus
803 1798 896 1826 facere
925 1807 976 1835 per
1003 1796 1172 1824 miraculum
1201 1795 1281 1832 quod
1303 1794 1332 1822 in
1354 1794 1458 1822 eodem
1487 1792 1554 1820 loco

486 1841 597 1878 possint
623 1849 704 1868 esse:
737 1839 810 1867 sicut
834 1845 862 1867 et
882 1838 948 1867 fecit
975 1846 1080 1874 corpus
1109 1835 1214 1864 Christi
1235 1842 1267 1863 ut
1287 1835 1323 1862 de
1345 1834 1444 1862 clauso
1471 1838 1554 1860 utero

487 1883 591 1910 Beatae
612 1880 737 1918 Virginis
759 1879 847 1908 exiret
865 1885 894 1906 et
908 1878 987 1915 quod
1009 1876 1123 1905 intravit
1145 1875 1238 1904 ianuis
1259 1873 1372 1908 clausis,
1393 1873 1466 1902 sicut
1486 1872 1555 1900 dicit

487 1923 591 1950 Beatus
606 1920 770 1957 Gregorius.
791 1918 915 1956 Corpori
929 1927 998 1955 ergo
1014 1915 1119 1946 Christi
1132 1915 1288 1944 convenire
1303 1920 1398 1951 potest
1411 1921 1472 1941 esse
1487 1921 1552 1940 cum

486 1961 543 1990 alio
565 1970 687 1998 corpore
704 1961 733 1988 in
751 1961 854 1988 eodem
869 1959 944 1993 loco,
960 1967 1021 1986 non
1036 1966 1069 1986 ex
1084 1956 1259 1993 proprietate
1281 1953 1420 1991 corporis,
1437 1953 1488 1981 sed
1503 1961 1555 1989 per

486 2002 620 2030 virtutem
642 2000 767 2028 divinam
789 1999 970 2027 assistentem
991 2004 1019 2026 et
1040 1998 1096 2026 hoc
1117 2002 1296 2034 operantem.

542 2091 702 2132 Equidem
737 2090 816 2120 nihil
849 2090 901 2119 hic
934 2088 1028 2118 video
1063 2092 1229 2118 auctorem
1263 2085 1415 2116 Summae
1449 2085 1555 2114 minus

487 2137 613 2167 decens.
647 2135 757 2176 Aliqui
791 2133 918 2168 codices
947 2133 1056 2163 tertiae
1082 2132 1176 2171 (inter
1199 2139 1282 2171 quos
1301 2130 1339 2166 R,
1356 2139 1423 2159 non
1447 2129 1503 2168 Q),
1520 2133 1556 2158 ut

487 2181 592 2212 solent
614 2179 767 2210 fastidiosi
792 2188 869 2214 esse,
886 2178 1046 2208 variarunt
1069 2175 1123 2216 (cf.
1146 2175 1174 2215 ε)
1200 2174 1355 2205 dictiones
1374 2173 1462 2215 fecit
1483 2183 1556 2204 cor-

481 2236 546 2267 pus
565 2224 685 2255 Christi
701 2229 767 2254 ut...
791 2223 912 2258 exiret,
937 2227 968 2252 et
991 2220 1036 2262 (ζ)
1064 2219 1205 2261 Corpori
1227 2228 1308 2260 ergo
1336 2218 1456 2249 Christi
1479 2227 1556 2248 con-

488 2270 598 2301 venire
615 2273 731 2310 potest.
755 2268 799 2298 Ut
821 2267 931 2298 locum
955 2265 1154 2306 autographo
1184 2264 1340 2303 abnegem
1370 2267 1557 2303 argumenta

487 2315 536 2345 his
556 2314 712 2344 debilibus
735 2311 866 2342 fortiora
885 2321 951 2341 non
975 2310 1115 2340 invenio.
1131 2328 1155 2331 —
1178 2308 1393 2338 Transeamus
1408 2306 1449 2337 ad
1465 2316 1557 2347 argu-

488 2364 634 2389 mentum
659 2363 689 2388 et
713 2356 908 2387 solutionem
931 2354 1095 2385 notatoris.

544 2403 780 2443 Argumentum
804 2400 923 2430 codicis
943 2399 966 2435 1,
986 2408 1042 2439 per
1065 2403 1248 2429 notatorem
1271 2395 1472 2436 autographo
1488 2396 1557 2426 vin-

490 2447 639 2482 dicatum,
657 2456 695 2476 ex
712 2444 828 2476 e'odem
850 2443 1083 2475 Commentarii
1106 2443 1181 2472 loco
1199 2441 1243 2481 (ι.
1260 2441 1338 2481 arg.)
1356 2445 1557 2480 assumptum

490 2502 557 2523 esse
590 2490 734 2526 videtur,
769 2489 824 2520 sed
857 2489 962 2519 bonae
1001 2487 1076 2518 fidei
1115 2496 1209 2518 causa
1249 2485 1422 2516 exscribam
1461 2485 1557 2515 etiam

493 2535 664 2573 Quodlibet
678 2534 731 2570 VI,
749 2539 804 2564 art.
823 2533 852 2569 3,
870 2543 933 2573 arg.
953 2542 981 2562 2.

543 2625 800 2652 Comitum-amus:
823 2621 936 2657 Corpus
958 2619 1035 2647 enirn
1057 2618 1162 2647 Christi
1183 2617 1344 2646 necessario
1366 2624 1408 2645 est
1430 2617 1459 2645 in
1480 2617 1558 2645 loco.

492 2664 549 2693 Sed
570 2669 648 2691 extra
669 2670 770 2690 omnes
791 2662 886 2689 caelos
900 2669 960 2688 non
976 2666 1018 2687 est
1031 2660 1122 2694 locus,
1138 2660 1297 2686 secundum
1312 2657 1522 2694 Philosophum
1537 2659 1557 2685 l.

493 2702 570 2732 Caeli
585 2709 613 2730 et
628 2701 737 2730 Mundi.
760 2702 837 2737 Ergo
858 2709 944 2737 supra
966 2708 1067 2727 omnes
1089 2699 1184 2727 caelos
1205 2699 1362 2726 ascendere
1379 2707 1440 2726 non
1453 2697 1557 2734 potuit.

546 2743 720 2777 Quonmsnr
741 2740 923 2777 (Quaesitum
945 2746 987 2768 est
1012 2745 1108 2767 utrum
1138 2739 1264 2778 angelus
1293 2739 1340 2766 vel
1366 2747 1472 2776 corpus
1492 2738 1559 2777 glo-

494 2784 602 2811 riosum
628 2782 739 2820 possint
760 2790 824 2809 esse
845 2781 873 2808 in
895 2788 1026 2808 convexo
1054 2779 1129 2807 caeli
1154 2779 1326 2817 empyreo:
1355 2779 1450 2807 Omne
1481 2778 1559 2806 enirn

494 2832 597 2858 corpus
619 2831 734 2850 necesse
756 2827 799 2849 est
819 2820 849 2848 in
870 2821 936 2849 loco
958 2829 1028 2848 esse.
1060 2820 1117 2847 Sed
1146 2826 1223 2847 extra
1249 2820 1361 2847 caelum
1390 2828 1559 2855 empyreum

496 2872 554 2890 non
577 2868 618 2890 est
638 2861 740 2898 aliquis
762 2862 853 2889 locus.
885 2862 961 2897 Ergo
984 2869 1044 2888 non
1065 2866 1160 2896 potest
1182 2868 1244 2888 esse
1265 2868 1370 2895 corpus
1398 2858 1558 2896 gloriosum

497 2909 575 2929 extra
596 2902 704 2929 caelum
727 2910 903 2937 empyreum.

549 2943 760 2970 Aaouurmruu
775 2942 803 2968 1:
826 2942 985 2975 Praeterea,
997 2949 1083 2976 super
1098 2948 1200 2968 omnes
1215 2940 1310 2968 caelos
1325 2948 1387 2967 non
1401 2946 1444 2967 est
1457 2938 1561 2976 aliquis

497 2981 586 3016 locus,
601 2987 632 3009 ut
647 2981 784 3016 probatur
804 2980 833 3008 in
848 2981 868 3008 l.
885 2982 920 3008 de
942 2981 1040 3008 Caelo.
1061 2981 1119 3008 Sed
1135 2989 1222 3008 omne
1243 2988 1350 3016 corpus
1369 2986 1485 3016 oportet
1499 2988 1562 3007 esse

498 3020 527 3048 in
546 3021 620 3049 loco.
642 3021 718 3057 Ergo
741 3030 845 3057 corpus
867 3020 971 3048 Christi
993 3030 1053 3048 non
1075 3020 1205 3048 ascendit
1225 3029 1311 3056 super
1332 3029 1435 3047 omnes
1456 3019 1561 3048 caelos.

553 3111 628 3142 Tria
659 3116 844 3151 argumenta
875 3111 1118 3141 substantialiter
1149 3111 1260 3142 eadem
1287 3116 1378 3142 sunt:
1412 3111 1563 3142 differunt

500 3162 534 3186 ut
558 3155 734 3186 universale
751 3154 860 3191 (omne
883 3155 1026 3195 corpus)
1044 3161 1075 3185 et
1098 3156 1284 3194 particulare
1309 3156 1443 3197 (corpus
1469 3155 1562 3186 Chri-

500 3200 574 3240 sti);
607 3198 749 3230 medium
784 3204 1007 3238 argumentum
1039 3199 1134 3229 habet
1168 3205 1262 3230 extra
1294 3201 1418 3231 caelum
1452 3209 1562 3241 emps-

503 3253 601 3279 reum,
621 3253 680 3283 pro
705 3246 771 3283 quo
796 3242 861 3272 duo
887 3248 1024 3273 extrema
1048 3243 1158 3282 legunt
1180 3253 1277 3284 super
1300 3254 1410 3275 omnes
1433 3245 1563 3281 caelos‚'

503 3287 613 3318 cadem
637 3286 794 3317 inducunt
817 3287 1038 3317 auctoritatem
1065 3287 1262 3327 Philosophi.
1294 3288 1329 3319 In
1353 3289 1446 3319 tertio
1470 3299 1562 3329 argu-

504 3337 629 3366 mento,
654 3331 761 3361 utrobi
792 3335 972 3370 assumpto,
999 3330 1236 3370 propositiones
1268 3334 1457 3370 praemissae
1487 3333 1562 3364 loco

504 3381 642 3405 mutatae
667 3380 750 3405 sunt.

560 3419 685 3449 Solutio
702 3418 879 3458 argumenti
903 3418 914 3448 I
940 3427 977 3448 ex
1002 3418 1243 3448 Commentario
1266 3429 1332 3449 non
1356 3427 1482 3460 sumpta
1506 3427 1562 3458 est,

506 3463 686 3502 quinimmo
710 3462 941 3493 Commentarii
966 3462 1118 3492 solutioni
1142 3471 1255 3502 parum
1272 3463 1359 3493 abest
1380 3469 1416 3493 ut
1439 3470 1564 3495 contra-

507 3506 598 3536 dicat.
619 3507 691 3536 Hoc
703 3512 810 3537 tamen
822 3507 981 3536 recensori
996 3511 1099 3537 textus
1116 3506 1127 3536 1
1141 3506 1218 3536 vitio
1232 3515 1299 3536 non
1310 3511 1410 3537 verto.
1430 3507 1461 3538 S.
1475 3507 1564 3538 Tho-

507 3559 574 3580 mas
590 3551 675 3580 enim
687 3550 866 3581 Sententias
883 3555 1103 3581 commentans
1119 3550 1268 3591 opinatus
1287 3555 1343 3586 est,
1357 3550 1481 3581 caelum
1498 3561 1564 3582 em-

505 3603 642 3635 pyreum
666 3603 732 3624 non
755 3595 934 3626 institutum
959 3604 1026 3624 esse
1050 3594 1089 3625 ad
1112 3594 1269 3625 naturales
1293 3593 1434 3631 effectus,
1451 3595 1507 3625 sed
1527 3595 1565 3626 ad

1599 326 1662 356 hoc
1687 324 1776 365 quod
1799 325 1838 355 sit
1861 325 1953 355 locus
1977 324 2151 355 Beatorum
2177 322 2230 363 (cf.
2249 322 2275 353 11
2299 321 2397 358 Sem„
2415 321 2486 353 dist.
2509 331 2542 358 u,
2555 327 2611 352 art.
2629 322 2667 359 3:

1600 369 1670 399 dist.
1687 379 1751 404 xm,
1769 374 1824 399 art.
1846 368 1888 408 ι).
1913 367 1976 399 Sed
1992 373 2104 408 postea
2127 367 2321 398 retractavit:
2349 379 2363 393 «ι
2383 365 2424 396 Et
2447 366 2511 396 hoc
2535 365 2668 406 quidem

1600 413 1773 453 aliquando
1789 413 1868 443 mihi
1885 413 1990 443 visum
2006 417 2062 448 est,
2079 411 2135 442 sed
2151 410 2334 451 diligentius
2353 409 2559 441 considerans
2573 423 2587 438 »
2601 416 2667 441 etc.

1599 457 1642 488 VI
1670 457 1850 494 Quodlibet,
1867 462 1924 487 art.
1945 464 1995 496 19.
2018 454 2185 487 Habitudo
2209 455 2378 486 solutionis
2400 453 2435 485 in
2459 453 2670 487 Commenta-

1600 502 1648 532 rio
1673 501 1820 542 opinioni
1844 500 1992 531 Thomae
2017 500 2151 531 iunioris
2173 509 2243 530 non
2265 498 2475 536 disconvenit,
2498 504 2535 530 ut
2557 498 2669 530 lectori

1601 546 1731 587 patebit.
1757 545 1833 576 Ideo
1857 554 2007 576 recensor
2029 549 2135 575 textus
2159 543 2171 575 1
2194 544 2359 575 materiam
2390 552 2465 574 suae
2499 542 2671 575 solutionis

1601 591 1675 621 alibi
1700 590 1871 630 quaesivit;
1896 589 2028 620 ubinam
2051 598 2128 620 vero
2152 588 2361 629 quaesiverit,
2382 587 2546 628 exscriptis
2572 586 2670 618 trium

1601 640 1866 675 argumentorum
1890 633 2106 664 solutionibus
2129 632 2284 664 dicemus.

1655 747 1911 775 Comnmamus:
1932 745 1990 782 (Ad
2011 745 2137 783 primum
2159 748 2240 784 ergo)
2261 745 2428 782 dicendum,
2449 746 2529 783 quod
2551 754 2611 774 non
2627 745 2671 774 di—

1601 786 1675 815 citur
1695 786 1858 815 ascendisse
1879 794 1966 822 super
1985 786 2084 815 caelos
2105 785 2173 823 quia
2194 793 2272 815 extra
2293 787 2405 815 caelum
2433 785 2603 823 empyreum
2625 784 2671 821 sit,

1601 827 1652 855 sed
1673 826 1742 864 quia
1763 826 1792 854 in
1813 825 1983 854 altissimam
2004 833 2116 863 partem
2137 826 2208 854 caeli
2229 825 2357 863 empyrei
2377 825 2516 855 ascendit.

1655 867 1850 902 Quonrmarx
1872 866 1931 902 (Ad
1951 866 2124 902 secundum)
2146 865 2301 895 dicendum
2330 867 2411 904 quod
2432 865 2506 895 ratio
2526 865 2583 894 ista
2603 874 2672 903 pro-

1602 906 1678 935 cedit
1697 907 1734 935 de
1754 915 1878 943 corpore
1899 905 2083 942 dependente
2104 914 2122 935 a
2143 905 2239 943 primo
2261 906 2438 935 continente.

1655 948 1804 975 No’rxron
1826 946 1855 975 in
1876 945 2000 974 lectione
2021 947 2067 982 Q:
2088 947 2147 981 (Ad
2168 947 2341 982 secundum)
2362 945 2518 976 dicendum
2533 946 2616 983 quod
2628 946 2672 975 lo·
2704 975 2707 977 ,

1601 996 1652 1016 cus
1673 987 1760 1015 habet
1780 986 1923 1015 rationem
1944 985 2128 1015 continentis.
2157 986 2243 1016 Unde
2263 986 2391 1024 primum
2411 985 2566 1015 continens
2586 986 2674 1014 habet

1602 1027 1745 1056 rationem
1777 1026 1861 1063 primi
1892 1026 2024 1060 lucanus,
2046 1027 2127 1064 quod
2155 1033 2197 1055 est
2218 1025 2344 1064 primum
2375 1025 2496 1055 caelum.
2527 1027 2674 1055 lntantum

1603 1067 1687 1105 igitur
1707 1075 1832 1103 corpora
1853 1066 1984 1104 indigent
2005 1075 2067 1095 esse
2082 1066 2112 1095 in
2126 1067 2194 1096 loeo
2213 1075 2265 1104 per
2286 1075 2326 1101 se,
2348 1064 2521 1104 inquantum
2542 1065 2675 1104 indigent

1602 1107 1744 1136 contineri
1766 1116 1783 1134 a
1805 1114 1928 1143 corpore
1949 1106 2073 1135 caelesti.
2097 1106 2229 1144 Corpora
2250 1105 2336 1144 igitur
2356 1105 2492 1143 gloriosa,
2507 1111 2536 1134 et
2549 1105 2674 1135 maxime

1604 1156 1709 1184 corpus
1731 1146 1846 1182 Christi,
1869 1155 1929 1175 non
1955 1146 2085 1184 indigent
2112 1146 2290 1176 continentia
2310 1145 2369 1181 tali,
2392 1143 2461 1184 quia
2481 1145 2553 1174 nihil
2574 1145 2677 1183 recipit

1604 1197 1621 1216 a
1642 1187 1814 1224 corporibus
1842 1187 2013 1216 caelestibus
2032 1187 2095 1224 (sed
2116 1195 2133 1215 a
2155 1187 2220 1215 Deo
2241 1186 2388 1215 mediante
2416 1185 2514 1215 anima
2538 1183 2625 1214 adem
2640 1186 2674 1223 1).

1604 1229 1688 1257 Unde
1702 1226 1773 1256 nihil
1788 1227 1922 1264 prohibet
1943 1235 2047 1264 corpus
2062 1224 2168 1255 Christi
2181 1235 2245 1255 esse
2260 1233 2338 1256 extra
2351 1232 2444 1255 totam
2465 1225 2674 1255 continentiam

1605 1268 1753 1297 caelorum
1784 1274 1993 1304 corporeorum
2019 1273 2047 1296 et
2067 1276 2130 1296 non
2159 1275 2224 1296 esse
2250 1266 2281 1295 in
2309 1267 2376 1296 loco
2405 1266 2585 1295 continente.

1665 1309 1724 1337 Nec
1745 1315 1843 1336 tamen
1858 1314 1974 1344 oportet
1988 1307 2069 1344 quod
2097 1313 2176 1336 extra
2197 1307 2309 1336 caelum
2330 1306 2367 1335 sit
2381 1315 2515 1343 vacuum,
2529 1305 2599 1344 quia
2613 1314 2676 1334 non

1606 1354 1648 1376 est
1670 1347 1698 1376 in
1721 1348 1787 1376 loco
1808 1347 1859 1383 (ibi
1879 1347 1960 1376 locus
1982 1347 2057 1386 legit
2071 1348 2102 1383 1),
2117 1356 2170 1376 nee
2193 1353 2235 1376 est
2256 1346 2295 1375 ibi
2309 1346 2407 1384 aliqua
2427 1346 2558 1384 potentia
2579 1354 2675 1374 susce-

1582 1406 1584 1409 .
1607 1389 1683 1426 ptiva
1713 1388 1834 1416 alicuius
1861 1387 2010 1424 corporis;
2039 1389 2090 1416 sed
2118 1387 2248 1424 potentia
2273 1386 2460 1424 perveniendi
2490 1387 2556 1416 illuc
2581 1393 2624 1415 est
2645 1385 2675 1414 in

1607 1429 1733 1457 Christo.

1667 1469 1756 1503 Quod
1770 1475 1867 1497 autem
1882 1467 2052 1498 Aristoteles
2071 1468 2184 1504 probat,
2201 1467 2232 1496 ll.
2249 1467 2284 1496 de
2300 1466 2400 1502 Caelo,
2412 1467 2492 1504 quod
2512 1473 2591 1496 extra
2611 1474 2678 1496 cae-

1606 1509 1666 1537 lum
1689 1518 1748 1536 non
1776 1515 1819 1537 est
1839 1517 1958 1545 eorpus,
1981 1507 2198 1545 intelligendum
2227 1513 2270 1536 est
2291 1508 2327 1536 de
2348 1506 2520 1544 corporibus
2549 1506 2579 1536 in
2606 1506 2678 1536 solis

1607 1548 1786 1577 naturalibus
1810 1547 1981 1583 constitutis,
2003 1554 2035 1575 ut
2055 1556 2107 1584 per
2128 1546 2316 1583 probationes
2337 1554 2466 1584 apparet.

1663 1646 1790 1678 Solutio
1815 1645 1827 1676 1
1850 1646 2004 1686 tripartita
2037 1650 2103 1681 est,
2126 1650 2163 1675 ut
2197 1644 2378 1676 exscribens
2411 1645 2514 1676 innui.
2547 1645 2680 1678 Initium

1607 1692 1729 1732 primae
1749 1691 1855 1731 partis,
1872 1690 1923 1721 vel
1939 1689 2076 1720 directae
2093 1688 2133 1720 ad
2151 1695 2378 1729 argumentum
2393 1690 2623 1730 responsionis,
2639 1698 2679 1723 ex

1608 1736 1718 1766 multis
1741 1735 1772 1765 S.
1791 1735 1939 1766 Thomae
1957 1734 2147 1774 inspiratum
2163 1743 2231 1764 esse
2246 1739 2374 1774 potest3
2398 1735 2566 1775 speciatim
2580 1733 2680 1768 credo

1607 1780 1722 1820 respici
1747 1779 1799 1810 IV.
1823 1779 1952 1820 Physic.
1976 1788 2017 1808 ιν.
2047 1778 2106 1808 15:
2135 1791 2148 1804 «
2169 1783 2236 1808 tota
2265 1778 2346 1809 ratio
2377 1779 2442 1810 loci
2469 1779 2503 1810 in
2526 1778 2680 1810 omnibus

1610 1824 1850 1855 continentibus
1874 1829 1921 1854 est
1945 1832 1982 1853 ex
2005 1822 2112 1863 primo
2136 1823 2322 1853 continente
2347 1828 2378 1854 et
2401 1823 2539 1859 locante,
2559 1822 2680 1854 scilicet

1608 1869 1698 1899 caelo
1719 1882 1745 1899 ».
1771 1868 1864 1906 Quae
1886 1873 2076 1907 sequuntur,
2092 1866 2258 1897 Intantum
2279 1872 2351 1903 etc„
2367 1867 2400 1898 in
2424 1872 2567 1898 mentem
2585 1876 2679 1899 revo-

1609 1918 1682 1944 cant
1712 1913 1882 1943 articulum
1909 1911 2082 1948 Quodlibet
2104 1911 2207 1948 citati;
2222 1911 2280 1942 ·ibi
2307 1911 2439 1952 legitur:
2468 1925 2482 1939 ι
2501 1911 2681 1943 Necessitas

1610 1957 1764 1988 existendi
1788 1957 1821 1987 in
1844 1957 1919 1987 loco
1944 1956 2096 1986 convenit
2126 1956 2255 1996 corpori
2280 1965 2318 1987 ex
2341 1956 2406 1986 hoc
2436 1955 2528 1996 quod
2558 1955 2680 1997 depen-

1610 2001 1663 2032 det
1686 2011 1704 2032 a
1727 2002 1833 2042 primo
1858 2001 2076 2031 continente...
2101 2000 2245 2040 Angelus
2268 2006 2377 2031 autem
2397 2010 2466 2031 non
2486 1999 2647 2041 dependet
2662 2010 2681 2031 a

1609 2047 1714 2086 primo
1739 2046 1936 2081 continente,
1952 2054 2013 2076 nec
2037 2045 2133 2075 etiam
2149 2054 2268 2085 corpus
2291 2045 2480 2085 gloriosum,
2497 2044 2588 2085 quod
2607 2054 2682 2086 pet-

1608 2089 1714 2120 ficitur
1730 2099 1787 2130 per
1802 2090 1943 2120 animam
1959 2099 1997 2120 ex
2013 2088 2120 2120 divina
2136 2088 2288 2120 fruitione
2307 2088 2529 2120 beatificatam.
2549 2089 2591 2121 Et
2605 2088 2680 2126 ideo

1609 2134 1697 2165 nulla
1720 2134 1890 2165 necessitas
1914 2139 1961 2176 e'st
1984 2132 2075 2174 quod
2097 2143 2215 2174 corpus
2237 2132 2453 2174 glorificatum
2476 2139 2531 2165 aut
2549 2133 2684 2174 angelus

1610 2179 1648 2209 ab
1673 2179 1782 2219 aliquo
1814 2178 1910 2209 locali
1940 2187 2076 2218 corpore
2109 2178 2266 2208 ambiatur
2284 2191 2312 2208 ».
2336 2196 2358 2200 —
2388 2177 2479 2209 Aliae
2511 2178 2684 2211 solutionis

1609 2229 1713 2264 partes
1737 2223 1815 2254 duas
1839 2223 2038 2254 obiectiones
2059 2223 2154 2253 tacite
2170 2222 2284 2263 petitas
2307 2232 2325 2252 a
2340 2231 2444 2253 vacuo
2461 2227 2492 2253 et
2514 2223 2554 2254 ab
2569 2227 2683 2258 aucto—

1609 2268 1700 2298 ritate
1715 2267 1895 2298 Aristotelis
1914 2266 2082 2307 aspiciunt.
2106 2266 2170 2298 Ubi
2186 2265 2300 2297 dicitur
2310 2266 2460 2308 potentia
2469 2266 2684 2308 perveniendi

1611 2312 1689 2343 illuc
1704 2317 1751 2343 est
1766 2313 1798 2342 in
1819 2311 1947 2342 Christo
1960 2310 2069 2342 audire
2093 2311 2173 2342 mihi
2190 2310 2302 2342 videor
2325 2311 2407 2342 echo
2430 2311 2617 2343 verborum.
2633 2321 2684 2345 ar-

1610 2358 1755 2397 gumenti
1774 2356 1838 2387 Sed
1856 2361 1972 2387 contra
1989 2355 2133 2386 eiusdem
2156 2355 2296 2386 articuli:
2325 2369 2339 2382 «
2358 2355 2392 2387 Si
2407 2365 2476 2386 non
2490 2361 2598 2396 potest
2613 2364 2684 2389 ease

1610 2402 1687 2432 ibi...
1711 2410 1829 2442 corpus
1852 2400 2046 2441 gloriosum,
2070 2406 2124 2431 aut
2153 2400 2217 2430 hoc
2240 2405 2288 2430 est
2310 2399 2388 2440 quia
2411 2409 2481 2430 non
2508 2405 2616 2441 potest
2635 2399 2683 2432 ibi

1611 2445 1798 2482 ascendere,
1822 2451 1877 2476 aut
1900 2445 1976 2485 quia
2003 2454 2072 2475 non
2101 2449 2208 2485 potest
2236 2449 2403 2484 penetrare
2429 2443 2684 2485 profunditatem

1611 2491 1690 2521 caeli
1707 2491 1882 2531 empyrei...
1907 2488 1969 2520 Sed
1994 2489 2074 2520 haec
2090 2489 2200 2519 omnia
2215 2493 2290 2518 sunt
2312 2493 2436 2519 remota
2451 2498 2470 2519 a
2484 2487 2684 2529 perfectione

1612 2535 1755 2575 corporis
1770 2534 1902 2575 gloriosi
1920 2547 1948 2564 ».
1960 2551 1984 2556 -
1999 2532 2118 2564 Modus
2137 2541 2205 2573 quo
2221 2533 2370 2573 opinioni
2393 2533 2572 2564 Aristotelis
2595 2533 2685 2565 satis-

1611 2579 1656 2615 fit,
1681 2579 1829 2619 congruit
1850 2577 2054 2619 explicationi
2078 2577 2109 2608 S.
2134 2577 2283 2607 Thomae
2306 2576 2375 2608 lde
2399 2576 2500 2608 Caelo
2522 2577 2596 2608 lect.
2619 2587 2686 2611 xxx.

1613 2624 1630 2654 3
1649 2623 1704 2654 fin.
1733 2637 1746 2650 a<
1766 2622 1860 2654 Unde
1883 2623 1910 2653 si
1933 2627 2015 2652 esset
2038 2621 2169 2662 aliquod
2189 2630 2307 2661 corpus
2329 2621 2419 2662 quod
2433 2631 2502 2652 non
2521 2621 2684 2663 depende-

1611 2674 1659 2699 ret
1683 2678 1701 2698 a
1725 2677 1860 2708 corpore
1881 2666 2008 2698 caelesti
2031 2666 2113 2697 sicut
2128 2676 2146 2696 a
2162 2666 2359 2702 continente,
2374 2665 2455 2697 illud
2477 2666 2556 2697 nihil
2574 2666 2689 2707 prohi-

1612 2714 1701 2743 beret
1716 2722 1784 2743 esse
1808 2717 1893 2742 extra
1917 2710 2042 2742 caelum
2064 2723 2092 2741 ».
2222 2742 2227 2748 .

1667 2757 1755 2788 Nihil
1779 2766 1855 2797 ergo
1879 2754 1970 2796 quod
1993 2760 2104 2785 contra
2127 2754 2335 2787 substantiam
2363 2754 2574 2787 doctrinalem
2595 2755 2685 2796 solu-

1613 2802 1709 2832 tionis
1743 2801 1894 2832 obiiciam
1925 2799 2039 2830 habeo.
2069 2798 2131 2830 Sed
2154 2798 2292 2829 formam
2325 2805 2356 2830 et
2379 2799 2571 2831 methodum
2602 2797 2687 2831 diffi-

1614 2846 1715 2877 culter
1739 2845 1770 2876 S.
1787 2845 1936 2876 Thomae
1965 2843 2126 2874 vindicare
2155 2853 2296 2884 possem.
2328 2843 2447 2880 Primo,
2472 2845 2569 2876 unius
2591 2853 2690 2886 arguu-

1614 2890 1715 2921 menti
1747 2889 1917 2920 occasione
1941 2888 1954 2918 1
1977 2894 2040 2919 tres
2073 2888 2272 2919 obiectiones
2303 2887 2440 2925 refutat;
2475 2888 2584 2920 nullus
2607 2897 2685 2923 non

1615 2934 1706 2965 facile
1730 2935 1788 2964 tria
1812 2937 1999 2973 argumenta
2026 2932 2163 2963 formare
2187 2938 2312 2972 potest,
2338 2933 2455 2973 quibus
2477 2933 2611 2964 materia
2630 2941 2685 2964 so·

1614 2979 1746 3010 lutionis
1766 2978 1778 3008 Ι
1794 2977 1948 3018 tripartita
1963 2977 2180 3017 responderet.
2211 2977 2275 3008 Sed
2302 2977 2362 3008 ista
2376 2986 2444 3008 non
2459 2982 2509 3008 est
2530 2982 2685 3008 consueta

1616 3023 1768 3054 Summae
1792 3021 1974 3052 methodus.
2008 3021 2049 3052 Et
2073 3022 2098 3051 si
2122 3021 2254 3062 quando
2277 3021 2309 3053 S.
2326 3021 2470 3053 Thomas
2492 3021 2528 3052 in
2548 3020 2686 3053 solutio·

1615 3068 1710 3098 nibus
1734 3066 1910 3097 obiectioni
1932 3065 2086 3096 incidenti
2109 3065 2268 3103 satisfacit,
2283 3074 2414 3107 prorsus
2429 3064 2615 3096 incredibile
2637 3071 2687 3096 est

1617 3111 1707 3152 quod
1721 3111 1862 3152 praecise
1886 3111 1919 3141 in
1935 3111 2010 3141 loco
2027 3119 2126 3151 quern
2142 3115 2271 3141 notator
2285 3110 2320 3141 in
2334 3109 2536 3150 autographo
2561 3118 2684 3150 expun-

1617 3162 1706 3187 ctum
1736 3165 1803 3186 esse
1832 3154 1923 3191 dicit,
1949 3154 2027 3185 duas
2057 3154 2245 3195 improvisas
2274 3152 2475 3185 difficultates
2503 3154 2595 3194 quasi
2626 3163 2688 3195 per

1616 3206 1820 3231 transennam
1844 3200 2025 3240 aspexisset.

1673 3243 1808 3280 Deinde,
1825 3244 1850 3274 si
1873 3244 1943 3275 leve
1967 3249 2014 3275 est
2038 3242 2127 3285 quod
2148 3251 2208 3284 pro
2230 3240 2445 3282 Philosophus
2464 3241 2587 3273 dicatur
2609 3242 2686 3273 Ari·

1616 3289 1754 3324 stoteles‚
1771 3298 1866 3329 grave
1889 3294 1936 3319 est
1959 3287 2050 3330 quod
2073 3286 2226 3319 orationis
2238 3285 2342 3327 stylus
2365 3285 2476 3318 colore
2497 3286 2684 3318 thomistico

1618 3333 1786 3365 destitutus
1810 3338 1867 3370 est,
1884 3333 2031 3374 quinimo
2054 3330 2236 3373 nigricantis
2269 3329 2414 3361 maculae
2437 3330 2546 3371 specie
2567 3339 2587 3360 a
2609 3339 2686 3361 can-

1618 3377 1691 3409 dida
1715 3383 1800 3408 carta
1822 3376 2029 3418 dignoscitur.
2051 3373 2147 3406 Nuda
2170 3379 2202 3405 et
2224 3373 2328 3405 subita
2343 3379 2418 3405 sunt
2439 3374 2527 3416 quod
2549 3379 2597 3406 est
2611 3374 2686 3415 pri-

1618 3431 1704 3452 mum
1728 3422 1870 3457 caelum,
1897 3430 1964 3452 esse
1988 3420 2020 3450 in
2045 3419 2117 3450 loco
2134 3428 2199 3460 per
2220 3427 2264 3454 se,
2288 3418 2487 3450 continentia
2510 3418 2579 3455 tali,
2604 3418 2687 3449 nihil

1620 3465 1741 3506 recipit,
1757 3466 1826 3496 Nec
1849 3470 1955 3496 tamen
1980 3467 2107 3505 oportet
2129 3463 2191 3504 (ex
2213 3463 2277 3494 hoc
2300 3462 2402 3504 sequi,
2423 3462 2484 3500 vel,
2508 3468 2544 3493 ut
2567 3471 2686 3504 corpus

1621 3508 1739 3540 Christi
1762 3510 1805 3540 ibi
1828 3510 1930 3550 possit
1959 3506 2048 3548 esse)
2072 3507 2160 3549 quod
2189 3511 2284 3538 extra
2313 3507 2438 3538 caelum
2468 3506 2510 3538 sit
2536 3516 2686 3538 vacuum.

1621 3553 1729 3591 Quam
1753 3553 1906 3628 congusus
1928 3553 2069 3593 insuper,
2086 3560 2185 3592 quam
2207 3550 2426 3582 tumultuosus
2450 3556 2496 3582 est
2517 3561 2687 3595 argumen-

1621 3597 1750 3627 tationis
1774 3607 1810 3627 or
1834 3599 1873 3628 ol
