2872 3970
893 299 1156 345 QUAESTIO
1186 301 1325 347 XXIV,
1355 300 1646 338 ARTICULUS
1674 301 1719 337 III

2319 300 2395 348 273

890 412 1221 446 Conmentaria
1244 413 1494 446 Cardinalis
1517 414 1717 446 Caietam

284 502 391 523 rrimus
414 498 450 523 ut
475 493 557 523 iacet
578 497 730 522 sumatur.
745 509 769 514 -
791 492 826 522 In
850 501 986 532 corpore
1008 493 1130 522 articuli
1153 502 1217 523 una
1236 498 1282 523 est

227 505 450 567 Teonclusio
490 537 674 576 responsiva
710 536 870 575 quaesito:
909 536 1072 572 Christus,
1110 536 1283 567 secundum

223 580 311 621 quod
331 580 438 616 homo,
462 585 509 610 est
524 579 785 619 praedestinatus
807 589 875 609 esse
896 580 1000 610 Filius
1022 580 1094 610 Dei.
1118 580 1282 610 Probatur.

225 624 298 654 Hoc
321 624 472 654 convenit
495 624 589 654 alicui
613 623 790 653 secundum
814 623 903 662 quod
926 624 1037 659 homo,
1055 623 1143 663 quod
1167 634 1284 654 conve-

225 668 272 698 nit
291 667 320 697 ei
342 667 464 698 ratione
486 667 645 697 humanae
661 672 801 696 naturae.
826 667 888 697 Sed
903 667 1146 707 praedestinatio
1167 677 1284 698 conve-

224 711 271 742 nit
288 710 415 741 Christo
434 711 556 740 ratione
577 710 676 740 solius
698 711 857 740 humanae
879 716 1020 741 naturae.
1044 711 1140 751 Ergo.
1163 730 1185 733 —
1208 711 1285 741 Pro-

225 756 317 785 batur
343 755 450 784 minor
478 753 703 794 distinguendo
734 753 799 784 duo
823 755 994 794 importata
1016 755 1049 784 in
1072 755 1285 794 praedestina-

225 799 322 834 tione,
342 798 461 828 scilicet
484 797 640 833 ordinem,
659 803 690 828 et
713 797 863 828 effectum
886 799 1069 838 gratuitum,
1086 799 1205 828 scilicet
1228 799 1286 829 do-

225 851 322 878 num;
353 846 384 872 et
416 841 648 871 manifestando
683 846 857 882 utrumque
895 843 1067 872 convenire
1098 843 1286 872 humanitati

227 884 359 922 Christi;
384 884 532 915 adiuncta
555 885 742 915 auctoritate
765 886 946 925 Augustini.

280 928 318 960 11.
342 928 377 959 In
399 929 609 969 responsione
632 928 673 959 ad
687 930 839 969 primum,
862 929 934 960 vide
958 934 989 960 et
1012 930 1156 970 perspice
1180 935 1287 960 caute-

225 973 290 1004 lam
311 973 470 1003 Auctoris.
493 972 577 1002 Nam
600 972 675 1013 quia
697 973 755 1003 ista
777 974 967 1013 propositio,
994 973 1150 1009 Christus,
1174 982 1286 1003 secun-

226 1016 302 1047 dum
323 1015 411 1057 quod
431 1016 538 1051 homo,
562 1021 609 1047 est
630 1016 735 1047 Filius
756 1017 835 1053 Dei,
860 1017 1043 1057 simpliciter
1066 1022 1112 1047 est
1134 1016 1227 1053 salsa,
1251 1023 1287 1047 ut

227 1069 265 1091 ex
288 1069 342 1100 qu.
358 1069 410 1090 xvr
425 1061 442 1077 ¹·
465 1061 610 1100 superius
633 1065 736 1099 patet;
761 1066 792 1090 et
815 1061 859 1091 sic
882 1061 1066 1100 simpliciter
1090 1066 1121 1091 et
1143 1061 1287 1091 absolute

226 1109 410 1144 sequeretur
433 1105 553 1139 exista,
580 1104 736 1140 Christus,
759 1104 933 1135 secundum
957 1105 1043 1145 quod
1064 1105 1170 1140 homo,
1189 1114 1287 1145 prae-

225 1147 402 1179 destinatus
425 1152 472 1178 est
493 1157 561 1178 esse
578 1148 682 1178 Filius
697 1148 768 1184 Dei,
794 1149 819 1178 si
843 1148 951 1188 quoad
974 1149 1134 1179 materiale
1158 1148 1289 1188 praede-

226 1191 402 1222 stinationis
432 1197 606 1231 poneretur
633 1192 711 1222 haec
734 1201 824 1222 vera:
855 1192 928 1222 ideo
956 1192 1099 1229 Auctor,
1130 1193 1288 1223 sustinens

226 1235 426 1271 antecedens,
450 1236 582 1275 exponit
604 1235 684 1266 illud
706 1236 849 1266 limitate.

279 1279 391 1309 Posset
407 1284 515 1309 tamen
531 1279 603 1316 dici,
621 1280 741 1319 absque
757 1279 971 1310 antecedentis
987 1280 1186 1316 limitatione,
1200 1280 1288 1320 quod

225 1323 258 1354 in
270 1329 487 1363 consequente
503 1323 695 1363 apponenda
710 1323 888 1354 secundum
903 1324 1101 1354 intellectum
1118 1329 1163 1354 est
1177 1324 1289 1365 gratia

226 1366 375 1398 unionis:
396 1367 440 1397 ita
455 1366 544 1407 quod
568 1377 606 1397 ex
620 1367 682 1397 isto
699 1367 915 1403 antecedente,
943 1368 1099 1403 Christus,
1115 1368 1289 1398 secundum

224 1410 312 1452 quod
332 1411 438 1447 homo,
457 1411 719 1451 praedestinatus
735 1417 781 1442 est
803 1412 907 1442 Filius
921 1412 994 1447 Dei,
1019 1412 1172 1452 sequitur,
1195 1412 1289 1454 Ergo

227 1454 382 1490 Christus,
406 1455 580 1485 secundum
603 1455 690 1495 quod
711 1455 816 1491 homo,
841 1461 888 1486 est
909 1456 1015 1486 Filius
1037 1456 1113 1492 Dei,
1138 1456 1290 1486 subintel-

225 1498 354 1539 ligendo
377 1499 428 1529 vel
451 1498 669 1539 exprimendo,
687 1509 750 1539 per
770 1500 914 1541 gratiam
940 1500 1079 1530 unionis.
1114 1500 1159 1530 Ita
1183 1500 1288 1540 quod,

225 1542 299 1573 licet
322 1543 380 1573 ista
406 1543 445 1573 sit
467 1541 559 1579 falsa,
586 1543 748 1579 Christus,
776 1544 951 1574 secundum
983 1544 1070 1585 quod
1096 1545 1210 1580 homo,
1244 1549 1291 1574 est

1334 493 1439 524 Filius
1461 494 1540 529 Dei,
1573 494 1648 533 quia
1670 492 1826 533 significat
1857 493 2018 523 Christum
2049 493 2226 524 secundum
2253 501 2398 525 naturam

1336 538 1510 567 humanam
1534 547 1601 567 esse
1625 537 1801 567 naturalem
1824 537 1941 567 Filium
1957 537 2033 567 Dei:
2058 538 2116 567 ista
2131 544 2237 568 tamen
2254 545 2300 568 est
2314 549 2398 574 vera,

1339 581 1494 617 Christus,
1518 581 1693 612 secundum
1715 581 1801 621 quod
1823 581 1933 616 home,
1958 586 2004 611 est
2020 591 2082 621 per
2103 582 2246 622 gratiam
2270 583 2400 613 unionis

1336 625 1440 655 Filius
1462 625 1534 655 Dei.
1568 625 1609 655 Et
1631 626 1706 664 quia
1729 626 1762 654 in
1785 624 1991 654 antecedente
2015 625 2080 660 illo,
2108 625 2262 660 Christus,
2286 636 2398 656 secun-

1337 669 1412 699 dum
1436 669 1522 709 quod
1543 669 1648 703 homo,
1674 673 1720 698 est
1736 668 1997 708 praedestinatus
2019 669 2123 699 Filius
2145 669 2222 704 Dei,
2247 671 2399 700 subintel-

1337 713 1452 752 ligitur,
1471 722 1534 753 per
1555 713 1698 754 gratiam
1723 713 1873 742 unionis:
1895 712 1968 742 ideo
1985 713 2017 742 in
2034 719 2250 752 consequente
2268 723 2399 753 quoque

1337 762 1443 796 potest
1465 756 1667 796 subintelligi.
1702 756 1742 786 Et
1772 757 1816 786 sic
1844 756 2049 786 concedimus
2081 757 2169 796 quod
2199 757 2280 787 illud
2303 767 2399 788 unus-

1337 801 1469 840 quisque
1492 800 1684 841 quandoque
1707 805 1753 830 est
1775 800 1860 840 quod
1877 800 2138 840 praedestinatus
2161 806 2207 831 est
2230 811 2297 831 esse
2312 802 2344 831 *:
2370 807 2400 831 et

1339 844 1427 884 quod
1452 843 1605 879 Christus,
1630 843 1807 874 secundum
1832 843 1920 883 quod
1943 844 2057 880 homo,
2082 844 2330 884 praedestinatus
2354 851 2400 875 est

1340 897 1406 918 esse
1430 888 1528 917 Filius
1552 888 1622 923 Dei,
1647 897 1715 918 non
1737 897 1795 927 per
1817 893 1971 924 naturam,
1996 888 2051 918 sed
2074 898 2130 928 per
2152 890 2284 928 gratiam
2307 890 2400 920 unio-

1338 932 1397 961 nis.
1428 931 1468 961 Et
1490 931 1564 962 ideo
1590 931 1750 967 Christus,
1776 931 1953 962 secundum
1978 931 2067 971 quod
2090 932 2207 968 homo,
2233 939 2279 963 est
2302 933 2400 963 Filius

1339 975 1400 1005 Dei
1429 985 1486 1015 per
1507 975 1639 1014 gratiam
1663 976 1801 1005 unionis.
1836 975 1929 1006 Unde
1961 975 2074 1006 Glossa
2102 976 2326 1013 Interlinearis,
2358 977 2402 1007 ad

1338 1019 1432 1049 Rom.
1449 1029 1459 1048 1
1474 1019 1501 1054 *,
1526 1018 1618 1049 dicit:
1643 1019 1824 1049 Secundum
1847 1019 1933 1060 quod
1954 1020 2059 1055 homo,
2083 1021 2194 1061 gratia
2212 1021 2284 1051 sola
2302 1030 2400 1061 prae-

1339 1063 1456 1093 electus
1480 1067 1515 1092 ut
1536 1063 1579 1092 sit
1599 1063 1704 1093 Filius
1726 1063 1797 1099 Dei,
1823 1063 1854 1093 in
1880 1063 1988 1093 eadem
2007 1064 2153 1103 potentia
2169 1069 2200 1094 et
2214 1065 2330 1095 virtute
2353 1065 2400 1095 di-

1340 1106 1483 1137 vinitatis
1506 1115 1577 1136 cum
1601 1107 1707 1142 Patre,
1726 1116 1789 1147 per
1812 1107 1963 1137 unionem
1991 1107 2091 1137 Verbi.

1396 1150 1447 1179 III.
1472 1150 1507 1180 In
1530 1151 1739 1190 responsione
1764 1150 1803 1180 ad
1826 1150 2014 1186 secundum,
2039 1151 2153 1191 collige
2176 1152 2249 1181 hinc
2273 1161 2310 1182 ex
2333 1153 2400 1182 Au-

1342 1199 1429 1223 ctore
1459 1193 1546 1223 illam
1577 1194 1814 1224 distinctionem
1844 1194 1883 1224 de
1907 1194 1939 1234 ly
1961 1195 2133 1224 secundum
2157 1195 2243 1235 quod
2273 1205 2328 1226 seu
2352 1196 2400 1226 in-

1341 1243 1515 1278 quantum:
1531 1238 1580 1267 vel
1597 1237 1839 1277 reduplicative;
1857 1238 1906 1268 vel
1919 1238 2140 1278 specificative.
2157 1239 2299 1269 Primum
2315 1241 2401 1270 enim

1341 1282 1523 1311 membrum
1545 1281 1666 1311 litterae
1698 1282 1829 1321 exponit
1851 1281 2092 1321 reduplicative,
2121 1281 2302 1312 denotando
2328 1293 2402 1313 cau-

1341 1335 1426 1355 sam:
1451 1325 1629 1355 secundum
1653 1331 1760 1355 autem
1783 1325 2004 1365 specificative,
2029 1325 2267 1356 determinando
2293 1327 2402 1357 condi-

1341 1370 1465 1399 tionem
1489 1378 1552 1408 qua
1568 1370 1748 1399 subiectum
1771 1370 1882 1408 recipit
1905 1369 2131 1409 praedicatum.
2157 1370 2197 1399 Et
2212 1370 2274 1400 hoc
2291 1370 2401 1406 modo,

1342 1413 1462 1443 scilicet
1484 1412 1707 1452 specificative,
1727 1418 1852 1443 tenetur
1877 1423 1950 1443 curn
1967 1413 2090 1449 dicitur,
2118 1413 2273 1449 Christus,
2290 1424 2402 1444 secun-

1342 1457 1418 1487 dum
1450 1457 1536 1497 quod
1565 1457 1679 1492 homo,
1711 1462 1758 1487 est
1780 1457 2041 1497 praedestinatus
2070 1457 2174 1488 Filius
2203 1458 2288 1488 Dei:
2321 1459 2402 1488 sicut

1344 1510 1419 1531 cum
1442 1500 1565 1537 dicitur,
1591 1501 1750 1537 Socrates,
1769 1501 1943 1531 secundum
1966 1501 2053 1541 quod
2074 1501 2167 1531 habet
2189 1502 2332 1542 capillos,
2357 1508 2403 1532 est

1345 1554 1479 1584 crispus.

1030 1705 1346 1747 ARTICULUS
1374 1706 1603 1748 TERTIUS

413 1807 570 1838 UTRUM
594 1806 767 1838 CHRISTI
791 1807 1168 1838 PRAEDESTINATIO
1193 1807 1259 1837 SIT
1283 1807 1517 1837 EXEMPLAR
1540 1806 1743 1837 NOSTRAE
1766 1807 2212 1838 PRAEDESTINATIONIS

863 1890 894 1915 111
914 1890 996 1920 Sene„
1017 1890 1075 1916 dist.
1093 1898 1117 1920 x,
1137 1898 1181 1923 qu.
1200 1897 1238 1921 111,
1258 1890 1308 1923 qu*
1329 1897 1358 1921 2;
1377 1890 1421 1914 Ad
1440 1890 1526 1919 Rom„
1547 1898 1601 1922 cap.
1620 1897 1637 1920 1,
1657 1891 1714 1915 lect.
1733 1898 1770 1916 111.

249 2081 365 2135 far
378 2066 408 2121 f
438 2091 590 2120 nostrae
618 2084 985 2144 praedestinationis.
1020 2084 1227 2132 Exemplar
1255 2095 1292 2119 e-

286 2127 353 2159 ⁵³⁵²
359 2127 408 2160 ’·’
418 2136 520 2173 nim
560 2136 776 2186 praeexistit
812 2137 1040 2186 exemplato
1082 2135 1189 2172 Nihil
1226 2148 1292 2172 au-

225 2197 305 2226 tem
332 2188 548 2238 praeexistit
576 2196 742 2226 aeterno.
787 2189 890 2225 Cum
918 2200 1007 2236 ergo
1035 2188 1292 2237 praedestina-

226 2241 279 2279 tio
299 2249 429 2278 nostra
456 2241 502 2278 sit
529 2249 694 2288 aeterna,
722 2241 875 2278 videtur
902 2242 1009 2290 quod
1036 2240 1292 2290 praedestina-

226 2294 279 2331 tio
318 2293 458 2331 Christi
494 2306 575 2331 non
604 2293 649 2330 sit
686 2295 882 2343 exemplar
909 2302 1060 2331 nostrae
1088 2293 1292 2343 praedesti—

227 2346 403 2384 nationis.

282 2411 317 2436 2.
346 2400 579 2445 PRAETEREA,
609 2401 804 2449 exemplar
831 2399 935 2436 ducit
967 2399 1006 2436 in
1034 2398 1293 2447 cognitionem

228 2451 442 2502 exemplati.
483 2452 559 2489 Sed
587 2463 667 2489 non
696 2452 865 2501 oportuit
900 2453 1007 2501 quod
1040 2453 1146 2488 Deus
1178 2452 1293 2488 duce-

228 2513 332 2542 retur
358 2505 398 2542 in
417 2504 676 2553 cognitionem
703 2513 855 2542 nostrae
873 2504 1228 2554 praedestinationis
1248 2517 1294 2541 ex

227 2558 358 2608 ‘aliquo
382 2557 473 2594 alio:
504 2569 596 2595 cum
624 2557 770 2595 dicatur
787 2559 898 2595 Rom.
919 2570 975 2595 vm
994 2557 1030 2594 *:
1067 2558 1168 2600 Quos
1181 2570 1293 2607 prae-

227 2612 348 2658 scivit,
380 2612 447 2648 hos
478 2617 511 2647 et
532 2611 830 2660 praedestinavit.
869 2611 971 2658 Ergo
999 2610 1293 2660 praedestinatio

231 2663 370 2702 Christi
405 2675 486 2700 non
524 2671 579 2701 est
615 2665 812 2713 exemplar
848 2672 999 2700 nostrae
1037 2662 1293 2712 praedestina-

229 2716 355 2754 tionis.

285 2769 319 2806 3.
349 2770 590 2815 PRAETEREA,
626 2770 822 2818 exemplar
856 2776 911 2805 est
938 2768 1136 2805 conforme
1166 2780 1293 2805 exem-

229 2823 344 2872 plato.
379 2822 456 2859 Sed
484 2821 636 2859 alterius
664 2821 819 2858 rationis
846 2821 998 2858 videtur
1025 2833 1107 2858 esse
1136 2821 1293 2870 praede-

230 2874 379 2912 stinatio
406 2874 544 2912 Christi
573 2887 693 2923 quarn
711 2874 1003 2923 praedestinatio
1024 2881 1173 2910 nostra:
1203 2873 1295 2922 quia

230 2939 302 2964 nos
319 2927 651 2977 praedestinamur
669 2926 708 2963 in
727 2926 826 2963 filios
846 2926 1048 2976 adoptivos
1064 2932 1091 2973 α,
1122 2926 1293 2963 Christus

231 2987 361 3018 autem
388 2987 443 3016 est
470 2979 772 3028 praedestinatus
799 2979 915 3016 Filius
933 2980 1007 3016 Dei
1033 2980 1069 3015 in
1090 2980 1231 3025 virtute,
1252 2986 1295 3015 ut

231 3032 368 3070 dicitur
385 3034 496 3082 Rom.
514 3044 523 3068 1
542 3031 572 3068 ²¹².
603 3033 704 3079 Ergo
725 3032 806 3068 eius
825 3031 1118 3080 praedestinatio
1138 3043 1218 3068 non
1239 3039 1294 3067 est

231 3086 427 3134 exemplar
454 3092 606 3121 nostrae
634 3083 999 3133 praedestinationis

285 3138 359 3175 SED
382 3149 524 3175 CONTRA
544 3148 610 3173 EST
637 3137 744 3185 quod
764 3136 853 3173 dicit
871 3135 1117 3183 Augustinus,
1138 3135 1177 3172 in
1195 3135 1292 3172 libro

231 3191 277 3228 de
301 3191 486 3228 Praedest.
508 3191 629 3226 Sanct.
649 3189 684 3224 *ε
714 3191 779 3226 Est
799 3189 1142 3238 praeclarissimum
1168 3189 1291 3224 lumen

226 3243 571 3293 praedestinationis
594 3247 627 3278 et
644 3243 791 3290 gratiae
819 3242 894 3290 ipse
913 3241 1094 3287 Salvator,
1124 3242 1200 3289 ipse
1217 3253 1292 3276 me-

233 3295 352 3333 diator
379 3297 453 3332 Dei
478 3300 511 3331 et
537 3295 741 3339 hominum,
770 3295 880 3330 homo
904 3294 1067 3329 Christus
1084 3294 1197 3328 Iesus.
1227 3292 1292 3328 Di-

233 3347 330 3385 citur
365 3355 495 3385 autem
529 3348 661 3383 lumen
697 3344 1049 3395 praedestinationis
1083 3352 1119 3380 et
1152 3344 1291 3391 gratiae

233 3399 463 3449 inquantum
486 3411 556 3449 per
574 3399 656 3435 eius
675 3397 1059 3447 praedestinationem
1079 3404 1115 3433 et
1132 3396 1291 3444 gratiam

234 3452 492 3490 manifestatur
519 3460 648 3489 nostra
667 3450 976 3500 praedestinatio:
1007 3449 1113 3498 quod
1141 3448 1292 3485 videtur

266 1992 270 2005 ·
296 1992 373 2018 *ts
358 2003 411 2036 ἄνη
437 1990 459 2015 ι)
477 1989 637 2016 TERTIUM
661 1991 713 2016 sxc
733 1990 969 2016 PRoOEmTUR.
998 1977 1160 2015 Videtur
1183 1978 1290 2026 quod
1344 1978 1393 2014 ad
1421 1977 1610 2015 rationem
1632 1979 1859 2027 exemplaris
1886 1978 2085 2028 pertinere.
2117 1979 2218 2027 Ergo
2246 1980 2404 2028 praede-

360 2030 579 2081 &Christi
606 2031 900 2080 praedestinatio
930 2043 1010 2068 non
1032 2031 1077 2067 sit
1097 2032 1293 2080 exemplar
1344 2030 1494 2067 stinatio
1532 2030 1670 2067 Christi
1706 2039 1761 2067 est
1794 2033 1989 2080 exemplar
2024 2039 2174 2068 nostrae
2202 2032 2405 2080 praedesti-

1344 2082 1520 2119 nationis.

1396 2136 1621 2172 RESPONDEo
1656 2148 1837 2173 DICENDUM
1872 2137 1978 2185 quod
2014 2137 2305 2185 praedestinatio
2334 2138 2404 2175 du-

1343 2187 1488 2247 pliciter
1514 2195 1638 2237 potest
1657 2188 1898 2225 considerari.
1929 2189 2016 2226 Uno
2036 2190 2168 2235 modo,
2189 2190 2403 2227 secundum

1344 2240 1473 2289 ipsum
1501 2248 1630 2277 actum
1657 2241 1981 2290 praedestinantis
2012 2242 2060 2278 Et
2079 2241 2131 2278 sic
2149 2242 2404 2291 praedestina—

1343 2293 1396 2329 tio
1422 2293 1560 2330 Christi
1580 2305 1660 2330 non
1679 2301 1803 2342 potest
1821 2293 1894 2330 clici
1914 2295 2109 2342 exemplar
2127 2302 2277 2331 nostrae
2297 2307 2404 2343 prae-

1344 2345 1624 2382 destinationis:
1661 2358 1741 2382 uno
1774 2345 1877 2382 enim
1909 2346 2049 2392 modo,
2089 2354 2124 2382 et
2151 2347 2289 2383 eodem
2317 2355 2404 2384 actu

1345 2407 1511 2445 aeterno,
1540 2398 1834 2448 praedestinavit
1862 2399 1966 2435 Deus
1994 2410 2065 2435 nos
2085 2405 2121 2434 et
2141 2398 2347 2435 Christum.

1398 2451 1483 2488 Alio
1525 2451 1644 2488 modo
1685 2458 1809 2500 potest
1844 2450 2135 2500 praedestinatio
2173 2451 2403 2488 considerari

1345 2504 1561 2541 secundum
1599 2504 1636 2540 id
1674 2504 1722 2541 ad
1760 2503 1865 2552 quod
1903 2503 2039 2552 aliquis
2080 2502 2400 2552 praedestinatur,

1346 2557 1452 2606 quod
1489 2564 1544 2593 est
1575 2556 1926 2605 praedestinationis
1958 2555 2141 2592 terminus
2170 2563 2205 2592 et
2232 2556 2401 2592 effectus.

1345 2610 1394 2646 Et
1413 2609 1628 2646 secundum
1648 2610 1722 2646 hoc
1740 2608 2031 2658 praedestinatio
2049 2608 2185 2645 Christi
2205 2615 2259 2644 est
2278 2620 2401 2645 exem-

1345 2664 1427 2711 plar
1454 2670 1605 2699 nostrae
1629 2661 1991 2711 praedestinationis
2022 2662 2070 2698 Et
2097 2662 2171 2698 hoc
2192 2660 2400 2710 dupliciter.

1346 2714 1476 2752 Primo
1513 2714 1691 2763 quidem,
1728 2721 1916 2763 quantum
1954 2715 2001 2751 ad
2035 2714 2182 2750 bonum
2220 2714 2267 2749 ad
2296 2713 2402 2761 quod

1345 2767 1684 2816 praedestinamur.
1714 2769 1796 2815 Ipse
1825 2766 1927 2804 enim
1955 2765 2252 2815 praedestinatus
2271 2773 2326 2801 est
2353 2766 2401 2802 ad

1345 2822 1421 2857 hoc
1449 2820 1555 2869 quod
1583 2828 1679 2857 esset
1706 2819 1777 2856 Dei
1805 2819 1921 2855 Filius
1949 2818 2144 2855 naturalis:
2174 2830 2245 2854 nos
2273 2814 2402 2854 autem

1344 2872 1674 2922 praedestinamur
1701 2872 1749 2908 ad
1777 2871 1999 2908 filiationem
2027 2870 2262 2919 adoptionis,
2301 2883 2400 2919 quae

1345 2933 1400 2962 est
1427 2925 1619 2974 quaedam
1646 2923 1866 2973 participata
1894 2923 2099 2959 similitudo
2128 2922 2318 2959 filiationis
2337 2935 2399 2959 na-

1344 2977 1483 3015 turalis.
1513 2977 1624 3013 Unde
1644 2976 1779 3012 dicitur
1796 2977 1906 3012 Rom.
1923 2987 1978 3011 vm
1998 2975 2033 3011 ²⁸:
2070 2976 2169 3017 Quos
2191 2977 2398 3024 praescivit,

1343 3032 1409 3067 hos
1437 3036 1469 3066 et
1482 3029 1768 3078 praedestinavit
1786 3028 1996 3075 conformes
2012 3029 2107 3075 fieri
2124 3029 2298 3077 imaginis
2316 3028 2404 3064 Filii

1345 3095 1431 3119 eius.

1397 3134 1482 3171 Alio
1511 3133 1641 3177 modo,
1672 3140 1860 3181 quantum
1888 3132 1937 3168 ad
1956 3133 2119 3169 modum
2139 3132 2399 3181 consequendi

1344 3187 1445 3223 istud
1473 3186 1639 3222 bonum:
1670 3185 1775 3234 quod
1804 3192 1859 3222 est
1886 3197 1955 3233 per
1981 3185 2149 3232 gratiam.
2180 3185 2297 3231 Quod
2317 3185 2399 3234 qui-

1344 3240 1434 3276 dem
1462 3238 1501 3274 in
1530 3238 1680 3274 Christo
1716 3245 1771 3274 est
1798 3237 2170 3274 manifestissimum:
2207 3236 2297 3286 quia
2334 3249 2399 3274 na-

1344 3299 1429 3328 tura
1457 3291 1628 3327 humana
1656 3290 1694 3326 in
1722 3290 1817 3339 ipso,
1844 3289 1955 3326 nullis
1983 3290 2060 3326 suis
2087 3289 2400 3339 praecedentibus

1344 3342 1505 3386 meritis,
1535 3342 1641 3379 unita
1677 3350 1731 3379 est
1768 3341 1863 3379 Filio
1898 3342 1980 3379 Dei.
2018 3344 2065 3379 Et
2101 3343 2146 3379 de
2175 3342 2400 3391 plenitudine

1343 3397 1489 3445 gratiae
1531 3397 1607 3432 eius
1648 3407 1715 3432 nos
1751 3407 1879 3432 omnes
1921 3397 2148 3444 accepimus,
2186 3402 2228 3431 ut
2264 3394 2400 3431 dicitur

1343 3450 1446 3485 Ioan.
1468 3460 1477 3484 1
1496 3448 1525 3484 ³¹².

289 3586 316 3621 α)
336 3588 513 3620 adoptivos.-
524 3588 678 3620 adoptionis
691 3588 733 3612 EF
747 3592 772 3612 et
784 3587 918 3617 editiones,
931 3585 1151 3618 adoptionistivos
1165 3584 1296 3616 expunctis
1315 3584 1406 3608 mediis
1426 3584 1515 3608 litteris
1535 3584 1564 3609 B.

371 3640 482 3666 Smnun
499 3641 602 3666 Timor..
621 3641 651 3666 D.
670 3641 785 3665 'saonae
804 3640 836 3665 T.
855 3640 919 3664 VIII.

2224 3633 2254 3658 35

2428 801 2436 810 ⁸
2451 800 2486 821 Cf.
2501 806 2551 827 arg.

2427 1023 2437 1034 ⁶
2451 1022 2517 1044 Vers.
2534 1029 2560 1049 4.

2430 2979 2438 2989 ⁸
2453 2979 2519 3001 Vers.
2533 2985 2571 3008 ²9·

2428 3451 2436 3460 ⁹
2451 3449 2516 3471 vm.
2533 3449 2569 3471 ¹6.
