2872 3970
285 1506 295 1514 ·
302 1504 420 1531 Quaxxu,
427 1506 494 1529 art.4.

286 1615 293 1623 “
308 1613 366 1635 Ibid.

286 1771 295 1780 ⁸
308 1770 381 1798 Epist.
396 1769 436 1791 lv.

296 2827 465 2848 ·Cf.ilb.cffl

401 2833 502 2876 -.sm-R:

296 2858 348 2900 lectn
361 2885 391 2901 iv.

1169 299 1430 348 QUAESTIO
1460 297 1631 344 XXXIII,
1661 295 1953 334 ARTICULUS
1980 295 2031 333 lV

1293 439 1610 483 ARTICULUS
1641 438 1912 492 QUARTUS

1067 537 1223 569 UTRUM
1247 533 1498 566 CONCEPTlo
1523 533 1695 565 ciims'ri
1718 532 1879 564 FUERIT
1901 532 2148 564 NATURALIS

1355 612 1489 642 1115ent.,
1510 611 1569 637 dist.
1589 618 1627 642 111,
1646 618 1692 644 qu.
1711 618 1740 642 n,
1759 616 1805 636 art.
1826 617 1850 636 2.

728 719 751 744 D
771 717 941 749 QUARTUM
960 717 1012 742 Sic
1031 715 1265 742 Ριιοαεοιτυιι.
1287 701 1448 739 Videtur
1467 700 1574 750 quod

729 757 928 807 conceptio
962 757 1100 794 Christi
1135 755 1246 793 fuerit
1277 753 1469 791 naturalis.
1509 754 1574 790 Se-

555 845 559 857 ,
634 838 636 840 v
666 795 698 857 '‘(4
713 808 901 848 cundum
917 810 1020 847 enim
1031 808 1323 857 conceptionem
1335 805 1458 843 carnis
1469 805 1575 843 Chri-

573 877 586 895 s
607 856 644 888 7'3'
687 854 808 900 &stus
836 862 972 900 dicitur
991 861 1108 899 Filius
1126 859 1317 897 Hominis.
1347 859 1415 896 Est
1442 865 1572 895 autem

517 929 632 954 verus
660 923 695 952 et
722 915 901 952 naturalis
929 914 1098 951 hominis
1128 913 1250 950 filius:
1280 912 1376 949 sicut
1403 918 1439 948 et
1461 923 1577 948 verus

583 723 667 761 55¹⁹

568 742 605 775 .-
637 745 641 750 “
654 726 706 772 Ἀ(

658 756 700 817 '⁴5ae

518 1020 708 1058 naturalis.

573 1085 607 1110 2.
637 1074 872 1120 PRAETEREA,
909 1073 1012 1109 nulla
1040 1079 1211 1108 creatura
1238 1069 1416 1120 producit
1443 1081 1577 1119 opera-

517 1126 663 1163 tionem
690 1125 972 1163 miraculosam.
1003 1124 1079 1162 Sed
1100 1122 1300 1173 conceptio
1321 1121 1460 1160 Christi
1478 1121 1577 1159 attri-

518 1178 647 1216 buitur
674 1179 812 1215 Beatae
840 1177 1003 1226 Virgini,
1038 1189 1138 1226 quae
1171 1183 1226 1213 est
1258 1187 1357 1226 pura
1383 1182 1575 1213 creatura:

519 1231 655 1268 dicitur
668 1231 771 1268 enim
785 1231 892 1280 quod
910 1230 1026 1278 Virgo
1047 1228 1244 1266 Christum
1263 1227 1449 1278 concepit.
1475 1228 1577 1276 Ergo

518 1283 669 1321 videtur
700 1284 807 1333 quod
835 1296 914 1322 non
942 1283 987 1320 sit
1014 1282 1263 1329 miraculosa,
1299 1281 1366 1319 sed
1398 1280 1579 1318 naturalis

519 1336 730 1386 conceptio.

575 1390 608 1426 3.
638 1390 877 1436 ΡιιΑΕτΕιιΕΑ,
914 1389 962 1426 ad
990 1389 1066 1425 hoc
1099 1388 1207 1437 quod
1234 1386 1363 1437 aliqua
1389 1394 1578 1424 transmu-

519 1442 609 1479 tatio
637 1442 682 1479 sit
709 1441 904 1487 naturalis,
934 1441 1072 1478 sufficit
1099 1441 1207 1490 quod
1234 1439 1467 1490 principium
1494 1451 1579 1490 pas-

520 1494 646 1531 sivum
675 1494 719 1531 sit
746 1496 927 1541 naturale,
956 1502 999 1531 ut
1026 1505 1142 1543 supra
1159 1493 1180 1515 *
1208 1492 1383 1531 habitum
1406 1500 1472 1530 est.
1502 1493 1579 1530 Sed

519 1547 750 1596 principium
777 1546 975 1596 passivum
1004 1559 1050 1583 ex
1077 1554 1183 1596 parte
1211 1545 1342 1584 matris
1376 1545 1415 1582 in
1443 1557 1580 1583 conce-

520 1599 649 1649 ptione
678 1599 816 1637 Christi
843 1599 912 1637 fuit
939 1601 1121 1646 naturale,
1150 1607 1192 1636 ut
1220 1611 1266 1636 ex
1293 1598 1401 1636 dictis
1419 1597 1439 1620 '¹‘
1465 1605 1578 1648 patet.

520 1653 620 1700 Ergo
649 1652 848 1702 conceptio
878 1651 1015 1690 Christi
1043 1651 1112 1689 fuit
1139 1650 1330 1689 naturalis.

574 1706 647 1743 SED
667 1717 810 1743 CONTRA
830 1717 895 1742 EST
923 1706 1030 1755 quod
1058 1704 1267 1755 Dionysius
1295 1704 1393 1751 dicit,
1422 1704 1462 1741 in
1490 1703 1580 1753 Epi-

521 1759 615 1795 stola
649 1759 700 1795 ad
735 1759 869 1795 Caium
904 1759 1139 1796 Monachum
1162 1757 1200 1795 *ι
1240 1759 1359 1808 Super
1393 1758 1581 1794 hominem

520 1817 695 1861 operatur
726 1812 889 1848 Christus
926 1823 970 1849 ea
999 1823 1093 1861 quae
1124 1817 1208 1848 sunt
1235 1811 1415 1847 hominis:
1448 1816 1481 1847 et
1512 1811 1583 1847 hoc

520 1870 697 1901 monstrat
723 1866 833 1914 virgo
859 1863 1188 1914 supernaturaliter
1215 1865 1435 1913 concipiens.

574 1918 798 1954 Rnspounno
817 1929 998 1954 DICENDUM
1026 1916 1145 1966 quod,
1166 1915 1261 1953 sicut
1279 1915 1509 1953 Ambrosius
1527 1914 1582 1952 di-

521 1969 579 2017 cit,
600 1970 637 2006 in
667 1969 763 2007 libro
792 1970 837 2006 de
863 1971 1129 2007 Incarnatione
1146 1968 1177 2016 ³¹⁶,
1197 1969 1313 2006 multa
1340 1970 1378 2006 in
1402 1969 1473 2006 hoc
1499 1979 1582 2017 my-

520 2025 629 2059 sterio
658 2029 690 2060 et
716 2023 917 2060 secundum
946 2028 1119 2060 naturam
1148 2023 1322 2068 invenies,
1351 2027 1384 2058 et
1403 2022 1500 2058 ultra
1520 2033 1584 2058 na-

1627 705 1763 737 turam.
1803 699 1844 737 Si
1879 699 1982 736 enim
2017 698 2306 737 consideremus
2342 699 2381 737 id
2418 701 2526 750 quod
2557 708 2627 743 est.
2642 710 2691 751 ex

1628 760 1734 812 parte
1762 751 1943 790 materiae
1972 759 2191 802 conceptus,
2221 764 2340 802 quam
2359 760 2483 791 mater
2503 752 2692 796 ministra-
2726 779 2728 781 >
2774 734 2782 777 f
2837 763 2845 786 ε.

1629 813 1693 853 VII,
1722 812 1847 842 totum
1875 813 1931 842 est
1957 806 2140 842 naturale.
2171 804 2212 842 SI
2230 817 2324 843 VCI'O
2345 805 2634 859 confideremus
2651 806 2692 849 id

1630 858 1738 908 quod
1766 865 1821 895 est
1848 869 1895 895 ex
1922 865 2029 907 parte
2051 857 2200 895 virtutis
2219 857 2375 906 activae,
2403 865 2529 897 totum
2547 867 2603 898 est
2620 857 2693 898 mi&
2738 867 2768 905 ‚³²

1630 912 1862 948 raculosum.
1906 911 1955 948 Et
1981 909 2073 960 quia
2106 911 2420 961 unumquodque
2447 911 2568 960 magis
2594 911 2702 951 ιιιᾱι-δν
2738 908 2767 959 ’ξ

518 978 554 1006 et
581 968 760 1006 naturalis
787 967 859 1005 Dei
887 967 1015 1004 Filius.
1045 967 1146 1014 Ergo
1175 965 1257 1002 eius
1280 963 1481 1014 conceptio
1508 963 1578 1001 fuit
1601 963 1606 1004 1
1631 971 1738 1002 catur
1764 963 1981 1001 secundum
2007 963 2174 1001 formam
2202 975 2322 1013 quam
2341 963 2554 1002 secundum
2573 963 2712 1004 mat&¹
2753 973 2770 992 θ’

1631 1016 1744 1063 riam3
1775 1024 1811 1054 et
1838 1015 2007 1053 similiter
2034 1016 2251 1053 secundum
2277 1027 2392 1064 agens
2419 1028 2537 1066 quam
2557 1019 2697 1057 secun*

1631 1070 1728 1107 dum
1761 1068 1927 1120 patiens:
1966 1065 2055 1106 inde
2087 1076 2143 1106 est
2178 1069 2286 1118 quod
2321 1068 2521 1120 conceptio
2554 1069 2695 1111 Chtlsti
2734 1068 2766 1103 Ξῑῑ

1632 1122 1745 1160 debet
1779 1121 1853 1159 dici
1890 1121 2110 1171 simpliciter
2143 1121 2374 1160 miraculosa
2405 1129 2442 1159 et
2468 1116 2695 1189 supernam(

1632 1174 1730 1222 ralis,
1759 1175 1827 1212 sed
1855 1174 2071 1212 secundum
2099 1173 2243 1223 aliquid
2271 1174 2462 1212 naturalis.
2675 1180 2697 1201 ῑ

1685 1230 1743 1265 Αι)
1763 1239 1898 1266 ptumum
1917 1238 2015 1265 ERGO
2034 1238 2215 1265 mem-imm
2239 1228 2346 1277 quod
2366 1227 2540 1266 Christus
2557 1222 2698 1268 dicitu?
2755 1235 2789 1257 .-

1633 1280 1813 1319 naturalis
1831 1279 1933 1318 filius
1952 1279 2121 1318 hominis
2140 1279 2371 1329 inquantum
2389 1280 2506 1319 habet
2518 1285 2697 1321 naturam

1633 1335 1845 1372 humanam
1874 1345 2024 1379 veram,
2053 1344 2123 1382 per
2149 1344 2270 1382 quam
2297 1340 2353 1371 est
2378 1332 2481 1371 filius
2507 1327 2698 1393 hominis,
2749 1342 2777 1366 71·

1633 1387 1718 1424 licet
1745 1398 1832 1424 eam
1859 1385 2088 1423 miraculose
2116 1385 2308 1423 habuerit:
2338 1385 2434 1423 sicut
2458 1388 2603 1425 caecus
2612 1386 2699 1426 illu-

1634 1439 1801 1478 minatus
1829 1439 1932 1476 videt
1959 1438 2178 1476 naturaliter
2204 1450 2274 1488 per
2295 1439 2507 1488 potentiam
2530 1438 2697 1480 visivam

1634 1504 1754 1543 quam
1782 1491 2012 1530 miraculose
2040 1490 2195 1541 accepit.

1687 1547 1744 1583 An
1763 1556 1952 1583 SECUNDUM
1974 1556 2156 1582 mcmumm
2184 1544 2291 1593 quod
2310 1544 2512 1606 conceptio
2529 1526 2742 1585 attributa·

1634 1606 1696 1636 tur
1714 1599 1854 1636 Beatae
1872 1596 2028 1646 Virgini,
2050 1609 2130 1634 non
2149 1604 2334 1647 tanquam
2353 1596 2551 1648 principio
2559 1545 2766 1647 actumst:
2837 1637 2840 1642 ‚

2656 1650 2702 1730 iti

1689 1758 1747 1794 An
1773 1768 1932 1794 TERTmM
1968 1767 2149 1794 DICENDUM
2185 1755 2294 1806 quod
2320 1751 2555 1807 principium
2577 1756 2702 1808 W
2722 1787 2725 1789 —
2833 1630 2845 1800 i

1635 1822 1732 1847 vum
1760 1810 1931 1847 naturale
1963 1808 2102 1846 sufficit
2129 1808 2178 1846 ad
2205 1808 2568 1848 transmutationem
2589 1814 2703 1849 natu&
2837 1837 2841 1863 1

1635 1651 1703 1689 sed
1730 1650 1822 1701 quia
1856 1649 2082 1687 ministravit
2108 1649 2309 1688 materiam
2337 1650 2560 1701 conceptui
2575 1655 2654 1723 et⁷³

1636 1703 1718 1742 eius
1745 1711 1854 1741 utero
1883 1711 1939 1740 est
1965 1702 2166 1753 conceptio
2194 1703 2392 1741 celebrata

1636 1864 1756 1900 ralem
1784 1862 1942 1912 quando
1970 1860 2132 1899 naturali
2158 1869 2194 1898 et
2212 1869 2398 1899 consueto
2416 1862 2539 1901 modo
2564 1860 2700 1903 move-
2754 1869 2782 1902 ἱ-
2837 1870 2841 1914 ξ

1636 1923 1698 1952 tur
1725 1927 1748 1952 a
1774 1914 1963 1964 principio
1991 1913 2115 1952 activo
2134 1914 2304 1964 proprio.
2335 1914 2412 1952 Sed
2435 1915 2516 1953 hoc
2539 1914 2598 1955 ιιι

1637 1967 1762 2018 posito
1790 1979 1870 2005 non
1897 1967 2013 2005 habet
2039 1968 2181 2004 locum.
2220 1967 2269 2004 Et
2295 1966 2383 2005 ideo
2411 1966 2615 2019 conceptio
2633 1968 2703 2027 illa

1638 2033 1719 2058 non
1746 2027 1871 2070 potest
1897 2019 1971 2057 dici
1997 2019 2218 2070 simpliciter
2245 2019 2437 2058 naturalis.

1192 2126 1532 2160 Commentariis
1552 2125 1806 2158 Cardinalis
1827 2125 2030 2158 catenant

583 2226 688 2246 nurus
725 2216 847 2256 quaerit
880 2225 921 2246 an
955 2215 1139 2256 simpliciter
1169 2221 1200 2246 et
1233 2214 1378 2245 absolute
1413 2214 1584 2265 conceptio

523 2304 612 2344 quod
641 2305 674 2334 in
698 2304 911 2344 conceptione
942 2303 1062 2344 aliquid
1089 2303 1184 2334 fuerit
1213 2303 1373 2339 naturale,
1411 2308 1443 2333 et
1465 2301 1585 2343 aliquid

523 2348 764 2379 miraculosum:
781 2348 837 2379 sed
853 2349 1014 2389 quaeritur
1029 2357 1069 2378 an
1085 2347 1179 2379 fuerit
1194 2326 1378 2388 simplicite}
1394 2352 1425 2377 et
1440 2346 1586 2377 absolute

524 2393 720 2423 miraculosa.

579 2437 614 2466 In
633 2446 768 2477 corpore
790 2446 855 2467 una
871 2442 917 2467 est
932 2436 1109 2472 conclusio,
1125 2437 1245 2466 habens
1260 2435 1339 2466 duas
1353 2441 1473 2476 partes:
1501 2435 1586 2466 Con-

525 2481 625 2521 ceptio
641 2485 697 2511 est
717 2481 904 2521 simpliciter
925 2481 1131 2517 miraculosa,
1147 2479 1322 2511 secundum
1345 2479 1469 2520 aliquid
1493 2484 1586 2510 natu-

526 2525 614 2555 ralis.
638 2525 822 2555 Declaratur
845 2530 876 2554 et
898 2525 1060 2565 probatur.
1084 2525 1264 2555 Declaratio
1280 2529 1327 2554 est
1346 2533 1383 2554 ex
1399 2524 1585 2554 auctoritate

525 2569 700 2599 Ambrosii:
733 2578 815 2608 quae
844 2569 1014 2608 exponitur
1044 2570 1120 2609 quia
1143 2578 1181 2599 ex
1204 2574 1293 2608 parte
1315 2568 1465 2598 materiae
1492 2568 1586 2598 mini-

525 2618 636 2643 stratae
660 2623 678 2642 a
699 2618 799 2643 matre
822 2619 868 2643 est
890 2613 1081 2649 naturalitas,
1105 2622 1143 2644 ex
1164 2617 1252 2652 parte
1266 2612 1390 2643 viltutis
1405 2612 1524 2642 activae
1541 2618 1587 2642 est

526 2657 811 2696 supernaturalitas.
834 2675 857 2679 -
879 2657 1028 2687 Probatio
1053 2663 1108 2688 est.
1132 2655 1400 2696 Unumquodque
1422 2656 1523 2696 magis
1538 2656 1586 2686 iu-

528 2700 647 2731 dicatur
677 2700 854 2731 secundum
881 2700 1018 2731 formam
1048 2706 1079 2732 et
1102 2710 1216 2741 agens,
1248 2709 1346 2740 quam
1368 2701 1532 2730 materiam
1556 2706 1587 2730 et

528 2745 659 2784 patiens.
682 2745 767 2784 Ergo
791 2745 961 2785 conceptio
985 2745 1102 2776 Christi
1126 2750 1172 2776 est
1187 2744 1372 2784 simpliciter
1386 2744 1586 2780 miraculosa,

529 2794 559 2818 et
582 2788 759 2819 secundum
783 2788 860 2829 quid
882 2789 1041 2820 naturalis.

583 2832 620 2863 11.
643 2832 781 2863 Adverte
804 2833 855 2864 hic
883 2833 971 2873 quod
995 2834 1080 2873 quia,
1096 2838 1132 2864 ut
1154 2834 1188 2864 in
1211 2832 1238 2863 11
1261 2832 1394 2864 traditur
1415 2832 1543 2873 Physic.
1560 2833 1587 2869 *‚

530 2875 631 2906 forma
647 2886 683 2906 ex
699 2883 786 2917 parte
803 2878 922 2917 agentis
938 2887 971 2908 se
986 2883 1087 2914 tenet;
1103 2877 1177 2908 ideo
1192 2877 1316 2908 Auctor
1330 2875 1468 2907 formam
1484 2877 1589 2917 agenti

1638 2214 1805 2245 coniunxit
1824 2215 1858 2245 in
1878 2214 2078 2254 probatione,
2102 2213 2199 2244 licet*
2190 2223 2225 2244 in
2240 2213 2452 2245 declaratione
2467 2213 2707 2260 80qu

584 2259 700 2290 Christi
722 2259 816 2290 fuerit
843 2259 1007 2296 naturalis,
1030 2260 1081 2290 vel
1104 2259 1304 2290 miraculosa.
1341 2257 1475 2290 Constat
1498 2259 1585 2289 enim
1638 2259 1761 2289 virtutis
1784 2258 1974 2289 meminerit.

1692 2303 1814 2339 Rursus
1843 2302 1970 2333 adverte
2000 2301 2090 2342 quod
2111 2302 2252 2338 Auctor,
2283 2301 2324 2333 ad
2345 2309 2414 2333 rem
2442 2310 2457 2332 s

1639 2347 1760 2377 curavit
1782 2346 1938 2378 discutere
1960 2347 2090 2377 tertium
2104 2325 2436 2383 membni1n‚scilicet
2451 2283 2707 2387 adiuncta&

1639 2392 1745 2431 ceptio
1768 2400 1830 2422 nec
1846 2391 1997 2422 naturalis
2019 2399 2080 2422 nec
2094 2391 2285 2421 miraculosa
2299 2390 2486 2431 simpliciter
2498 2394 2566 2427 est,
2572 2382 2705 2423 meu-¹
2747 2401 2752 2406 ’
2766 2402 2772 2406 ’

1639 2435 1782 2466 cundum
1805 2434 1926 2476 aliquid
1943 2435 2136 2467 miraculosa
2157 2440 2189 2466 et
2211 2433 2390 2466 secundum
2405 2434 2470 2475 aliq
2469 2432 2533 2466 uid-
2539 2434 2706 2471 m
2750 2438 2763 2450 ⁵

1639 2480 1732 2510 Ratio
1761 2480 1848 2510 enim
1877 2479 1970 2510 allata
1997 2479 2031 2510 ιιι
2054 2479 2156 2510 littera
2184 2488 2252 2509 non
2282 2478 2389 2509 solum
2417 2443 2582 2510 cocilcludit
2610 2477 2706 2520 quod
2754 2486 2775 2511 ἑ,
2836 2465 2839 2491 2

1638 2524 1738 2564 magis
1762 2529 1809 2554 est
1831 2524 2022 2555 miraculosa
2044 2532 2143 2564 quam
2165 2523 2325 2559 naturalis,
2346 2522 2403 2554 sed
2417 2521 2705 2601 sufficientum
2747 2519 2773 2566 j

2507 2574 2570 2608 ιη
2831 2572 2838 2590 3

1639 2567 1900 2599 concludendum
1923 2567 2013 2608 quod
2035 2572 2082 2598 est
2103 2567 2288 2607 simpliciter
2309 2566 2500 2598 miraculosa

1639 2611 1795 2643 iudicium
1810 2612 1993 2652 simpliciter
2008 2617 2040 2642 et
2055 2611 2199 2642 absolute
2218 2610 2402 2642 habendum
2424 2610 2464 2642 de
2478 2619 2514 2642 re
2524 2609 2704 2653 secuudum
2740 2617 2759 2647 '2

1639 2655 1774 2687 formale
1800 2657 1952 2693 sumitur,
1975 2661 2012 2687 ut
2033 2656 2068 2686 in
2090 2655 2192 2686 littera
2218 2654 2264 2686 fit.
2299 2655 2341 2686 Et
2363 2654 2448 2691 ideo,
2471 2653 2512 2687 ad
2533 2662 2616 2692 rem,
2638 2653 2707 2687 noc
2750 2657 2763 2687 ἶ
2829 2666 2837 2702 3¹³

1641 2706 1687 2731 est
1709 2700 1749 2731 ad
1771 2701 1837 2731 vim
1859 2679 1957 2731 medii
1980 2699 2170 2740 spectando,
2195 2699 2318 2730 Auctor
2340 2699 2447 2730 intulit
2470 2697 2561 2740 quod
2581 2698 2703 2741 simpli-
2736 2702 2772 2734 -ἶῑ,
2829 2703 2839 2735 23

1641 2745 1719 2775 citer
1742 2751 1788 2775 est
1810 2744 2016 2775 miraculosa:
2046 2744 2137 2780 licet,
2161 2743 2340 2775 secundum
2360 2743 2476 2779 verba,
2499 2742 2707 2824 unffi
2742 2736 2755 2747 ⁰
2827 2735 2838 2791 j.-

1642 2788 1902 2820 concludendum
1925 2787 2015 2829 quod
2038 2794 2085 2819 est
2106 2788 2207 2828 magis
2221 2787 2412 2819 miraculosa
2429 2795 2528 2828 qum
2746 2782 2776 2829 ‚ssy'

1642 2832 1720 2863 dum
1743 2833 1921 2873 assumpsit,
1948 2832 2203 2874 Unumquodque
2222 2831 2328 2874 magis
2346 2831 2510 2863 iudicatur
2529 2830 2710 2871 sm
2738 2830 2768 2869 ᾖς’

1632 2877 1793 2919 sormam,
1810 2883 1870 2908 etc.
1894 2876 1989 2909 Unde
2011 2882 2098 2917 patet
2121 2875 2260 2907 efficacia
2281 2884 2450 2917 processus
2471 2874 2603 2907 littei-aea
2685 2887 2702 2890 ·’

1144 3204 2100 3288 *ffl—
