2872 3970
73 1157 84 1168 ³
98 1171 130 1195 ¹5,
146 1166 179 1188 16.

114 1478 178 1528 3¹3}

76 1543 77 1546 =
113 1532 178 1560 xm,

928 292 1190 338 QUAESTIO
1219 293 1322 340 LIX,
1351 292 1643 330 ARTICULUS
1670 292 1715 329 ΙΙΙ

2332 286 2406 334 543

235 370 342 420 quod
367 370 519 407 videtur
546 369 810 408 auctoritatem
837 368 1071 417 praedictam
1100 369 1295 417 Evangelii
1349 371 1405 406 nis
1430 376 1463 406 et
1490 371 1596 407 malis
1631 370 1890 416 ostenderetur,
1916 371 2052 417 forma
2079 372 2153 407 Dei
2183 372 2269 408 solis
2302 373 2408 410 bonis

234 422 289 460 sic
307 435 388 459 esse
414 422 696 470 intelligendam
717 420 749 458 βε
785 423 1002 458 Potestatem
1031 421 1126 458 dedit
1144 423 1180 458 ei
1205 422 1295 458 iudi-

234 477 333 512 cium
359 476 496 523 facere
529 476 615 524 quia
647 475 763 511 Filius
797 475 974 510 Hominis
1001 479 1064 520 est,
1097 485 1177 510 non
1212 474 1294 522 qui-

235 528 327 566 dem
363 534 520 576 propter
555 526 815 564 conditionem
851 533 1027 572 naturae,
1065 525 1157 574 quia
1193 525 1246 562 sic
1280 531 1295 554 Υ

233 590 373 619 omnes
399 579 578 617 homines
602 578 825 616 huiusmodi
853 585 1079 627 potestatem
1098 578 1294 623 haberent,

234 639 278 672 ut
305 632 606 682 Chrysostomus
635 631 763 668 obiicit
781 630 820 667 *ε
860 631 928 668 sed
955 631 1031 667 hoc
1058 630 1219 679 pertinet
1247 631 1296 668 ad

234 684 394 733 gratiam
427 683 575 732 capitis,
606 696 725 732 quam
755 683 928 721 Christus
955 683 995 720 in
1028 683 1201 721 humana
1228 695 1294 719 na-

234 745 319 775 tura
346 736 502 785 accepit.

288 787 482 838 Competit
508 796 639 826 autem
659 788 810 826 Christo
837 789 912 825 hoc
930 788 1051 825 modo
1080 787 1295 824 secundum

233 843 448 882 humanam
485 849 663 878 naturam
699 840 892 878 iudiciaria
926 848 1110 890 potestaS,
1139 847 1295 888 propter

233 894 315 933 tria,
353 893 485 931 Primo
522 893 700 942 quidem,
730 901 886 942 propter
921 892 1231 930 convenientiam
1258 900 1295 928 et

233 946 457 985 affinitatem
484 946 603 995 ipsius
631 947 680 983 ad
699 946 888 983 homines.
924 945 1029 983 Sicut
1056 945 1160 982 enim
1188 945 1294 987 Deus

231 1011 303 1048 per
330 1011 464 1036 causas
491 999 650 1042 medias,
671 1006 856 1047 tanquam
881 997 1176 1048 propinquiores
1205 998 1294 1034 effe-

233 1051 368 1097 ctibus,
398 1059 597 1100 operatur;
627 1051 678 1088 ita
705 1051 846 1089 iudicat
872 1063 942 1100 per
960 1050 1161 1087 hominem
1186 1050 1294 1086 Chri-

234 1112 334 1140 stum
364 1104 553 1150 homines,
582 1111 624 1140 ut
653 1104 697 1140 sit
725 1103 881 1140 suavius
909 1103 1094 1140 iudicium
1130 1102 1294 1139 homini-

233 1156 318 1195 bus,
348 1157 459 1194 Unde
486 1158 696 1206 Apostolus
717 1156 817 1202 dicit,
837 1158 936 1194 Heb.
953 1169 987 1193 ιν
1005 1156 1044 1192 *ε
1074 1156 1164 1192 Non
1183 1157 1294 1192 habe-

233 1221 315 1246 mus
342 1211 559 1257 Pontificem
588 1211 652 1258 qui
677 1221 751 1247 non
775 1211 891 1258 possit
914 1211 1075 1258 compati
1101 1209 1294 1256 infirmita-

231 1263 326 1300 tibus
353 1263 506 1308 nostm's,
535 1268 710 1299 tentatum
732 1274 805 1311 per
841 1264 968 1299 omnia
990 1273 1063 1310 per
1092 1261 1295 1297 similitudi-

232 1327 319 1353 nem
338 1312 364 1360 ⁶,
391 1316 528 1363 absque
540 1320 706 1363 peccato.
734 1314 924 1351 Adeamus
942 1326 1036 1363 ergo
1055 1325 1140 1350 cum
1148 1313 1295 1361 fiducia

233 1367 284 1404 ad
308 1368 483 1404 thronum
509 1369 657 1417 gratiae
684 1369 772 1403 eius.

285 1419 486 1466 Secundo,
515 1419 607 1469 quia
641 1421 679 1456 in
705 1420 824 1467 finali
853 1420 1011 1465 iudicio,
1044 1426 1086 1455 ut
1118 1418 1295 1465 Augusti-

229 1483 306 1511 nus
342 1471 448 1519 dicit,
477 1485 589 1522 super
614 1474 724 1509 Ioan.
745 1471 784 1518 *,
813 1474 882 1510 erit
909 1473 1129 1508 resurrectio
1164 1483 1294 1519 corpo-

231 1537 318 1562 rum
345 1531 599 1571 mortuorum,
628 1537 723 1574 quae
757 1527 904 1563 suscitat
931 1526 1031 1561 Deus
1058 1536 1131 1573 per
1156 1525 1293 1560 Filium

230 1579 421 1624 Hominis,
442 1577 538 1615 sicut
559 1590 632 1627 per
659 1578 816 1614 eundem
839 1579 1023 1615 Christum
1042 1578 1189 1614 suscitat
1216 1578 1294 1613 ani-

231 1643 313 1668 mas
340 1630 572 1679 inquantum
600 1638 656 1667 est
682 1631 798 1668 Filius
825 1631 906 1667 Dei.

284 1683 415 1720 Tertio
452 1683 561 1732 quia,
590 1691 633 1720 ut
660 1683 895 1730 Augustinus
930 1682 1035 1729 dicit,
1065 1682 1105 1718 in
1124 1682 1219 1718 libro
1248 1682 1293 1718 de

65 1735 204 1785 οξξξξξς
238 1737 365 1774 Verbis
391 1737 547 1773 Domini
563 1736 600 1782 ³¹²,
631 1742 770 1772 rectum
806 1742 885 1772 erat
913 1741 950 1772 ut
978 1735 1166 1772 iudicandi
1197 1735 1292 1772 uide-

66 1793 190 1817 ⁶⁸⁹·'¹¹-
230 1795 312 1825 rent
349 1789 517 1826 iudicem.
565 1788 764 1825 Iudicandi
797 1794 919 1825 autem
948 1793 960 1808 ἰ
993 1793 1099 1824 erant
1136 1789 1226 1824 boni
1260 1793 1293 1824 et

229 1842 331 1878 mali.
369 1843 544 1879 Restabat
581 1847 619 1878 ut
646 1843 683 1877 in
713 1841 846 1878 iudicio
881 1842 1010 1887 forma
1045 1842 1144 1877 serui
1170 1846 1202 1876 et
1229 1842 1291 1876 bo-

283 1953 308 1988 β)
328 1954 459 1980 videtur...
479 1954 689 1986 intelligendam.
702 1968 721 1972 -
733 1954 902 1986 Augustinus
919 1954 1107 1978 auctoritatem
1124 1954 1293 1985 praedictam

228 1993 256 2018 et
273 1990 311 2023 (et
327 1997 381 2015 om.
400 1990 445 2015 DE
464 1994 490 2014 et
507 1989 591 2022 tertia)
610 1989 751 2022 Evangelii
775 1989 813 2014 sic
831 1996 886 2014 esse
904 1988 954 2021 (sic
972 1989 1037 2014 dicit
1057 1990 1074 2019 Ι,
1092 1989 1131 2014 sic
1149 1989 1214 2013 dicit
1239 1995 1294 2013 esse

227 2025 268 2051 Fa
284 2031 311 2050 et
329 2030 414 2050 cetera
431 2023 516 2058 tertia)
535 2024 736 2058 intelligendam
755 2031 860 2053 omnes;
880 2025 926 2048 sed
939 2024 1000 2056 quia
1017 2032 1038 2050 s,
1051 2024 1211 2056 Augustinus
1226 2031 1293 2056 quae

228 2065 374 2093 sequuntur
395 2067 446 2084 non
469 2059 554 2089 habet,
578 2067 651 2084 error
671 2064 790 2084 veterum
814 2059 932 2083 codicum
953 2060 1038 2091 potius
1058 2059 1084 2083 in
1102 2059 1182 2083 verbo
1200 2060 1293 2091 Augu—

228 2096 315 2120 stinus
339 2102 389 2128 pro
413 2095 519 2119 videtur
536 2095 578 2119 vel
598 2097 684 2126 patet,
704 2094 769 2118 situs
796 2102 855 2118 esse
876 2093 979 2118 videtur
1001 2101 1078 2126 quam
1102 2095 1127 2118 in
1151 2093 1293 2118 omissione

227 2130 300 2156 verbi
319 2130 394 2157 dicit.
411 2131 453 2154 An
470 2138 519 2162 pro
536 2135 654 2154 veterum
672 2133 698 2154 et
718 2129 859 2162 Evangelii
876 2129 1014 2161 legendum
1034 2136 1071 2154 ex
1084 2128 1258 2161 Evangelio?

1347 428 1568 460 servaretur.

1400 475 1456 511 An
1485 487 1620 512 PRthJM
1649 487 1746 511 ERGO
1774 487 1954 512 monimum
1983 476 2089 524 quod
2108 476 2294 513 iudicium
2321 489 2406 526 per-

1348 526 1439 563 tinet
1466 528 1514 564 ad
1542 527 1739 564 veritatem
1768 527 1863 564 sicut
1887 528 1935 564 ad
1963 530 2133 576 regulam
2160 528 2308 566 iudicii:
2339 530 2406 566 sed

1349 579 1397 615 ad
1425 579 1626 616 hominem
1663 579 1730 628 qui
1766 587 1821 616 est
1848 580 2002 616 veritate
2038 580 2209 617 imbutus
2244 581 2406 630 pertinet

1348 632 1563 668 seeundum
1601 633 1707 681 quod
1742 640 1796 668 est
1824 645 1948 670 unum
1985 634 2278 681 quodammodo
2314 646 2405 671 cum

1347 684 1430 732 ipsa
1447 684 1614 730 veritate,
1635 684 1744 733 quasi
1773 686 1965 733 quaedam
1993 686 2053 722 lex
2078 693 2114 722 et
2133 686 2326 734 quaedam
2351 688 2404 723 iu·

1346 738 1441 773 stitia
1468 739 1633 773 animata
1651 737 1681 773 ³¹².
1712 738 1823 774 Unde
1852 745 1887 774 et
1915 737 2058 774 ibidem
2086 738 2321 786 Augustinus
2349 738 2404 775 in-

1347 788 1544 825 troduxitt
1573 790 1678 838 quod
1707 789 1844 826 dicitur
1870 792 1884 826 I
1917 791 2002 827 Cor.
2023 802 2045 826 11
2063 790 2099 827 *ε
2130 791 2335 840 Spiritualis
2353 793 2404 827 iu-

1347 842 1443 878 dicat
1471 843 1607 878 omnia.
1647 841 1787 878 Anima
1815 850 1941 878 autern
1982 842 2120 879 Christi
2147 855 2239 891 prae
2273 843 2404 880 ceteris

1347 893 1526 930 creaturis
1564 893 1683 941 magis
1720 894 1788 930 fuit
1825 894 1930 931 unita
1957 894 2102 932 veritati
2140 903 2176 931 et
2203 896 2323 943 magis
2360 908 2405 932 ea

1348 947 1505 994 repleta:
1540 946 1755 983 secundum
1787 946 1879 984 illud
1907 947 2093 984 Ioan.1*:
2131 948 2294 985 Vidimus
2320 961 2404 985 eum

1342 999 1496 1047 plenum
1515 1000 1663 1048 gratiae
1691 1005 1723 1035 et
1747 1001 1917 1036 ueritatis.
1947 1001 1996 1036 Et
2014 1000 2229 1036 secundum
2249 1001 2335 1046 hoc⁷
2356 1001 2404 1037 ad

1348 1051 1518 1088 animam
1542 1051 1680 1088 Christi
1705 1051 1873 1088 maxime
1894 1052 2056 1101 pertinet
2075 1052 2205 1089 omnia
2223 1052 2403 1090 iudicare.

1400 1105 1457 1140 An
1477 1115 1665 1140 SECUNDUM
1685 1116 1866 1141 memnon
1885 1105 1992 1153 quod
2020 1104 2136 1141 solius
2164 1105 2235 1142 Dei
2264 1113 2319 1141 est
2346 1105 2406 1142 sui

1346 1155 1633 1204 participatione
1671 1156 1818 1192 animas
1852 1157 1980 1193 beatas
2007 1158 2140 1194 facere.
2181 1158 2256 1194 Sed
2285 1158 2404 1194 addu-

1347 1220 1432 1245 cere
1469 1208 1647 1244 homines
1684 1209 1732 1245 ad
1760 1209 2054 1255 beatitudinem,
2083 1209 2314 1258 inquantum
2351 1218 2406 1247 est

1347 1268 1462 1310 caput
1490 1268 1525 1297 et
1553 1268 1686 1297 auctor
1713 1262 1842 1298 salutis
1871 1274 2019 1307 eorum,
2041 1262 2179 1298 Christi
2208 1270 2263 1298 est
2282 1268 2318 1299 ηε
2348 1275 2404 1299 se-

1347 1313 1521 1350 cundum
1550 1313 1642 1350 illud
1670 1315 1768 1350 Heb.
1790 1326 1810 1351 11
1829 1314 1869 1350 *ς
1905 1315 1979 1356 Qui
1996 1315 2127 1351 multos
2143 1315 2249 1362 filios
2268 1317 2304 1351 in
2324 1315 2404 1364 glo-

2433 745 2442 754 ·
2457 744 2553 766 Aristot.
2569 743 2647 765 Ethic.

2432 770 2472 791 lib.
2488 770 2517 797 V,
2539 776 2589 798 cap.
2613 776 2644 796 w,

2432 803 2455 818 n,
2476 803 2497 823 7.
2521 808 2530 812 -
2553 797 2576 818 S.
2598 795 2643 817 ”ih⁴

2432 823 2483 844 lect.
2499 829 2529 844 vx.

2432 885 2443 895 ⁸
2459 850 2573 911 Versfffi.

2432 954 2441 964 ”
2458 953 2523 974 Vers.
2541 959 2574 979 ¹4.

2531 1273 2546 1295 η

2433 1323 2443 1333 ·
2457 1321 2522 1342 Vers.
2540 1325 2574 1341 ιο.

1347 1368 1444 1403 riam
1473 1366 1691 1412 adduxerat,
1713 1363 1902 1404 auctorem
1928 1367 2054 1404 salutis
2081 1379 2211 1403 eorum
2233 1380 2305 1416 per
2317 1380 2405 1417 pas·
2459 1408 2461 1412 y

1346 1421 1487 1456 sionem
1516 1421 1779 1455 consummari.

1400 1473 1457 1508 AD
1479 1468 1643 1508 ‘TERTIUM
1671 1483 1852 1509 DICENDUM
1873 1472 1981 1520 quod
2000 1483 2230 1520 cognoscere
2258 1473 2406 1509 occulta

1347 1523 1524 1560 cordium
1553 1531 1589 1559 et
1607 1523 1815 1561 diiudicare
1843 1536 1912 1573 per
1931 1537 1970 1561 se
1990 1525 2148 1573 quidem
2176 1524 2338 1573 pertinet
2356 1525 2406 1561 ad

1348 1578 1474 1614 solum
1512 1577 1661 1613 Deum:
1701 1577 1767 1613 sed
1804 1589 1851 1613 ex
1883 1577 2082 1614 refluentia
2119 1577 2323 1613 divinitatis
2357 1578 2406 1614 ad

1347 1629 1518 1666 animam
1548 1628 1698 1675 Christi,
1719 1630 1899 1666 convenit
1926 1630 1960 1666 ei
1989 1629 2103 1666 etiam
2122 1641 2350 1677 cognoscere
2371 1636 2406 1665 et

1347 1681 1554 1719 diiudicare
1593 1683 1741 1719 occulta
1777 1682 1973 1728 cordium,
2004 1690 2046 1719 ut
2080 1694 2195 1730 supra
2214 1682 2233 1704 ²¹⁶
2261 1682 2406 1718 dictum

1347 1742 1421 1778 est,
1451 1746 1542 1770 cum
1579 1735 1626 1770 de
1665 1734 1819 1771 scientia
1849 1735 1986 1771 Christi
2021 1743 2204 1783 ageretur.
2243 1735 2291 1771 Et
2318 1734 2405 1771 ideo

1347 1787 1484 1823 dicitur
1510 1789 1620 1823 Rom.
1641 1799 1662 1823 11
1681 1787 1718 1823 *ε
1747 1789 1793 1823 In
1823 1788 1881 1824 die
1908 1800 1993 1824 cum
2021 1788 2192 1824 iudicabit
2219 1789 2321 1823 Deus
2349 1799 2404 1823 oc-

1346 1840 1443 1876 culta
1470 1841 1663 1876 hominum
1686 1852 1759 1888 per
1785 1842 1910 1876 Iesum
1943 1842 2138 1876 Christum.

1400 1952 1427 2021 ii
1440 1960 1493 2020 ,sofr
1515 1953 1726 2013 sissiriit'ugfriem.
1745 2002 1764 2007 -
1775 1996 1829 2020 pro
1853 1989 2028 2013 similitudine
2047 1989 2070 2019 15
2094 1989 2136 2013 Al.
2156 1996 2210 2020 pro
2234 1989 2409 2015 similitudine

1406 2032 1420 2042 σ

1348 2024 1539 2091 marssaniem.
1557 2072 1577 2076 —
1594 2057 1630 2088 P;
1649 2066 1702 2082 om.
1722 2059 1744 2087 b,
1765 2058 1833 2082 enim
1853 2058 1938 2084 ceteri.

1399 2093 1425 2126 ζ)
1444 2093 1607 2118 introduxit.
1625 2106 1645 2112 -
1663 2093 1811 2118 introducit
1830 2093 1868 2118 ΡΙ.

1399 2129 1426 2163 η)
1448 2128 1548 2153 Christi
1565 2132 1613 2153 est.
1630 2142 1650 2148 --
1668 2129 1729 2153 Om.
1748 2128 1766 2157 Ι,
1784 2129 1907 2153 conuenit
1928 2129 2033 2153 Christo
2052 2133 2111 2153 ante
2130 2129 2286 2161 inquantum
2307 2129 2338 2155 P.

901 2208 1235 2240 Commentaria.
1257 2207 1509 2240 Cardinalis
1532 2207 1734 2240 Caietani

290 2299 397 2318 nurus
422 2288 533 2318 clarus.
557 2306 579 2309 —
603 2287 638 2318 In
668 2296 803 2327 corpore
825 2287 883 2317 tria
905 2286 996 2316 fiunt.
1032 2286 1154 2322 Primo,
1182 2286 1292 2316 recita-

233 2300 341 2363 Ttur
371 2333 483 2372 opinio
513 2331 755 2372 Chrysostomi‚
786 2331 842 2371 qui
871 2331 959 2360 aliter
988 2335 1144 2370 punctuat
1170 2335 1293 2360 textum

230 2376 395 2416 Evangelii
426 2385 523 2416 quam
549 2385 619 2405 nos.
653 2375 723 2414 Ipse
754 2376 840 2405 enim
870 2374 923 2404 illa
949 2375 1063 2410 verba,
1087 2374 1163 2415 quia
1189 2374 1293 2404 Filius

229 2420 384 2451 Hominis
407 2425 462 2455 est,
486 2429 554 2450 non
578 2419 746 2459 coniungit
768 2428 844 2449 cum
867 2418 1139 2459 praecedentibus,
1164 2418 1293 2453 scilicet,

223 2469 415 2506 potestatem
438 2463 524 2494 dedit
539 2463 568 2494 ei
584 2463 737 2493 iudicium
751 2463 889 2504 facere:
913 2462 968 2493 sed
984 2463 1150 2502 coniungit
1166 2471 1202 2492 ea
1218 2471 1292 2492 cum

183 2542 190 2551 Ι
230 2508 454 2549 sequentibus,
479 2507 614 2546 scilicet,
640 2507 739 2537 nolite
767 2507 884 2537 mirari
906 2507 976 2537 hoc.
1010 2507 1054 2536 Ita
1079 2505 1183 2546 quod,
1208 2505 1293 2546 apud

231 2552 509 2594 Chrysostomum‚
527 2550 728 2595 concluditur
743 2552 845 2591 prima
868 2551 1022 2581 sententia
1037 2551 1091 2586 ibi,
1102 2555 1294 2590 potestatem

229 2596 318 2628 dedit
338 2596 369 2627 ei
391 2595 544 2626 iudicium
558 2595 687 2637 facere,
705 2600 736 2625 et
751 2595 881 2625 inchoat
904 2594 1044 2634 secunda
1066 2595 1221 2624 sententia
1239 2594 1293 2630 ibi,

233 2639 318 2678 Quia
333 2640 438 2671 Filius
459 2639 614 2673 Hominis
635 2645 690 2675 est,
708 2645 739 2670 et
762 2638 964 2669 concluditur
986 2639 1039 2674 ibi,
1057 2638 1157 2668 nolite
1179 2638 1294 2668 mirari

229 2685 301 2716 hoc.
327 2684 369 2717 Et
391 2689 438 2721 est
463 2693 574 2714 sensus
597 2683 687 2723 quod
711 2689 880 2723 propterea
907 2683 983 2723 quia
1012 2683 1111 2713 Filius
1143 2682 1293 2712 Hominis

231 2734 287 2765 est,
310 2738 379 2758 non
412 2728 568 2768 accipiant
601 2727 843 2758 admirationem
871 2726 910 2757 de
939 2727 1096 2757 antedicta
1128 2727 1293 2762 sententia,

225 2777 417 2815 potestatem
440 2771 527 2802 dedit
548 2771 579 2802 ei
601 2770 754 2802 iudicium
767 2771 906 2813 facere:
929 2777 964 2801 ut
980 2771 1061 2801 clare
1084 2775 1171 2810 patet
1186 2770 1219 2800 in
1234 2770 1294 2800 hac

230 2814 343 2847 littera.

286 2859 446 2896 Secundo,
458 2859 636 2900 'respondet
652 2859 796 2899 quaesito
812 2869 878 2890 una
893 2859 1116 2889 conclusione:
1134 2858 1184 2889 Ad
1201 2858 1294 2888 Chri-

230 2909 325 2940 stum,
340 2904 437 2937 etiam
459 2903 632 2935 seeundum
655 2903 829 2934 humanam
849 2908 1015 2939 naturam„
1021 2903 1165 2943 pertinet
1178 2902 1294 2933 habere

231 2948 438 2981 iudiciariam
453 2952 655 2988 potestatem.
680 2947 845 2978 Probatur.
870 2947 1034 2978 Iudiciaria
1048 2952 1188 2987 potestas
1205 2956 1294 2977 com-

1346 2287 1480 2316 mittitur
1503 2296 1520 2316 a
1544 2287 1614 2316 Deo
1647 2287 1831 2316 hominibus
1864 2292 2010 2326 respectu
2043 2297 2157 2317 eorum
2190 2289 2245 2328 qui
2277 2289 2406 2318 illorum

1345 2329 1556 2361 iurisdictioni
1584 2330 1778 2366 subduntur,
1803 2336 1984 2360 remanente
2008 2331 2094 2371 apud
2117 2332 2222 2362 Deum
2246 2333 2406 2372 primaeva

1347 2379 1502 2414 potestate
1535 2374 1705 2404 iudicandi.
1742 2374 1803 2405 Sed
1832 2374 1992 2410 Christus,
2021 2381 2056 2404 ut
2086 2376 2205 2409 homo,
2234 2382 2280 2406 est
2311 2382 2407 2416 caput

1347 2419 1517 2454 Ecclesiae,
1535 2424 1566 2448 et
1581 2419 1689 2448 omnia
1705 2419 1798 2448 habet
1812 2418 1952 2448 subiecta
1967 2419 2024 2448 sub
2035 2419 2170 2458 pedibus
2183 2420 2260 2450 suis.
2277 2420 2373 2460 Ergo.
2383 2438 2407 2442 —

1348 2463 1450 2492 Maior
1472 2463 1624 2502 probatur
1647 2463 1832 2492 auctoritate
1847 2463 2101 2493 Deuteronomii.
2118 2481 2142 2485 -—
2164 2463 2204 2493 Et
2227 2464 2332 2493 minor
2350 2464 2406 2493 ha-

1348 2507 1439 2536 betur
1463 2516 1500 2536 ex
1524 2515 1617 2546 supra
1641 2506 1740 2536 dictis.

1403 2550 1530 2586 Tertio,
1555 2550 1764 2590 respondetur
1794 2549 1833 2580 ad
1857 2550 2124 2591 Chrysostomum
2155 2560 2192 2580 ex
2220 2551 2405 2581 auctoritate

1348 2594 1519 2634 Augustini
1534 2595 1560 2630 ὓ,
1578 2594 1736 2634 solvitque
1760 2594 1975 2624 obiectionem
1999 2595 2076 2624 eius.
2101 2594 2141 2624 Et
2163 2594 2280 2625 solutio
2301 2593 2405 2625 consi-

1348 2639 1400 2668 stit
1415 2639 1449 2668 in
1465 2639 1538 2674 hoc,
1555 2638 1644 2678 quod
1661 2648 1735 2668 cum
1747 2638 1870 2674 dicitur,
1887 2638 1963 2678 quia
1979 2638 2082 2668 Filius
2097 2638 2250 2669 Hominis
2261 2643 2320 2674 est,
2337 2647 2405 2669 non

1348 2681 1542 2722 significatur
1558 2683 1626 2712 sola
1641 2687 1752 2712 natura
1768 2682 1839 2712 Filii
1855 2682 2014 2717 Hominis,
2032 2681 2087 2712 sed
2114 2683 2209 2712 etiam
2228 2683 2326 2722 gratia
2341 2691 2405 2722 qua

1348 2727 1462 2766 plenus
1478 2732 1543 2756 erat
1559 2726 1657 2756 Filius
1681 2726 1848 2756 Hominis:
1874 2731 1904 2755 et
1927 2726 1971 2755 sic
1995 2726 2027 2766 ly
2042 2726 2118 2766 quia
2132 2726 2237 2756 Filius
2250 2726 2404 2757 Hominis

1348 2775 1394 2800 est
1420 2769 1582 2800 concludit
1604 2769 1847 2809 praecedentem
1870 2769 2067 2799 sententiam.
2088 2769 2128 2799 Et
2143 2779 2215 2800 vere
2233 2770 2405 2807 sicclarior

1349 2819 1477 2854 apparet
1501 2814 1602 2843 littera
1625 2813 1797 2852 Evangelii.

1402 2857 1542 2895 Quarto,
1566 2856 1668 2887 reddit
1689 2857 1845 2896 triplicem
1868 2857 2024 2886 rationem
2053 2865 2149 2896 quare
2178 2858 2404 2888 convenienter

1349 2901 1486 2936 Christo,
1504 2900 1680 2931 secundum
1704 2901 1876 2930 humanam
1898 2905 2053 2935 naturam,
2071 2901 2224 2940 competit
2242 2901 2404 2932 iudiciaria

1348 2951 1496 2985 potestas.
1521 2945 1561 2975 Et
1584 2945 1665 2974 clare
1687 2949 1797 2984 patent
1819 2945 1852 2974 in
1874 2944 1984 2974 littera.

1030 3097 1348 3140 ARTICULUS
1378 3095 1605 3138 TERTIUS

473 3191 630 3223 UTRUM
654 3191 867 3223 cnmsrus
890 3191 948 3222 EX
971 3191 1146 3223 MERITIS
1168 3191 1327 3223 FUERIT
1351 3189 1549 3220 ADEPTUS
1573 3188 1844 3219 IUDICIARIAM
1867 3188 2161 3220 POTESTATEM

312 3272 346 3297 1v
366 3271 449 3302 Sem„
468 3271 527 3296 dist.
545 3277 620 3300 xnvu.
640 3278 684 3303 qu.
702 3278 721 3300 ι,
740 3275 786 3296 art.
806 3277 830 3302 2,
849 3271 899 3303 qu·
920 3278 943 3301 2,
962 3272 994 3296 ad
1012 3278 1044 3303 4;
1064 3271 1123 3296 dist.
1141 3278 1227 3302 xtvm,
1247 3278 1290 3302 qu.
1310 3277 1327 3299 1,
1347 3275 1392 3294 art.
1414 3276 1441 3299 1;
1462 3269 1494 3293 lv
1516 3269 1591 3293 Cont.
1613 3269 1698 3298 Geni„
1718 3275 1772 3300 cap.
1791 3275 1863 3297 xcvu
1886 3269 2028 3300 compend.
2051 3269 2146 3299 771e01„
2166 3277 2221 3302 cap.
2239 3277 2323 3296 coxu.

274 3383 295 3393 s.
320 3369 326 3394 2
443 3362 466 3388 D
494 3361 652 3388 TERTmM
671 3361 724 3387 stc
742 3362 976 3388 PROCEDITUR.
1006 3350 1168 3388 Videtur
1187 3349 1293 3398 quod

358 3398 361 3406 ’
384 3447 386 3451 y
414 3421 424 3451 g
446 3402 619 3440 Christus
647 3414 727 3440 non
756 3414 802 3439 ex
829 3402 971 3440 meritis
999 3402 1111 3440 fuerit
1133 3402 1293 3450 adeptus

387 3460 398 3473 μ
429 3455 435 3459 .

1347 3348 1438 3385 solio
1458 3348 1592 3399 iudicii,
1613 3347 1759 3396 dissipat
1778 3359 1888 3384 omne
1906 3348 2045 3384 malum
2065 3349 2192 3385 intuitu
2216 3361 2294 3386 suo.
2325 3350 2401 3387 Sed

1349 3399 1491 3448 regiam
1519 3398 1738 3447 dignitatem
1767 3399 1939 3436 Christus
1967 3399 2130 3437 obtinuit
2147 3401 2292 3450 absque
2321 3414 2400 3440 me·

1349 3452 1444 3489 ritis:
1475 3450 1654 3500 competit
1674 3450 1783 3493 enim·
1796 3451 1830 3487 ei
1849 3463 1895 3488 ex
1914 3453 1989 3488 hoc
2008 3452 2090 3501 ipso
2111 3454 2217 3502 quod
2237 3462 2291 3491 est
2309 3455 2400 3492 Uni-

1347 3504 1493 3553 genitus
1522 3502 1611 3549 Dei;
1641 3503 1776 3540 dicitur
1803 3503 1906 3541 enim
1934 3505 2028 3541 Luc.
2050 3505 2112 3542 1²⁸:
2141 3507 2255 3543 Dabit
2273 3509 2308 3543 ei
2323 3508 2400 3544 Do-

1347 3559 1467 3593 minus
1494 3557 1594 3592 Deus
1621 3556 1742 3592 sedem
1769 3557 1904 3603 David,
1923 3559 2043 3606 patris
2070 3560 2157 3604 eius,
2179 3565 2212 3596 et
2230 3561 2400 3609 regnabit

2434 1688 2442 1698 '
2459 1688 2508 1714 Qu.
2522 1694 2544 1714 x,
2559 1691 2601 1708 art.
2611 1693 2630 1708 2.

2435 1799 2443 1808 ¹
2459 1797 2524 1818 Vers.
2542 1796 2575 1818 16.

2434 2598 2442 2607 ·
2457 2597 2493 2619 ct.
2509 2601 2550 2619 not
2571 2598 2593 2624 β.

2429 3515 2437 3524 ·
2454 3514 2521 3535 Vei-s.
2535 3519 2569 3542 32.
