2872 3970
1007 238 1270 284 QUAESTIO
1300 238 1348 284 ΙΙ,
1378 238 1671 277 ARTICULUS
1700 241 1749 276 VI
2420 240 2467 288 37

286 315 395 363 quod
437 314 588 351 unitum
624 314 693 351 fuit
729 314 901 351 Verbum
944 314 1093 351 homini
1134 315 1349 351 secundum

288 367 541 404 induitionem
578 367 674 404 sicut
707 366 953 413 vestimento,
989 367 1084 403 sicut
1118 367 1207 404 dicit
1243 367 1350 404 tertia

288 420 431 470 opinio.
463 420 574 467 Quae
594 419 707 456 etiam
727 419 816 456 dicit
842 419 952 468 peius
973 420 1115 468 aliquid
1135 433 1254 469 quam
1273 421 1349 457 Ne-

287 472 444 519 storius,
478 472 585 522 quod
605 478 622 499 ⁷²
643 471 771 509 anima
800 479 835 508 et
854 484 994 520 corpus
1014 485 1094 509 non
1114 481 1202 509 sunt
1229 473 1346 510 unita.

1404 315 1533 364 ipsum
1561 325 1690 354 autem
1709 318 1883 354 Verbum
1905 318 1976 355 Dei
1996 330 2075 355 non
2104 327 2158 355 est
2186 327 2395 365 mutatum3
2426 326 2468 355 ut

1405 370 1560 418 exponit
1579 370 1825 418 Augustinus,
1841 370 1880 406 in
1900 370 1996 407 libro
2015 373 2324 421 Octogintatrium
2345 373 2466 414 Quae-

1402 423 1561 458 stionum
1580 423 1610 459 ³³.

1456 476 1512 511 AD
1532 488 1721 513 SECUNDUM
1748 488 1929 513 DICENDUM
1949 476 2055 524 quod
2075 476 2167 514 illud
2188 478 2293 526 quod
2313 476 2468 514 advenit

2496 428 2505 438 ⁴
2521 428 2567 455 Qu.
2583 434 2664 449 Lxxm.

340 525 453 562 Fides
482 533 612 562 autem
641 524 855 571 Catholica,
886 524 1061 562 medium
1093 533 1225 562 tenens
1253 525 1350 562 inter
1403 535 1489 575 post
1517 540 1598 564 esse
1627 530 1875 577 completum,
1905 529 2182 566 accidentaliter
2209 530 2373 575 advenit,
2394 529 2466 566 nisi

145 584 159 609 θ
285 578 496 626 praedictas
515 577 733 626 positiones,
754 589 882 625 neque
906 577 995 614 dicit
1024 590 1104 614 esse
1125 577 1136 599 θ
1161 579 1348 615 unionem
1374 580 1376 613 Ε
1402 581 1573 617 trahatur
1593 581 1632 617 in
1651 581 1971 618 communionem
1999 581 2097 618 illius
2125 594 2208 618 esse
2236 582 2414 631 completi
2434 582 2464 618 ³¹⁸.
2495 590 2503 598 ·
2519 589 2546 610 D·
2564 595 2595 610 ¹2-

285 631 423 667 factam
451 630 524 667 Dei
552 637 588 666 et
615 629 783 666 hominis
812 631 1028 667 secundum
1057 631 1256 667 essentiam
1287 633 1349 667 vel
1374 617 1377 686 i
1404 633 1509 669 Sicut
1543 633 1582 669 in
1618 634 1893 670 resurrectione
1928 646 2068 683 corpus
2104 634 2281 671 adveniet
2315 635 2467 671 animae

285 690 482 728 naturam;
512 694 639 731 neque
668 682 782 719 etiam
814 683 1030 719 secundum
1058 683 1251 730 accidens3
1282 684 1348 720 sed
1375 689 1376 736 l
1402 685 1683 733 praeexistenti:
1720 699 1799 723 non
1827 694 1957 723 tamen
1985 687 2270 734 accidentaliter,
2301 687 2391 736 quia
2418 687 2467 724 ad

284 735 414 773 medio
434 735 567 780 modo,
587 735 804 772 secundum
823 735 1106 773 subsistentiam
1134 749 1202 772 seu
1228 738 1348 786 hypo·
1375 738 1376 776 l
1402 737 1506 775 idem
1535 751 1616 776 esse
1651 747 1882 785 assumetur,
1911 747 1953 776 ut
1981 739 2119 776 scilicet
2154 752 2294 789 corpus
2314 740 2467 776 <habeat

46 798 59 809 ·
75 797 143 824 bid„
161 803 256 820 camv-
282 788 426 825 stasim.
466 788 578 825 Unde
605 787 645 824 in
673 787 817 834 Quinta
848 789 1008 837 Synodo
1027 789 1046 811 ’¹‘
1070 789 1218 836 legitur:
1253 791 1348 826 Cum

44 1694 57 1706 ⁴
69 1694 97 1716 D.
112 1699 161 1722 ²5⁰·

0 3205 5 3226 ,ι
43 3186 153 3208 ‘At-ta.

0 3264 14 3271 ’“
46 3272 140 3301 ⁰1bid.‚
160 3273 256 3296 eomm-

0 3315 5 3329 .‘
45 3303 119 3322 ment.
132 3306 195 3323 num.
210 3307 242 3322 vi.

1375 791 1377 831 ἶ
1402 803 1484 827 esse
1512 791 1624 828 vitale
1657 804 1727 840 per
1759 792 1940 829 animam.
1978 793 2070 829 Non
2099 800 2153 828 est
2180 801 2310 830 autem
2339 792 2392 829 sic
2418 793 2467 829 de

283 841 405 877 multis
441 841 559 877 modis
587 842 707 877 unitas
743 841 989 890 intelligatur,
1025 844 1089 890 qui
1122 843 1348 890 iniquitatem
1375 834 1377 878 i
1403 843 1595 880 albedine:
1633 844 1724 893 quia
1750 844 1854 881 aliud
1883 852 1937 881 est
1965 858 2046 882 esse
2075 845 2160 891 albi,
2190 853 2226 882 et
2253 845 2356 881 aliud
2385 857 2466 882 esse

282 894 509 943 Apollinam'i
525 899 558 930 et
571 894 784 942 Eutychetis
805 900 1016 943 sequuntur,
1033 896 1348 943 interemptionem
1375 909 1377 937 3

1376 947 1451 984 tab
1489 957 1643 986 aeterno
1681 962 1762 987 esse
1799 951 2035 999 completum
2077 950 2210 987 habuit
2251 951 2464 987 secundum

283 959 413 984 eorum
433 959 528 995 quae
545 953 796 984 convenerunt
814 947 983 993 colentes,
1000 947 1121 995 (idest,
1133 947 1348 983 interimen-

283 1006 339 1037 tes
358 1006 562 1048 utramque
581 1000 785 1047 naturam),
806 1001 981 1036 unionem
1000 1000 1202 1036 secundum
1221 1001 1349 1048 confu-

281 1054 424 1090 sionem
442 1052 586 1096 dicunt,·
604 1053 791 1089 Theodori
807 1058 929 1089 autem
943 1058 977 1089 et
986 1053 1152 1090 Nestorii
1163 1064 1347 1101 sequaces,

282 1105 460 1143 divisione
476 1105 695 1154 gaudentes,
723 1104 957 1153 affectualem
985 1107 1160 1142 unitatem
1189 1106 1350 1142 introdu-

283 1164 391 1200 cunt,·
411 1164 540 1194 sancta
568 1171 656 1195 vero
675 1159 749 1194 Dei
763 1158 942 1203 Ecclesia,
964 1160 1150 1207 utriusque
1167 1158 1351 1209 perfidiae
1376 1186 1377 1189 η

282 1212 504 1260 impietatem
533 1212 717 1256 reiiciens,
748 1212 923 1247 unionem
951 1211 1025 1246 Dei
1057 1212 1166 1247 Verbi
1193 1212 1244 1248 ad
1269 1223 1350 1248 car-

283 1275 368 1300 nem
394 1263 596 1300 secundum
624 1264 926 1312 compositionem
950 1264 1154 1311 confitetur,
1176 1264 1275 1313 quod
1300 1270 1351 1300 est

280 1316 484 1353 secundum
509 1317 788 1352 subsistentiam.

337 1368 400 1405 Sic
436 1368 548 1416 igitur
574 1375 677 1423 patet
713 1369 820 1417 quod
849 1368 1018 1405 secunda
1052 1368 1167 1405 trium
1203 1368 1350 1418 opinio-

283 1433 380 1458 num
400 1433 496 1470 quas
525 1422 704 1469 Maglster
722 1421 841 1470 ponit,
862 1434 962 1470 quae
991 1421 1121 1458 asserit
1142 1434 1262 1458 unam
1283 1423 1349 1471 hy-
1376 1442 1377 1461 ι

282 1474 468 1523 postasim
487 1473 559 1510 Dei
579 1481 615 1511 et
643 1474 823 1521 hominis,
844 1486 925 1510 non
945 1482 1000 1510 est
1021 1474 1183 1511 dicenda
1203 1474 1348 1523 opinio,

282 1527 350 1564 sed
388 1526 573 1564 sententia
610 1526 829 1564 Catholicae
866 1527 969 1564 fidei.
1013 1527 1191 1564 Similiter
1235 1527 1348 1564 etiam

282 1579 408 1629 prima
444 1579 598 1629 opinio,
628 1592 728 1629 quae
767 1580 876 1629 ponit
903 1580 1000 1616 duas
1038 1581 1284 1629 hypostases3
1315 1588 1351 1617 et

281 1633 409 1680 tertia,
439 1645 539 1682 quae
575 1632 685 1681 ponit
711 1633 900 1670 unionem
937 1633 1231 1678 accidentalem;
1268 1645 1349 1670 non

282 1692 372 1722 sunt
399 1685 584 1722 dicendae
613 1685 827 1734 opiniones,
852 1685 919 1722 sed
947 1686 1124 1723 haereses
1143 1685 1162 1707 ²¹²
1181 1686 1220 1722 in
1251 1686 1350 1723 Con-

282 1738 375 1775 ciliis
403 1738 451 1775 ab
480 1737 649 1775 Ecclesia
676 1738 890 1775 damnatae.

335 1792 392 1828 AD
421 1803 555 1828 PRtMUM
584 1803 681 1828 ERGO
714 1803 895 1828 DICENDUM
929 1791 1056 1840 quod,
1086 1791 1182 1827 sicut
1210 1792 1349 1828 Dama·
1375 1827 1377 1843 λ

40 1854 253 1909 ἱῐθῖιξίὲἔρςξςῗ.
282 1855 420 1881 scenus
438 1843 538 1890 dicit,
550 1843 590 1879 in
604 1845 649 1879 111
664 1843 760 1880 libro
775 1843 810 1879 *z
833 1856 906 1880 non
928 1855 1073 1880 necesse
1090 1849 1213 1880 autem
1233 1846 1349 1881 omni-

271 1897 421 1945 fariam
436 1902 469 1933 et
487 1896 702 1943 indefective
714 1897 915 1933 assimilari
927 1896 1120 1945 exempla:
1139 1897 1238 1945 quod
1249 1898 1349 1933 enim

281 1951 319 1986 in
348 1950 518 1986 omnibus
535 1949 664 1995 simile,
685 1949 804 1986 idem‘
831 1951 952 1998 utique
971 1951 1049 1995 erit,
1071 1955 1104 1985 et
1131 1962 1206 1986 non
1226 1962 1348 1986 exem·

275 2002 395 2052 plum.
424 2004 473 2040 Et
499 2003 666 2038 maxime
693 2004 730 2038 in
759 2002 912 2040 divinis.-
939 2003 1160 2052 impossibile
1187 2004 1284 2038 enim
1304 2004 1348 2039 si-

281 2055 369 2092 mile
396 2055 608 2104 exemplum
636 2056 803 2092 invenire
825 2061 859 2091 et
877 2057 914 2091 in
939 2057 974 2092 T
970 2055 1156 2105 heologia,
1184 2054 1281 2092 idest
1309 2055 1348 2092 in

281 2107 418 2146 deitate
446 2109 716 2154 Personarum,
737 2113 771 2144 et
798 2110 834 2144 in
863 2109 1156 2157 Dispensatione,
1185 2107 1281 2144 idest
1308 2108 1348 2145 in

282 2160 465 2210 mysterio
493 2160 773 2197 incarnationis.
804 2161 988 2197 Humana
1015 2161 1126 2208 igitur
1153 2168 1290 2197 natura
1308 2161 1348 2198 in

284 2213 436 2250 Christo
465 2213 693 2250 assimilatur
716 2213 871 2260 habitui,
893 2213 988 2250 idest
1006 2213 1246 2260 vestimento,
1267 2226 1347 2250 non
1372 2225 1374 2234 ¹

1372 2291 1373 2296 =
1399 2266 1482 2314 Dei,
1504 2267 1571 2304 sed
1599 2266 1896 2303 instrumentum
1927 2265 2018 2302 eius.
2049 2266 2168 2303 Unde
2198 2265 2395 2316 Cyrillus*
2414 2266 2466 2303 di-

2348 2320 2467 2356 Hunc
2494 2326 2502 2335 ·
2518 2323 2591 2351 Epist.
2606 2323 2625 2344 1.

283 2266 442 2315 quidem
467 2273 656 2315 quantum
676 2266 725 2302 ad
744 2266 1016 2303 accidentalem
1044 2266 1249 2303 unionem:
1279 2267 1347 2303 sed

282 2326 473 2368 quantum
501 2319 549 2355 ad
577 2319 664 2365 hoc,
685 2319 792 2368 quod
811 2319 985 2356 Verbum
1013 2319 1165 2356 videtur
1187 2331 1256 2368 per
1274 2320 1346 2356 hu-

281 2384 441 2411 manam
471 2379 660 2418 naturam,
691 2371 787 2408 sicut
814 2373 936 2409 homo
964 2384 1034 2421 per
1059 2372 1344 2410 vestimentum.

282 2424 331 2462 Et
358 2424 473 2462 etiam
508 2432 697 2473 quantum
725 2425 774 2461 ad
802 2425 895 2471 hoc,
931 2425 1039 2474 quod
1073 2425 1346 2462 vestimentum

282 2484 467 2524 mutatur,
497 2477 588 2526 quia
615 2477 754 2514 scilicet
787 2477 974 2514 formatur
1007 2478 1222 2514 secundum
1250 2478 1346 2526 figu-

283 2541 367 2566 ram
387 2529 468 2567 eius
494 2529 561 2579 qui
588 2529 711 2567 induit
739 2530 878 2579 ipsum,
900 2530 966 2580 qui
985 2543 1007 2567 a
1027 2543 1096 2567 sua
1123 2531 1247 2567 forma
1266 2543 1346 2568 non

283 2590 454 2619 mutatur
486 2590 643 2632 propter
676 2583 965 2621 vestimentum:
1003 2591 1039 2620 et
1073 2583 1241 2620 similiter
1275 2585 1346 2621 hu-

283 2647 400 2672 mana
418 2642 554 2672 natura
572 2643 768 2685 assumpta
787 2649 809 2673 a
822 2636 952 2674 Verbo
972 2636 1044 2673 Dei
1064 2644 1118 2673 est
1137 2636 1344 2681 meliorata,

335 2748 362 2782 η)
381 2749 461 2782 quod.
473 2762 492 2767 -
510 2748 609 2773 scilicet
626 2749 698 2781 quod
715 2749 737 2773 E
756 2754 782 2774 et
799 2750 882 2775 tertia.

335 2784 361 2818 θ)
380 2791 443 2810 esse.
455 2798 476 2804 -
493 2784 555 2809 Om.
573 2784 656 2809 tertia.

335 2819 355 2855 ι)
375 2820 453 2846 idem.
471 2834 490 2839 -
507 2819 594 2844 Tertia
617 2818 682 2852 (om.
701 2818 736 2854 l);
761 2827 907 2846 commune.
932 2821 991 2845 Mox
1009 2825 1034 2846 et
1049 2828 1100 2846 non
1120 2822 1272 2853 exemplum
1291 2829 1345 2846 om.

1403 896 1571 932 hominis
1600 897 1661 933 cui
1683 897 1837 934 advenit
1865 898 2013 934 albedo.
2044 898 2218 934 Verbum
2246 905 2376 935 autem
2395 897 2467 934 Dei

1403 1001 1642 1049 hypostasim
1677 1002 1756 1039 sive
1791 1015 2015 1051 personam:
2053 1016 2099 1039 ex
2131 1011 2304 1052 tempore
2337 1011 2467 1040 autem

1376 1097 1377 1106 ἵ
1403 1053 1558 1090 advenit
1586 1054 1620 1090 ei
1647 1062 1783 1091 natura
1813 1056 1995 1101 humana,
2025 1068 2105 1092 non
2133 1055 2243 1104 quasi
2271 1063 2466 1104 assumpta

1404 1106 1452 1142 ad
1480 1118 1606 1143 unum
1642 1119 1723 1143 esse
1757 1115 1873 1156 prout
1905 1116 1960 1143 est
1992 1116 2165 1155 naturae,
2197 1108 2292 1144 sicut
2326 1121 2466 1157 corpus

1404 1159 1611 1195 assumitur
1645 1160 1694 1196 ad
1727 1172 1808 1196 esse
1844 1160 2013 1206 animae3
2050 1161 2116 1197 sed
2149 1161 2197 1197 ad
2225 1173 2350 1197 unum
2385 1173 2466 1198 esse

1403 1219 1519 1260 prout
1552 1219 1606 1248 est
1638 1212 1852 1261 hypostasis
1880 1214 1942 1249 vel
1969 1225 2167 1261 personae.
2205 1214 2252 1249 Et
2280 1213 2366 1250 ideo
2395 1214 2466 1250 hu-

1403 1276 1519 1301 mana
1538 1272 1674 1301 natura
1702 1277 1781 1301 non
1805 1264 1935 1301 unitur
1963 1265 2239 1302 accidentaliter
2266 1265 2362 1302 Filio
2382 1265 2465 1302 Dei.

1456 1318 1514 1353 Ab
1541 1329 1701 1354 TERTIUM
1729 1330 1910 1355 DICENDUM
1938 1318 2045 1366 quod
2078 1318 2252 1354 accidens
2287 1318 2468 1355 dividitur

1403 1377 1536 1406 contra
1570 1370 1832 1407 substantiam.
1869 1370 2088 1407 Substantia
2122 1378 2268 1417 autem,
2298 1378 2339 1407 ut
2366 1379 2468 1420 patet

1403 1423 1438 1459 V
1465 1424 1678 1472 Metaphys.
1707 1423 1742 1469 ²⁸,
1781 1423 1980 1472 dupliciter
2016 1423 2170 1460 dicitur:
2214 1436 2294 1466 uno
2332 1424 2465 1467 modo,

1403 1475 1565 1512 essentia
1584 1481 1600 1496 χ
1628 1475 1707 1513 sive
1735 1483 1888 1522 natura3
1918 1476 1992 1512 alio
2021 1476 2152 1523 modo,
2172 1488 2243 1525 pro
2267 1476 2465 1526 supposito

1403 1527 1483 1565 sive
1503 1528 1710 1577 hypostasi.
1740 1529 1851 1566 Unde
1877 1528 2013 1565 sufficit
2033 1529 2081 1565 ad
2101 1530 2177 1566 hoc
2196 1530 2303 1578 quod
2322 1542 2402 1566 non
2422 1529 2467 1566 sit

1402 1581 1496 1617 unio
1526 1581 1777 1627 accidentalis,
1798 1582 1905 1630 quod
1933 1581 1979 1617 sit
2005 1581 2101 1618 sacta
2128 1581 2221 1618 unio
2251 1583 2466 1619 secundum

1402 1634 1658 1682 hypostasim,
1689 1634 1773 1671 licet
1806 1646 1886 1670 non
1920 1634 1966 1670 sit
1992 1634 2087 1670 facta
2121 1634 2215 1671 unio
2251 1635 2466 1671 secundum

1403 1694 1592 1723 naturam.

1455 1740 1512 1775 AD
1542 1751 1714 1781 QUARTUM
1741 1750 1923 1776 DICENDUM
1959 1739 2065 1787 quod
2098 1750 2179 1775 non
2214 1751 2331 1776 omne
2360 1740 2467 1788 quod

1402 1791 1610 1827 assumitur
1644 1798 1685 1827 ut
1719 1790 2034 1837 instrumentum,
2063 1791 2225 1839 pertinet
2260 1792 2308 1828 ad
2344 1793 2466 1841 hypo-

1375 1854 1377 1881 ξ
1403 1843 1533 1880 stasim
1562 1843 1801 1889 assumentis,
1823 1843 1918 1880 sicut
1937 1851 2038 1892 patet
2057 1844 2105 1880 de
2126 1843 2248 1880 securi
2268 1852 2304 1880 et
2321 1845 2464 1892 gladio:

1402 1896 1497 1933 nihil
1533 1903 1663 1933 tamen
1699 1896 1877 1945 prohibet
1912 1896 2004 1933 illud
2040 1897 2146 1945 quod
2182 1897 2388 1933 assumitur
2418 1898 2467 1934 ad

1401 1949 1587 1986 unitatem
1615 1949 1841 1999 hypostasis,
1863 1961 1902 1985 se
1922 1949 2063 1986 habere
2092 1957 2134 1985 ut
2156 1948 2464 1997 instrumentum,

1401 2001 1498 2038 sicut
1525 2014 1666 2051 corpus
1695 2001 1863 2038 hominis
1890 2003 1952 2038 vel
1986 2002 2162 2039 membra
2200 2002 2293 2039 eius.
2330 2003 2467 2040 Nesto-

1401 2055 1479 2092 rius
1507 2054 1618 2102 igitur
1645 2054 1773 2104 posuit
1806 2055 1914 2103 quod
1951 2062 2087 2091 natura
2114 2055 2287 2092 humana
2324 2063 2378 2092 est
2410 2068 2467 2092 as-

1399 2115 1555 2156 sumpta
1582 2120 1605 2144 a
1636 2108 1765 2144 Verbo
1794 2109 1920 2144 solum
1948 2120 2017 2156 per
2045 2108 2209 2144 modum
2237 2108 2467 2145 instrumen-

1399 2161 1441 2207 ti,
1461 2173 1543 2197 non
1570 2168 1701 2197 autem
1734 2161 1783 2197 ad
1811 2160 1997 2197 unitatem
2032 2160 2259 2209 hypostasis
2303 2162 2351 2197 Et
2378 2161 2465 2198 ideo

1400 2226 1481 2250 non
1505 2213 1740 2250 concedebat
1759 2213 1866 2262 quod
1886 2214 2007 2250 homo
2028 2213 2088 2250 ille
2114 2225 2206 2250 vere
2234 2221 2331 2250 esset
2349 2214 2467 2250 Filius

1399 2319 1458 2366 cit,
1478 2319 1518 2356 in
1545 2319 1710 2369 Epistola
1747 2319 1798 2356 ad
1830 2320 2043 2356 Monachos
2075 2319 2243 2368 Aegypti
2269 2320 2306 2355 ²¹⁴:

1398 2373 1656 2418 Emanuelem,
1677 2372 1773 2409 idest
1797 2371 2003 2417 Christum,
2025 2384 2099 2408 non
2128 2377 2305 2420 tanquam
2334 2373 2465 2408 instru-

1399 2427 1514 2462 menti
1526 2426 1652 2473 osficio
1671 2431 1856 2474 sumptum
1871 2425 1956 2461 dicit
1975 2426 2185 2473 Scriptura:
2201 2424 2267 2460 sed
2287 2430 2464 2473 tanquam

1398 2480 1521 2515 Deum
1549 2490 1636 2516 vere
1662 2479 1925 2523 humanatum,
1955 2477 2050 2514 idest
2079 2476 2280 2513 hominem
2307 2477 2461 2513 factum.

1399 2532 1664 2568 Damascenus
1702 2538 1831 2567 autem
1872 2529 2000 2578 posuit
2038 2537 2214 2566 naturam
2251 2530 2464 2566 humanam

1399 2584 1439 2621 in
1473 2583 1624 2620 Christo
1645 2595 1727 2620 esse
1754 2583 1848 2620 sicut
1875 2583 2170 2619 instrumentum
2201 2582 2249 2618 ad
2280 2581 2464 2619 unitatem

1399 2636 1613 2686 hypostasis
1641 2635 1845 2685 pertinens.

1398 2751 1477 2780 ACa,·
1504 2750 1539 2774 Et
1558 2750 1678 2774 maxime
1701 2750 1727 2774 in
1752 2749 1851 2774 divinis
1869 2756 1922 2773 orn.
1942 2748 2073 2778 ABDEH;
2098 2748 2129 2772 cf.
2149 2755 2192 2779 qu.
2210 2755 2270 2776 xxn.
2283 2752 2330 2772 art.
2350 2754 2373 2777 ι,
2387 2748 2419 2772 ad
2439 2755 2463 2779 2,

1398 2786 1506 2810 Addunt
1524 2786 1550 2810 in
1570 2785 1692 2810 omnibus
1710 2790 1769 2809 ante
1787 2785 1873 2809 simile
1891 2784 1956 2813 EGl,
1970 2789 2029 2815 post
2047 2783 2167 2807 invenire
2184 2783 2229 2807 FH
2250 2787 2275 2807 et
2293 2783 2428 2808 editiones.

1452 2819 1478 2855 κ)
1497 2821 1620 2846 essentia.
1639 2834 1658 2839 —
1674 2827 1727 2852 per
1751 2819 1892 2844 essentiam
1917 2819 1966 2851 pG,
1987 2822 2071 2850 prout
2094 2818 2208 2843 essentia
2232 2818 2249 2846 Ι,
2269 2825 2324 2849 pro
2349 2818 2464 2843 essentia

1399 2861 1483 2881 cetera
1501 2857 1584 2881 tertia.

957 2926 1291 2959 commentaria
1312 2926 1564 2959 cardinalis
1587 2925 1787 2958 Caietani

312 3017 333 3037 »z
354 3007 448 3037 titulo
465 3005 587 3036 articuli
607 3005 685 3035 sexti
706 3005 741 3048 ly
760 3000 1004 3036 'accidentaliter
1025 3007 1160 3036 sumitur
1179 3011 1216 3036 ut
1235 3006 1344 3036 distin—

284 3018 420 3091 Iguitur
443 3055 553 3081 contra
579 3049 851 3086 substantialiter:
883 3049 927 3078 ita
949 3049 1039 3089 quod
1068 3050 1185 3080 modus
1209 3051 1344 3080 coniun-

282 3095 396 3125 ctionis
418 3095 452 3124 in
471 3088 693 3134 quaestionem
715 3093 863 3127 vertitur,
888 3102 928 3122 an
950 3093 1175 3129 substantialis,
1200 3104 1240 3123 an
1263 3095 1344 3124 acci-

282 3138 415 3169 dentalis
441 3139 489 3168 sit.
528 3138 592 3168 Ubi
617 3136 743 3167 adverte
771 3136 874 3177 quod,
901 3142 1073 3176 postquam
1099 3137 1344 3168 determinatum

283 3188 330 3213 est
344 3183 361 3200 ⁶
384 3181 474 3222 quod
496 3182 637 3212 humana
658 3186 770 3211 natura
790 3185 837 3210 est
852 3181 1025 3210 coniuncta
1046 3180 1128 3210 Filio
1146 3181 1206 3211 Dei
1224 3182 1258 3211 in
1273 3191 1344 3221 per-

281 3236 371 3262 sona,
388 3227 549 3266 quaeritur
569 3235 609 3256 an
632 3226 671 3255 sit
694 3225 865 3255 coniuncta
888 3225 917 3254 ei
933 3224 1175 3254 substantialiter
1196 3225 1247 3255 vel
1263 3226 1344 3255 acci—

282 3270 456 3301 dentaliter.
480 3270 522 3301 Et
536 3270 599 3300 hoc
615 3270 700 3309 quia,
724 3274 760 3298 ut
775 3273 861 3308 patet
878 3278 916 3298 ex
931 3269 1076 3308 superius
1092 3269 1108 3284 ⁴*
1131 3269 1285 3308 assignata
1300 3269 1344 3298 la-

281 3314 417 3345 titudine
439 3315 605 3345 unitorum
629 3314 723 3343 alicui
745 3313 778 3342 in
793 3322 939 3353 persona,
964 3311 1084 3352 aliquid
1098 3313 1207 3342 unitur
1222 3312 1344 3342 Socrati

281 3359 316 3389 in
338 3368 474 3399 persona
497 3357 744 3393 accidentaliter,
767 3362 804 3386 ut
831 3356 944 3386 albedo
969 3361 999 3386 et
1021 3356 1143 3395 reliqua
1171 3355 1344 3386 accidentia
1369 3369 1370 3375 .

283 3411 366 3442 quae
388 3408 463 3433 sunt
476 3403 512 3432 in
527 3402 672 3433 Socrate:
699 3406 730 3431 et
745 3400 865 3440 aliquid
887 3401 995 3430 unitur
1011 3400 1133 3430 Socrati
1155 3400 1189 3430 in
1207 3409 1343 3440 persona

283 3447 535 3482 substantialiter,
552 3451 588 3476 ut
609 3446 753 3475 membra
776 3455 832 3475 sua
855 3450 886 3475 et
901 3450 1012 3474 natura
1035 3453 1100 3474 sua.
1131 3443 1220 3474 Haec
1236 3449 1343 3474 autem

283 3499 366 3530 quae
389 3490 540 3526 dicimus,
564 3494 673 3530 patent
696 3499 734 3519 ex
756 3498 794 3519 eo
818 3488 923 3529 quod,
948 3487 1101 3523 dicendo,
1125 3487 1274 3518 Socrates
1297 3493 1345 3518 est

284 3534 375 3564 albus
397 3539 451 3564 aut
473 3543 627 3576 magnus,
651 3534 854 3564 enuntiamus
878 3542 944 3563 esse
972 3532 1164 3562 accidentale
1187 3532 1341 3562 Socratis:

1398 3005 1534 3036 dicendo
1559 3011 1675 3041 autem,
1700 3005 1849 3034 Socrates
1869 3009 1916 3034 est
1933 3003 2092 3043 capitatus
2111 3008 2166 3033 aut
2187 3003 2293 3038 homo,
2318 3005 2462 3034 enuntia-

1397 3059 1470 3079 mus
1488 3050 1660 3089 utrobique
1679 3058 1747 3078 esse
1770 3048 1972 3078 substantiale
1996 3047 2142 3077 Socratis.
2166 3047 2251 3084 Quia
2273 3048 2369 3087 igitur
2390 3057 2462 3087 per-

1398 3103 1495 3124 sonae
1518 3098 1624 3133 potest
1654 3091 1773 3132 aliquid
1795 3092 1829 3121 in
1851 3101 1988 3131 persona
2018 3092 2101 3121 uniri
2123 3097 2189 3121 tam
2219 3092 2462 3122 substantialiter

1399 3147 1495 3178 quam
1519 3136 1761 3172 accidentaliter,
1778 3135 1852 3166 ideo
1876 3136 2001 3171 merito,
2021 3140 2193 3175 postquam
2210 3135 2399 3165 conclusum
2416 3141 2462 3165 est

1397 3187 1543 3211 naturam
1558 3181 1731 3210 humanam
1753 3189 1819 3210 esse
1834 3180 1957 3210 unitam
1973 3179 2055 3209 Filio
2072 3179 2133 3209 Dei
2151 3181 2185 3209 in
2201 3189 2346 3219 persona,
2364 3189 2462 3219 quae-

1397 3226 1475 3255 ritur
1491 3235 1531 3254 an
1550 3225 1589 3254 sit
1610 3225 1656 3254 illi
1678 3225 1768 3254 unita
1790 3224 2043 3259 substantialiter,
2068 3233 2108 3253 an
2131 3223 2374 3254 accidentaliter.
2398 3224 2461 3254 Hic

1399 3274 1445 3299 est
1468 3278 1578 3298 sensus
1601 3268 1694 3298 tituli.

1453 3313 1490 3342 II.
1514 3313 1549 3342 In
1572 3321 1708 3352 corpore
1738 3311 1860 3342 articuli
1883 3317 1946 3342 tres
1973 3317 2046 3342 sunt
2069 3311 2258 3352 principales
2281 3316 2398 3350 partes:
2427 3312 2461 3342 in

1396 3357 1499 3396 prima
1521 3362 1685 3386 narrantur
1707 3355 1789 3386 duae
1811 3356 1956 3386 haereses
1978 3361 2135 3386 extremae
2163 3356 2245 3386 circa
2266 3356 2459 3395 quaesitum;

1396 3402 1430 3430 in
1453 3400 1593 3430 secunda
1616 3400 1655 3430 ad
1678 3400 1808 3430 alteram
1835 3410 1944 3430 earum
1966 3399 2162 3430 reducuntur
2185 3399 2266 3429 duae
2290 3400 2460 3439 opiniones

1398 3449 1554 3475 extremae
1586 3445 1708 3484 positae
1737 3454 1755 3474 a
1778 3444 1927 3483 Magistro
1960 3444 2195 3474 Sententiarum
2218 3443 2252 3473 in
2270 3452 2303 3473 vt
2324 3443 2395 3474 dist.
2419 3443 2460 3473 111

1398 3489 1483 3519 Sent.
1507 3489 1533 3525 *;
1555 3489 1590 3519 in
1612 3489 1702 3519 tertia
1725 3489 1855 3528 ponitur
1877 3488 2031 3517 sententia
2054 3487 2128 3518 fidei
2143 3488 2187 3517 st.

1451 3532 1570 3570 Quoad
1592 3533 1742 3573 primum,
1767 3532 1849 3563 clare
1873 3537 1996 3562 constat
2019 3531 2125 3561 allatas
2148 3532 2292 3561 haereses
2315 3539 2383 3561 esse
2407 3540 2460 3561 ex—

2496 1432 2504 1440 ·
2514 1431 2538 1452 S.
2546 1430 2590 1452 Th.
2603 1432 2655 1453 lect.
2664 1438 2686 1453 x.
2694 1443 2705 1448 —

2494 1457 2547 1478 Did.
2557 1458 2595 1478 lib.
2603 1458 2642 1485 lV,
2652 1464 2703 1486 cap.

2494 1489 2542 1510 vin,
2559 1490 2580 1505 n.
2596 1490 2615 1512 5.

2494 2273 2503 2282 ”
2516 2273 2606 2293 Alexan
2613 2273 2668 2294 irin.

2488 3486 2496 3495 ¹
2513 3485 2547 3506 cil
2569 3491 2631 3506 num.
2647 3491 2696 3512 seq.

2489 3514 2508 3523 ⁸⁸
2523 3511 2559 3533 Cf.
2574 3517 2636 3532 num.
2652 3517 2682 3531 ιν.
