2872 3970
210 375 339 412 crura.
363 369 412 405 Et
438 368 559 406 Marci
586 380 634 405 xv
651 368 672 391 ’¹‘
699 368 837 405 dicitur
863 369 971 427 quod
993 370 1132 407 Pilatus
1159 373 1270 408 mira-

204 577 335 616 »subito
362 577 474 614 cessit
499 585 735 615 nocumento
764 578 876 615 illato.

242 751 375 790 ‘..mus
393 751 596 786 occasionem
615 753 750 792 sumpsit
769 762 808 783 ex
829 753 1014 793 Evangelio,
1030 754 1064 784 in
1087 763 1154 793 quo
1174 754 1266 785 Chri-

138 798 163 834 :ss
196 802 226 832 ἰ’
247 801 334 829 :stus
355 794 444 829 dicit:
468 795 572 826 Nemo
596 796 682 830 tollit
703 796 846 827 animam
869 806 971 828 meam
994 807 1015 828 a
1037 806 1096 828 me.

143 863 160 877 ,,
208 856 233 875 f«
255 839 297 871 :In
319 847 456 879 corpore
478 839 602 871 articuli
631 849 699 870 una·
726 841 858 879 ponitur
880 841 1039 872 distinctio
1063 842 1265 872 bimembris:

205 882 397 924 iuxtaquae
418 883 563 914 membra
583 883 795 923 respondetur
818 886 962 924 quaesito
986 885 1110 915 duabus
1134 886 1265 916 conclu-

141 924 169 954 τ-Ϊ.
205 927 358 963 sionibus,
375 935 450 957 cum
465 927 644 957 corollario.
669 928 837 958 Distinctio
855 935 910 959 est.
935 928 1040 959 Causa
1055 929 1188 959 alicuius
1207 928 1266 959 du-

205 971 343 1012 pliciter:
369 970 486 1001 directe
509 971 647 1011 agend0;
671 972 722 1002 vel
745 971 906 1008 indirecte,
923 973 1052 1008 scilicet,
1068 982 1136 1003 non
1158 973 1266 1013 prohi-

142 1032 163 1047 -.,
205 1013 311 1046 bendo
335 1023 411 1045 cum
432 1020 550 1054 posset.

140 1070 167 1092 s
216 1082 219 1085 Δ
258 1057 364 1089 Prima
386 1058 567 1094 conclusio:
595 1058 741 1090 Christus
754 1059 828 1100 fuit
850 1060 890 1090 ab
912 1060 1004 1096 aliis,
1029 1070 1093 1091 non
1118 1070 1139 1091 a
1161 1061 1264 1101 seipso

205 1102 338 1138 occisus,
361 1102 489 1132 directe.
513 1102 677 1133 Probatur.
711 1103 796 1141 Quia
819 1109 1036 1144 persecutores
1059 1105 1127 1134 eius
1150 1105 1265 1135 intule-

138 1147 167 1187 ’ῃ
198 1151 279 1179 ‘mut
300 1145 477 1176 intentione
501 1151 532 1176 et
555 1156 652 1187 opere
676 1147 796 1178 efficaci
817 1148 863 1178 illi
885 1153 1032 1178 mortem.

211 1214 217 1225 ,
259 1188 406 1221 Secunda
421 1190 586 1220 conclusio
603 1196 663 1221 est:
691 1191 837 1221 Christus
850 1191 924 1233 fuit
942 1201 1041 1222 causa
1059 1192 1172 1222 mortis
1187 1202 1266 1222 suae

164 1230 371 1270 indirecte,
393 1233 529 1270 scilicet,
554 1244 620 1265 non
638 1234 840 1275 prohibendo
863 1245 936 1266 cum
957 1241 1077 1276 posset.
1111 1236 1266 1266 Probatur

162 1275 291 1309 haec
304 1278 417 1308 ultima
438 1278 601 1318 particula,
617 1279 651 1308 in
675 1288 738 1318 qua
760 1284 827 1309 tota
850 1279 1016 1310 difficultas
1033 1280 1185 1315 consistit,
1205 1281 1265 1310 sci—

192 1321 293 1353 licet:
318 1331 390 1353 cum
409 1327 527 1363 posset.
550 1322 706 1353 Probatur
729 1328 836 1353 autem
859 1323 1036 1363 dupliciter.
1060 1324 1101 1354 Et
1124 1333 1161 1353 ex
1177 1329 1265 1363 parte

165 1359 439 1398 bdeidentium·
464 1366 540 1406 quia
561 1371 686 1406 poterat
708 1367 889 1407 repn'mere‚
906 1367 957 1397 vel
979 1368 1012 1398 in
1035 1367 1198 1397 voluntate
1214 1367 1264 1398 vel

168 1414 367 1451 potestate.
390 1427 415 1432 —
435 1409 478 1440 Et
500 1419 538 1440 ex
560 1415 650 1450 parte
671 1411 796 1441 animae
819 1421 910 1442 suae·
942 1412 1018 1451 quia
1038 1411 1173 1462 ‘spiritus
1197 1412 1264 1442 eius

161 1453 339 1493 hahebat
358 1459 551 1495 potestatem
574 1454 782 1486 conservandi
799 1460 945 1486 naturam
961 1456 1062 1486 carnis
1078 1465 1163 1486 suae.
1187 1455 1264 1486 Pro-

159 1494 307 1535 ,διιιιιε
332 1498 408 1539 quia
431 1503 496 1528 erat
517 1498 606 1528 unita
628 1498 746 1535 Verbo,
771 1500 956 1530 auctoritate
978 1499 1159 1543 Augustini.

143 1546 176 1553 ”
259 1541 475 1573 Corollarium
498 1547 559 1572 est:
590 1542 737 1573 Christus
759 1542 878 1573 dicitur
901 1538 1083 1574 voluntarie
1106 1548 1262 1574 mortuus.

142 1598 170 1612 =1
201 1583 366 1618 Probatur.
389 1585 475 1624 Quia
497 1595 566 1616 non
580 1586 697 1626 repulit
711 1592 946 1618 nocumentum
961 1597 979 1617 a
995 1596 1130 1627 corpore
1148 1587 1262 1623 anima,

201 1623 259 1663 tud
279 1629 383 1661 voluit
405 1638 523 1669 corpus
545 1631 765 1660 succumbere.

228 1673 295 1710 5411.
318 1673 414 1709 Circa
435 1673 611 1704 secundam
634 1674 878 1707 conclusionem
907 1674 1042 1705 dubium
1066 1676 1204 1706 occurrit
1225 1684 1263 1705 ex

128 1729 163 1760 ιι
238 1723 313 1764 oto,
334 1718 370 1748 in
392 1717 433 1749 111
456 1717 558 1754 Sent„
582 1717 653 1749 dist.
675 1728 737 1754 xv1,
762 1728 817 1758 qu.
840 1729 872 1754 11,
896 1724 1024 1749 tenente
1048 1719 1137 1759 quod
1158 1719 1264 1758 anima

150 1773 157 1776 ·
270 1762 320 1797 sti
342 1771 410 1794 non
439 1761 550 1792 habuit
571 1767 762 1802 potestatem
785 1762 1005 1802 praeservandi
1029 1772 1145 1803 corpus
1168 1772 1263 1793 suum

222 1794 364 1837 morte·
388 1811 420 1836 et
442 1810 610 1846 propterea
631 1813 700 1836 non
716 1811 762 1836 est
784 1811 930 1836 mortuus
953 1806 1131 1836 voluntarie
1155 1816 1263 1837 causa·

153 1843 288 1886 fier
311 1849 367 1880 sed
390 1848 543 1880 affective.
579 1849 664 1888 Quia
687 1859 754 1880 non
778 1849 838 1880 fuit
860 1849 1012 1880 indirecte
1036 1860 1130 1880 causa
1152 1851 1263 1880 mortis

171 1897 287 1930 me,
305 1899 343 1924 ut
363 1894 487 1924 Auctor
509 1892 595 1930 dicit,
611 1893 667 1924 sed
690 1894 887 1933 complacuit
907 1894 967 1924 sibi
986 1903 1042 1924 sua
1057 1903 1157 1924 mors:
1182 1895 1264 1924 sicut

161 1938 298 1975 &efflui
317 1938 419 1968 sancti
435 1942 588 1978 martyres
603 1937 753 1969 dicuntur
770 1938 947 1968 voluntarie
962 1938 1055 1968 mori.
1078 1938 1192 1977 Arguit
1208 1947 1263 1968 au-

138 1986 164 2007 Γ
186 1984 276 2028 {91¹¹-
283 1981 328 2014 ad
343 1982 415 2013 hoc
436 1980 604 2026 dupliciter
619 1982 647 2012 ἦ
670 1981 719 2012 Ex
735 1986 824 2022 parte
847 1981 979 2022 quidem
1002 1982 1162 2022 corporis:
1189 1982 1263 2022 quia

219 2035 318 2066 orpus
333 2021 466 2056 Christi'
473 2030 539 2055 erat
553 2026 730 2056 necessario
753 2026 915 2066 passivum
930 2026 1041 2056 mortis
1057 2026 1095 2056 ab
1111 2026 1172 2056 illis
1187 2026 1263 2056 acti-

221 2069 228 2076 '
280 2069 399 2100 scilicet
422 2068 563 2111 flagellis,
588 2069 693 2106 clavis,
711 2074 770 2100 etc.

230 2110 304 2153 ‘'Ex
324 2116 414 2153 parte
437 2121 514 2143 vero
537 2113 678 2143 animae.
712 2113 804 2153 quia,
829 2114 855 2143 si
877 2113 1035 2153 potuisse-t
1063 2122 1262 2152 praeservare

241 2164 319 2207 :pus
340 2157 380 2188 ab
395 2157 486 2188 omni
502 2157 676 2187 extrinseca
690 2157 852 2193 violentia,
869 2157 1036 2188 tenebatur
1053 2166 1087 2187 se
1103 2156 1262 2187 custodire

152 2235 157 2237 „
242 2203 405 2242 eorpore3
428 2210 464 2231 ac
487 2209 545 2241 per
566 2201 640 2236 hoc,
655 2210 723 2231 non
745 2201 926 2232 custodiens
946 2206 1117 2241 peccasset.
1140 2219 1164 2223 -
1185 2201 1263 2232 Pro-

131 2245 168 2284 st:
197 2244 291 2291 Nu*
313 2245 454 2286 sequela.
477 2244 562 2283 Quia
585 2245 720 2285 quilibet
741 2245 841 2277 homo
865 2250 991 2276 tenetur
1008 2254 1042 2275 se
1061 2244 1220 2275 custodire
1244 2254 1262 2275 a

266 2289 304 2321 'sz
339 2289 414 2330 quia
436 2294 578 2324 tenetur,
602 2294 676 2329 post
698 2289 807 2330 Deum
829 2294 860 2319 et
882 2289 1013 2325 animas,
1036 2288 1166 2328 diligere
1188 2298 1263 2329 pro-

139 2328 166 2360 ἓν
182 2325 306 2394 &rium
329 2341 446 2377 corpus
470 2341 508 2363 ex
532 2333 669 2363 caritate.

140 2376 153 2387 ·“
235 2377 306 2408 111.
329 2376 474 2408 Dubium
496 2375 638 2407 seeundo
661 2377 798 2407 occurrit
813 2376 853 2407 de
869 2377 990 2407 ratione
1007 2375 1261 2406 conclusionis.

155 2413 365 2460 Quoniam
385 2423 447 2451 nec
469 2421 548 2451 unio
572 2421 697 2451 animae
720 2420 838 2451 Christi
860 2420 900 2451 ad
919 2421 1062 2457 Verbum
1084 2419 1263 2450 manifestat

150 2484 153 2489 »
176 2465 339 2502 ,mam
361 2464 480 2496 Christi
497 2465 645 2495 habuisse
667 2465 749 2495 hanc
763 2470 966 2505 potestatem.
988 2483 1012 2487 —
1033 2464 1102 2494 Nec
1125 2464 1262 2494 auctori—

191 2513 247 2554 ³13⁵
267 2509 439 2550 Augustini
468 2509 512 2539 ita
538 2509 602 2539 hbe
627 2508 720 2539 tradit
749 2514 786 2539 ut
807 2518 877 2539 non
898 2509 998 2548 possit
1019 2508 1150 2548 glossari
1173 2508 1262 2548 quod

126 2559 171 2587 -ῑ,
194 2518 380 2594 intendit
360 2551 402 2584 de
423 2552 588 2583 voluntate
611 2552 790 2583 secundum
813 2551 980 2588 affectum,
1005 2557 1036 2583 et
1058 2561 1126 2582 non
1149 2561 1262 2583 secun-

143 2594 169 2638 s,
188 2590 276 2634 'dum
309 2605 447 2628 causam.
483 2596 572 2627 Sicut
602 2597 698 2627 etiam
724 2597 847 2627 Auctor
869 2590 1033 2636 superius,
1058 2597 1091 2626 in
1115 2605 1169 2636 qu.
1190 2606 1261 2632 xm,

134 2641 155 2676 17
198 2645 256 2671 ιιι,
274 2639 305 2678 3,
327 2638 367 2671 ad
386 2647 414 2676 1,
435 2638 554 2680 glossat
576 2638 827 2676 Damascenum,
851 2639 1012 2676 Esurivit,
1037 2639 1151 2675 sitivit,
1175 2649 1262 2670 mor-

133 2679 530 2721 ;‡‡'‡aew‘s1⁴est.christzas,
553 2684 631 2725 quia
653 2685 776 2715 uoluit:
797 2685 919 2725 glossa,
950 2685 1115 2715 voluntate
1141 2683 1260 2714 divina.

182 2726 294 2767 ivss‘ne
314 2733 422 2759 tamen
437 2728 560 2759 Auctor
581 2729 635 2759 hic
656 2729 815 2759 humanae
831 2728 949 2758 Christi
970 2728 1128 2759 voluntati
1142 2728 1261 2758 tribuit.

156 2780 168 2783 ¹*
232 2796 241 2813 ιη
254 2771 308 2804 lv.
324 2771 376 2803 Ad
398 2771 589 2803 evidentiam
611 2773 740 2809 horum,
752 2772 919 2803 sciendum
935 2778 982 2803 est
997 2771 1086 2812 quod
1102 2771 1141 2802 de
1157 2773 1262 2802 anima

201 2805 319 2857 Christi
341 2815 508 2856 dupliciter
530 2815 623 2856 loqui
644 2825 826 2856 possumus.
851 2815 978 2847 Scilicet
1001 2815 1178 2846 secundum
1201 2817 1262 2846 vir-

249 2862 312 2896 em,
325 2859 508 2891 naturalem
530 2859 582 2890 vel
604 2861 781 2900 gratuitam,
797 2861 832 2891 in
847 2869 884 2890 ea
898 2865 1097 2890 manentem:
1123 2869 1185 2899 qua
1202 2860 1261 2889 sci-

228 2900 231 2906 ’
280 2900 365 2945 fipsa
388 2902 502 2934 dicitur
524 2909 648 2944 potens.
673 2904 714 2934 Et
734 2905 779 2934 sic
799 2905 904 2934 anima
919 2903 1037 2934 Christi
1050 2913 1119 2933 non
1138 2908 1262 2943 poterat

195 2951 398 2988 panesa-vare
429 2956 546 2987 corpus
572 2957 667 2978 suum
694 2958 712 2978 a
734 2948 873 2983 laesivis‚
897 2947 958 2978 nisi
980 2947 1113 2987 gloriam
1137 2948 1261 2978 animae

222 2991 372 3027 enittendo
394 2992 428 3022 in
451 3001 569 3032 corpus
591 2997 622 3022 et
644 2991 825 3022 reddendo.
830 2971 910 3022 ill'ud
932 2991 1140 3031 impassibile·
1172 2990 1262 3031 quod

323 3041 449 3068 contra
471 3036 658 3076 mysterium
681 3041 807 3066 nostrae
830 3034 1073 3075 redemptionis,
1098 3040 1129 3064 et
1152 3040 1261 3065 contra

311 3088 346 3110 ιιι
356 3079 591 3115 incarnationis,
605 3088 671 3119 quo
687 3079 726 3109 ab
741 3079 833 3111 initio
850 3078 1017 3109 definitum
1033 3083 1080 3108 est
1094 3083 1139 3113 ut,
1157 3079 1261 3108 anima

279 3119 352 3157 e‘nte
374 3122 521 3162 gloriosa,
545 3131 662 3162 corpus
685 3127 827 3152 maneret
849 3122 1015 3162 passibile,
1040 3131 1202 3162 suspensa,
1226 3127 1262 3152 ut

285 3172 289 3173 ⁷
261 3166 327 3197 ra*
349 3165 471 3196 dictum
493 3171 550 3202 est,
569 3165 777 3196 redundantia
797 3166 918 3206 gloriae
932 3166 966 3196 in
983 3165 1261 3205 5019ιι5.1)155ιιι·-

194 3209 300 3241 mdo
323 3210 445 3250 quippe
466 3219 524 3250 per
546 3218 659 3240 omnes
681 3210 793 3249 gratias
816 3208 936 3239 infusas
958 3214 1124 3239 manentes
1145 3210 1178 3239 in
1194 3209 1261 3239 ani-

198 3261 254 3291 m
275 3252 412 3290 Christi,
435 3253 559 3294 liquido
590 3258 720 3293 apparet
747 3253 868 3286 nullam
897 3253 931 3283 in
958 3262 996 3283 ea
1025 3251 1121 3283 fuisse
1147 3258 1261 3292 poten-

281 3306 287 3322 ?
299 3298 393 3342 aliam
423 3297 463 3328 ad
484 3296 750 3338 praeservandum
774 3305 890 3337 corpus
919 3306 938 3326 a
960 3295 1083 3326 laesivis
1113 3297 1261 3336 approxi-

256 3382 452 3416 Ali'o'modo
476 3385 568 3425 loqui
590 3394 761 3425 possumus
778 3383 817 3414 de
833 3384 937 3414 anima
954 3383 1071 3414 Christi
1093 3388 1129 3413 ut
1143 3388 1198 3413 est
1213 3384 1260 3413 in-

302 3433 414 3460 entum
443 3429 653 3460 coniunctum
683 3427 814 3458 deitatis.
849 3428 890 3458 Et
915 3428 977 3463 sic,
1001 3433 1037 3458 ut
1060 3428 1204 3467 superius
1226 3428 1260 3457 in

203 3476 258 3512 qu.
273 3481 344 3509 xm,
368 3478 423 3503 art.
442 3482 460 3503 2
485 3478 516 3503 et
540 3473 576 3508 3,
601 3472 678 3503 dixit
699 3472 837 3508 Auctor,
862 3477 1052 3511 potestatem
1082 3471 1192 3501 habuit
1215 3471 1260 3501 fa-

167 3515 308 3551 ,sciendi
329 3517 436 3547 omnia
457 3517 609 3547 miracula
633 3515 818 3546 ordinabilia
841 3516 874 3545 in
897 3515 995 3546 finem
1018 3515 1258 3545 incarnationis:

141 3557 267 3634 &ahoe
287 3564 343 3596 est,
360 3569 472 3591 omnes
494 3561 687 3591 mutationes
703 3565 916 3590 creaturarum
939 3564 1062 3599 praeter
1083 3564 1260 3598 spectantes

176 3601 244 3635 ad
265 3603 457 3635 creationem
480 3609 512 3635 et
533 3603 727 3635 huiusmodi.
762 3604 803 3634 Et
825 3604 869 3634 sic
892 3603 1035 3643 loquitur
1065 3603 1116 3632 hic
1139 3603 1261 3633 Auctor

908 291 1170 338 QUAESTIO
1200 293 1354 341 XLVII,
1383 294 1675 333 ARTICULUS
1703 297 1717 332 1

134 411 160 450 '1²³-
202 414 319 471 'fflur
343 422 377 458 si
402 421 477 458 iam
506 422 659 458 obiisset.
689 419 795 458 Sicut
828 421 932 458 enim
965 421 1046 458 eius
1075 424 1270 460 voluntate

131 511 133 514 ⁴
209 471 346 533 natura
378 473 585 522 corporalis
619 480 844 511 conservata
871 481 927 510 est
960 474 1000 510 in
1035 487 1106 511 suo
1138 475 1268 523 vigore
1323 477 1483 514 luntarie
1502 485 1678 514 mortuus
1705 477 1791 514 fuit:
1821 478 1911 527 quia
1930 479 2108 516 violentia
2127 481 2279 528 corpori
2298 480 2380 518 eius

200 516 333 575 *iisque
361 525 411 563 ad
438 532 664 572 extremum,
695 525 748 562 sie
775 525 909 570 etiam,
939 527 1098 575 quando
1125 527 1267 576 voluit,
1323 528 1422 566 illata
1441 537 1505 574 est,
1527 542 1625 578 quae
1653 538 1783 567 tamen
1810 538 1957 567 tantum
1983 532 2135 580 corpori
2163 533 2244 569 eius
2272 545 2379 582 prae-

2290 299 2379 345 *455

1377 373 1434 408 An
1461 384 1619 410 TER‘rlUM
1653 385 1833 410 mci-:NDUM
1861 375 1968 422 quod
2004 374 2176 412 Christus
2204 375 2318 412 simul
2345 384 2381 413 et

1323 424 1544 461 violentiam
1563 437 1698 474 passus
1718 433 1783 471 est,
1805 434 1846 462 ut
1866 434 2088 484 moreretur,
2110 435 2146 464 et
2164 436 2293 465 tamen
2311 441 2380 466 vo-

1323 581 1441 618 valuit
1467 590 1657 631 quantum
1685 582 1765 632 ipse
1793 583 1924 620 voluit.

879 673 1214 707 Commentarius
1235 666 1487 708 Car-dinalis
1508 677 1709 710 Caietam

1320 754 1359 784 de
1381 756 1487 786 anima
1511 755 1638 787 Christi.
1663 757 1709 788 Ita
1731 757 1820 797 quod
1843 758 1978 788 intendit
2001 759 2090 799 quod
2113 760 2219 789 anima
2241 759 2376 795 Christi,

1319 803 1355 828 ut
1369 808 1526 838 organum
1541 800 1647 836 Verbi,
1663 805 1787 847 poterat
1811 807 1841 831 et
1862 803 2040 833 voluntates
2063 809 2303 842 persecutorum
2318 805 2377 834 im-

1318 848 1452 878 mutare,
1477 849 1508 873 et
1530 849 1721 883 potestatem
1744 854 1856 875 eorum
1879 846 2043 885 impedire,
2067 847 2149 877 sicut
2171 853 2295 886 poterat
2318 848 2377 878 alia

1318 887 1471 917 miracula
1493 887 1526 917 in
1550 888 1639 918 caelo
1664 893 1695 918 et
1712 889 1744 918 in
1761 893 1850 919 terra
1866 889 1968 920 facere
1984 891 2010 920 ἦ.
2035 891 2075 920 Ει
2094 891 2236 921 similiter
2253 897 2378 930 poterat
2404 898 2413 907 ⁸

1319 939 1505 960 conservare
1531 941 1658 962 carnem
1685 941 1775 962 suam
1805 942 1846 963 ne
1868 933 2044 964 laederetur
2071 944 2088 964 a
2111 934 2256 974 flagellis,
2282 936 2376 966 clavis

1318 978 1349 1003 et
1365 975 1623 1014 quibuscumque
1646 975 1786 1006 laesivis:
1811 977 1891 1007 sicut
1907 978 2013 1016 potuit
2035 987 2156 1008 servare
2180 979 2307 1008 Petrum
2324 989 2375 1009 su-

1317 1026 1374 1056 per
1397 1027 1494 1057 aquas
1517 1019 1733 1049 ambulantem
1749 1021 1775 1056 11,
1801 1026 1859 1050 etc.
1895 1022 1935 1051 Et
1958 1021 2052 1051 huius
2075 1023 2153 1052 ratio
2177 1023 2210 1052 in
2233 1022 2374 1053 secundo

1318 1059 1416 1091 dubio
1440 1061 1588 1092 reddetur
1603 1063 1629 1092 ὓ.

1371 1105 1410 1135 V.
1434 1104 1486 1135 Ad
1509 1106 1724 1136 obiectionem
1748 1117 1823 1147 ergo
1848 1108 1935 1138 Scoti
1957 1109 2090 1148 primam
2107 1110 2133 1145 *,
2151 1109 2265 1140 dicitur
2287 1110 2375 1160 quod

1316 1153 1429 1187 peccat
1443 1149 1621 1180 secundum
1644 1160 1724 1180 non·
1726 1160 1856 1181 causam
1877 1157 1912 1181 ut
1926 1162 2066 1182 causam.
2091 1153 2254 1183 Concesso
2278 1155 2374 1194 siqui-

1317 1190 1391 1221 dem
1414 1197 1484 1222 toto
1508 1199 1707 1243 argumento,
1724 1195 1802 1224 nihil
1821 1195 1907 1225 aliud
1924 1196 2058 1226 habetur
2072 1197 2132 1226 nisi
2148 1197 2237 1236 quod
2259 1207 2374 1237 corpus

1318 1235 1435 1266 Christi
1463 1237 1641 1267 necessario
1670 1247 1799 1277 passum
1829 1244 1875 1268 est
1904 1240 1942 1269 ab
1970 1240 2149 1270 extrinsecis
2180 1241 2374 1271 conferendo

1317 1279 1418 1309 activa
1441 1279 1480 1310 ad
1502 1281 1674 1320 passivum,
1694 1282 1813 1312 scilicet
1836 1292 1951 1332 corpus
1980 1289 2011 1313 et
2033 1284 2181 1319 animam,
2199 1285 2375 1315 secundum

1317 1332 1361 1352 se.
1386 1323 1470 1353 Cum
1487 1324 1535 1354 his
1559 1325 1645 1354 enim
1668 1330 1727 1355 stat
1743 1325 1832 1365 quod
1847 1327 1952 1356 anima
1967 1327 2029 1362 illa,
2047 1333 2082 1357 ut
2098 1337 2254 1367 organum
2269 1329 2297 1358 i
2300 1329 2374 1363 erbi,

1317 1368 1482 1406 potuisset,
1506 1369 1532 1398 si
1555 1368 1715 1404 voluisset,
1740 1369 1893 1409 impedire
1916 1371 2108 1421 passionem.

1371 1411 1423 1442 Ad
1441 1412 1614 1443 secundam
1635 1412 1749 1443 dicitur
1765 1413 1854 1463 quod
1869 1414 1963 1444 solvit
1978 1415 2123 1465 seipsam.
2148 1415 2233 1452 Quia
2255 1425 2293 1446 ex
2309 1425 2374 1456 quo

1316 1455 1417 1485 homo
1440 1456 1512 1496 plus
1535 1457 1674 1486 animam
1696 1458 1858 1497 propriam
1882 1467 1979 1497 quam
2001 1459 2168 1499 proprium
2191 1468 2307 1499 corpus
2330 1465 2375 1490 te-

1316 1504 1411 1529 netur
1434 1499 1579 1540 diligere,
1605 1506 1728 1531 constat
1755 1500 1844 1540 quod
1866 1511 1934 1532 non
1956 1508 2086 1542 peccat,
2109 1502 2164 1533 sed
2187 1503 2269 1533 bene
2291 1502 2374 1539 facit,

1317 1543 1382 1583 qui,
1401 1552 1475 1573 cum
1498 1544 1607 1583 possit,
1630 1554 1698 1574 non
1722 1545 1860 1575 custodit
1883 1546 2049 1586 proprium
2073 1555 2190 1587 corpus
2213 1556 2230 1576 a
2252 1546 2375 1577 laesivis

1315 1592 1447 1627 propter
1468 1588 1603 1618 salutem
1626 1589 1813 1619 animarum.
1842 1589 1986 1620 Christus
2009 1595 2116 1620 autem
2135 1590 2252 1620 Pastor
2274 1590 2376 1621 bonus

1316 1630 1393 1666 fuit,
1416 1641 1543 1671 ponens
1573 1632 1730 1668 animam,
1757 1633 1820 1663 hoc
1844 1639 1889 1663 est
1915 1634 2012 1663 vitam
2042 1643 2151 1669 suam,
2173 1643 2238 1674 pro
2266 1634 2375 1665 ovibus

1315 1675 1383 1706 suis
1398 1675 1424 1705 ὓ.
1447 1686 1454 1691 ·

1370 1718 1423 1749 VI.
1446 1718 1499 1749 Ad
1513 1718 1691 1750 secundum
1707 1719 1841 1750 dubium
1857 1722 1872 1737 ³*
1889 1720 2002 1751 dicitur
2018 1720 2116 1761 quod,
2133 1722 2207 1762 quia
2223 1731 2241 1751 a
2257 1721 2375 1752 Catho-

1315 1762 1383 1792 licis
1407 1767 1589 1803 acceptatur
1613 1763 1702 1803 quod
1724 1765 1829 1794 anima
1845 1764 1962 1794 Christi
1986 1764 2045 1795 fuit
2068 1774 2224 1804 organum
2241 1766 2375 1796 coniun-

1317 1811 1404 1836 ctum
1427 1806 1524 1836 Verbi
1539 1806 1610 1842 Dei,
1627 1812 1878 1838 consentaneum
1902 1808 2015 1838 rationi
2031 1813 2078 1838 est
2099 1814 2135 1838 ut
2158 1808 2247 1848 quod
2269 1809 2375 1849 singu-

1315 1850 1420 1880 lariter
1443 1855 1474 1880 et
1496 1850 1695 1880 ineffabiliter
1717 1857 1916 1891 assumptum
1940 1857 1986 1881 est
2009 1861 2181 1891 organum,
2206 1852 2245 1882 ad
2268 1854 2376 1883 omnia

1317 1893 1467 1923 effectum
1483 1894 1522 1924 sit
1545 1904 1701 1934 organum
1724 1894 1764 1924 ad
1786 1904 1868 1935 quae
1884 1901 1990 1935 potest
2004 1896 2283 1926 instrumentaliter
2299 1906 2375 1927 con-

1317 1947 1451 1968 currere.
1486 1938 1570 1968 Nam
1593 1938 1675 1968 sicut
1697 1944 1793 1979 caput
1817 1944 1863 1968 est
1886 1938 2029 1969 Christus
2053 1940 2148 1970 etiam
2171 1940 2374 1979 angelorum;

1317 1986 1348 2012 et
1369 1982 1404 2011 in
1426 1982 1556 2012 scientia
1579 1987 1611 2012 et
1632 1983 1730 2022 gratia
1746 1987 1777 2012 et
1791 1982 1958 2013 virtutibus
1974 1983 2131 2023 praelatus
2147 1989 2194 2014 est
2209 1984 2374 2014 omnibus:

1315 2025 1358 2055 ita
1374 2026 1469 2058 etiam
1491 2026 1636 2066 potentia
1650 2026 1882 2057 instrumentali
1905 2036 2000 2067 super
2015 2028 2123 2057 omnia
2142 2028 2182 2057 sit
2205 2037 2287 2067 quae
2302 2037 2376 2067 pos-

1315 2074 1389 2099 sunt
1419 2068 1528 2099 divino
1559 2079 1679 2109 organo
1711 2069 1802 2100 fieri:
1826 2070 1943 2100 Omnia
1970 2071 2056 2101 enim
2087 2080 2169 2111 quae
2193 2071 2376 2101 excellentia

2441 897 2519 920 Matth.
2551 904 2602 925 cap.

2403 930 2482 950 xxvm,
2498 930 2556 946 vet-S.
2569 926 2602 947 28.

2403 1027 2500 1049 'Matth
2510 1033 2560 1055 cap.
2569 1034 2615 1054 xw,

2402 1060 2504 1101 filimi?
2513 1060 2569 1101 35⁶³

2404 1110 2495 1132 ’.Num
2510 1116 2535 1133 ιι.

2402 1681 2412 1691 ’
2433 1681 2496 1702 Ioan.
2519 1687 2568 1708 cap.
2591 1688 2613 1707 x,

2401 1713 2460 1728 vers.
2478 1714 2509 1729 ιι.

2403 1735 2413 1744 ·
2426 1733 2496 1755 Num.
2513 1739 2546 1755 ιιι.

1315 2118 1399 2148 sunt,
1423 2118 1455 2143 et
1477 2122 1544 2143 non
1565 2113 1720 2143 dedecent
1739 2113 1856 2144 Christi
1871 2115 2010 2144 animam
2033 2114 2089 2144 sed
2105 2120 2283 2145 consonant
2298 2124 2375 2145 con·
2419 2140 2421 2142 .

1315 2155 1431 2186 ditioni
1451 2157 1538 2192 eius,
1563 2156 1719 2187 credenda
1742 2162 1816 2188 sunt
1843 2158 1945 2188 inesse
1972 2158 2026 2188 illi.
2061 2158 2102 2188 Et
2123 2159 2168 2191 sic
2195 2168 2233 2188 ex
2255 2159 2375 2189 unione

1315 2201 1439 2230 animae
1463 2200 1580 2231 Christi
1603 2200 1643 2231 ad
1665 2201 1807 2232 Verbum
1829 2201 2047 2232 manifestatur
2069 2202 2294 2232 rationabiliter
2316 2212 2375 2242 po-

1314 2244 1527 2280 testasthaec,
1551 2245 1670 2275 scilicet
1699 2244 1920 2284 praeservandi
1941 2246 2108 2285 proprium
2131 2255 2248 2286 corpus
2271 2256 2289 2276 a
2311 2246 2374 2276 lae-

1316 2288 1398 2323 sivis,
1422 2289 1455 2318 in
1479 2288 1584 2318 anima
1607 2288 1724 2319 Christi
1746 2294 1783 2318 ut
1805 2298 1961 2328 organum
1984 2294 2030 2319 est
2052 2289 2158 2320 Verbi.

1370 2332 1411 2362 Et
1437 2333 1511 2362 licet
1540 2332 1671 2372 glossari
1701 2331 1782 2362 forte
1811 2333 1912 2372 possit
1937 2333 2152 2372 Augustinus,
2176 2332 2216 2363 ad
2242 2333 2373 2373 planum

1315 2381 1422 2406 tamen
1445 2385 1574 2406 sensum
1590 2386 1628 2406 ex
1644 2381 1795 2406 contextu
1817 2376 2044 2407 recurrendum
2060 2382 2116 2412 est,
2137 2381 2168 2407 et
2190 2376 2243 2406 ille
2263 2383 2373 2408 tenen-

1315 2419 1385 2455 dus,
1410 2419 1567 2460 quidquid
1589 2420 1730 2460 glossent
1753 2420 1814 2451 alii.

1371 2463 1470 2502 Quod
1493 2469 1600 2494 autem
1615 2464 1738 2494 Auctor
1759 2464 1883 2495 divinae
1898 2464 2053 2494 voluntati
2068 2463 2112 2494 ibi
2127 2464 2270 2494 tribuerit
2285 2465 2373 2504 quod

1315 2507 1367 2538 hic
1390 2509 1558 2543 humanae,
1582 2517 1650 2538 non
1673 2514 1720 2538 est
1742 2509 1874 2538 mirum:
1900 2508 1975 2548 quia
1997 2508 2131 2547 ipsemet
2154 2508 2206 2543 ibi,
2223 2509 2256 2538 in
2272 2514 2328 2539 art.
2342 2508 2371 2545 3,

1315 2552 1457 2592 regulam
1480 2552 1659 2592 generalem
1682 2551 1807 2582 tradidit
1825 2551 2050 2592 interpretandi
2066 2551 2147 2581 dicta
2163 2551 2201 2582 de
2217 2557 2372 2592 potestate

1315 2595 1547 2626 instrumentali
1571 2596 1694 2625 animae
1719 2595 1850 2631 Christi3
1884 2595 2004 2625 scilicet
2029 2595 2136 2635 quod,
2161 2595 2236 2634 quia
2258 2596 2372 2626 instru-

1315 2645 1462 2670 mentum
1484 2649 1552 2669 non
1567 2640 1705 2679 propria,
1722 2639 1777 2670 sed
1792 2639 1973 2679 principalis
1989 2640 2108 2678 agentis
2127 2643 2282 2679 potestate
2299 2640 2370 2679 agit,

1314 2683 1388 2714 ideo
1413 2693 1511 2723 opera
1533 2684 1657 2714 animae
1674 2683 1790 2713 Christi
1813 2693 1891 2723 pure
1909 2683 2055 2723 organice
2071 2683 2283 2713 attribuuntur
2306 2683 2371 2714 dei-

1315 2728 1380 2758 tati.
1405 2727 1447 2758 Et
1460 2733 1628 2767 propterea
1643 2733 1815 2767 utrumque
1831 2733 1878 2757 est
1892 2736 2019 2757 verum:
2039 2727 2157 2757 scilicet
2173 2726 2261 2766 quod
2281 2726 2371 2757 Chri-

1315 2777 1381 2801 stus
1405 2771 1542 2807 esurivit,
1566 2771 1671 2807 sitivit,
1695 2777 1841 2801 mortuus
1865 2776 1920 2806 est,
1937 2771 2012 2810 quia
2030 2770 2132 2800 voluit
2146 2770 2309 2800 voluntate
2325 2770 2371 2801 di-

1314 2815 1398 2850 vina,
1415 2821 1450 2845 ut
1469 2824 1563 2845 causa
1578 2815 1760 2854 principali;
1785 2820 1816 2844 et
1831 2814 1920 2854 quod
1939 2813 2081 2844 Christus
2106 2814 2242 2850 esurivit,
2267 2814 2370 2850 sitivit,

1315 2864 1461 2889 mortuus
1489 2864 1551 2894 est,
1575 2858 1738 2888 voluntate
1760 2859 1899 2888 humana
1923 2863 1957 2887 ut
1981 2867 2073 2888 causa
2095 2862 2226 2897 potente
2257 2858 2371 2888 instru-

1314 2902 1493 2933 mentaliter
1508 2902 1661 2941 impedire
1678 2907 1709 2931 et
1726 2911 1793 2932 non
1808 2901 2012 2940 impediente.
2037 2901 2077 2931 Et
2091 2901 2241 2940 primurn,
2258 2906 2294 2931 ut
2309 2901 2371 2932 cla-

1315 2947 1379 2977 rius
1403 2951 1434 2976 et
1456 2946 1679 2986 principalius,
1703 2946 1742 2974 ab
1765 2946 1915 2975 omnibus
1938 2944 2121 2975 affirmatur:
2150 2944 2327 2975 secundum
2354 2955 2371 2975 a

1315 2990 1509 3029 sapientibus
1523 2989 1706 3029 intelligitur
1721 2989 1754 3019 in
1766 2989 1941 3028 Evangelio
1957 2988 2106 3019 traditum
2122 2997 2196 3018 cum
2209 2988 2323 3020 dicitur
2337 2990 2370 3019 ’z

1315 3035 1416 3064 Nemo
1441 3033 1526 3063 tollit
1547 3033 1689 3063 animam
1710 3042 1811 3062 meam
1834 3042 1854 3062 a
1871 3042 1928 3067 me,
1945 3032 2001 3062 sed
2015 3041 2077 3073 ego
2086 3041 2177 3072 pono
2194 3041 2273 3063 eam.
2298 3032 2371 3063 Hoc

1314 3077 1447 3108 verbum
1470 3077 1577 3107 nullus
1595 3082 1779 3116 martyrum,
1797 3082 2094 3116 quantumcumque
2114 3076 2309 3106 voluntarius
2332 3076 2371 3106 ad

1314 3125 1470 3156 mortem,
1494 3125 1601 3160 potest
1623 3129 1696 3150 vere
1725 3119 1846 3150 dicere:
1879 3119 1934 3150 sed
1956 3120 2122 3159 proprium
2150 3119 2210 3149 fuit
2233 3119 2369 3150 Christo.

1314 3165 1398 3204 Ergo
1422 3173 1489 3194 non
1513 3164 1580 3194 sola
1602 3163 1749 3194 voluntas
1768 3163 2026 3203 complacendae,
2043 3163 2098 3194 sed
2114 3163 2271 3194 causativa
2285 3173 2371 3194 mor-

1314 3210 1362 3244 tis,
1387 3209 1420 3238 in
1444 3207 1572 3238 Christo
1595 3207 1665 3237 fuit.

1368 3251 1436 3282 VII.
1461 3251 1496 3281 In
1518 3251 1725 3291 responsione
1741 3250 1781 3281 ad
1797 3250 1983 3287 secundum,
2000 3250 2126 3281 adverte
2143 3250 2231 3291 quod
2253 3250 2371 3291 duplex

1315 3301 1361 3326 est
1383 3295 1500 3325 modus
1527 3294 1651 3325 dicendi
1682 3295 1721 3325 de
1745 3295 1883 3325 clamore
1907 3294 2023 3325 Christi
2053 3295 2085 3324 in
2109 3303 2212 3325 cruce.
2247 3294 2370 3326 Primus

1314 3345 1360 3370 est
1384 3338 1473 3379 quod
1497 3338 1650 3375 Christus,
1674 3339 1859 3379 permittens
1883 3348 1999 3383 corpus
2015 3339 2080 3378 pati
2095 3347 2131 3368 ac
2151 3337 2303 3369 debilitari
2318 3348 2371 3369 us-

1314 3392 1378 3424 que
1409 3381 1448 3412 ad
1470 3387 1608 3413 mortem
1639 3382 1818 3413 secundum
1838 3381 2022 3412 violentiam
2051 3382 2127 3412 illati
2158 3391 2217 3412 suo
2245 3383 2371 3422 corpori

1313 3427 1482 3461 tormenti,
1507 3426 1636 3466 speciali
1665 3426 1819 3457 miraculo
1849 3426 2067 3456 fortitudinem
2100 3425 2139 3456 ad
2169 3426 2370 3457 clamandum

1314 3470 1427 3501 effecit.
1451 3489 1474 3493 —
1504 3470 1669 3501 Secundus
1700 3477 1747 3500 est
1777 3469 1865 3510 quod
1896 3470 2038 3500 Christus
2069 3470 2210 3509 permisit
2241 3470 2371 3510 quidem

1315 3524 1431 3554 corpus
1454 3515 1538 3554 pati,
1563 3520 1609 3550 et,
1633 3515 1712 3544 nihil
1734 3514 1909 3544 minuendo
1934 3513 1972 3544 de
1996 3514 2158 3553 passione,
2182 3514 2370 3544 miraculose

1314 3559 1511 3589 conservavit
1534 3557 1752 3588 fortitudinem
1775 3563 1903 3588 naturae
1927 3557 1967 3587 ad
1990 3557 2200 3593 clamandum,
2217 3558 2260 3587 ita
2283 3557 2370 3598 quod

1315 3603 1512 3633 conservatio
1536 3601 1727 3632 fortitudinis
1744 3601 1803 3632 fuit
1818 3602 2022 3632 miraculosa:
2048 3610 2111 3641 qua
2131 3602 2369 3631 conservatione

2399 2990 2409 2998 ⁸
2429 2989 2492 3010 ioan.
2513 2995 2562 3016 cap.
2585 2995 2608 3014 x,

2398 3021 2456 3037 vers.
2474 3016 2506 3037 tS.
