2872 3970
8 731 12 757 s
73 733 88 744 ¹¹
100 731 138 754 Ad
150 737 172 761 3.

72 1121 86 1132 ·
103 1120 154 1142 Art.
175 1127 194 1145 ι,
214 1119 286 1142 Com-

15 1142 25 1154 ³
72 1150 145 1170 ment.
160 1152 223 1168 num.
240 1152 270 1168 vi.

16 1424 25 1429 ’
72 1429 85 1440 ·
103 1427 173 1456 Greg.
194 1427 283 1449 Morat.

23 1462 26 1472 τ
70 1453 284 1482 ub.v‚cap.xxxv1‚

21 1486 26 1512 j
71 1482 104 1504 nl.
117 1486 180 1503 xxvi.

3 2896 25 2929 ’ἶ
77 2915 167 2939 ’Vetm
180 2921 215 2946 37.

77 3334 89 3344 ·
102 3333 168 3356 Vei-s.
182 3334 217 3356 28.

1014 253 1276 300 QUAESTIO
1306 254 1370 296 ΙΙΙ,
1400 253 1692 291 ARTICULUS
1720 254 1800 290 VIII

316 331 443 362 adverte
455 331 544 371 quod
556 337 602 361 est
617 330 820 370 intelligenda
836 330 1018 366 formaliter,
1032 331 1167 360 scilicet:
1185 331 1213 360 si
1224 336 1377 370 quantum
1404 333 1407 359 Ι

316 381 363 406 est
385 385 427 406 ex
442 380 540 416 parte
557 375 732 415 potentiae,
749 374 782 404 in
802 384 902 405 unum
925 379 956 404 et
978 384 1043 404 non
1068 375 1100 404 in
1124 375 1270 414 amplius.
1295 375 1378 404 Nam

316 419 341 449 si
364 419 491 450 aliunde
514 419 696 459 proveniret
719 418 808 458 quod
830 424 939 458 posset
959 418 991 448 in
1008 428 1110 448 unum
1134 424 1164 448 et
1179 428 1247 448 non
1262 419 1295 448 in
1311 428 1377 448 arn-

315 463 409 503 plius,
433 468 511 503 puta
533 471 572 493 ex
587 461 686 492 modo
703 461 826 502 agendi,
844 461 919 501 quia
935 462 998 501 agit
1013 471 1070 501 per
1085 462 1220 492 modum
1236 468 1376 498 naturae,

316 516 398 546 quae
415 512 461 537 est
484 506 690 536 determinata
705 505 744 535 ad
760 514 873 541 unum,
897 515 964 535 non
988 511 1132 545 argueret
1154 506 1377 536 limitationem

314 551 487 590 potentiae.
511 549 574 580 Sed
597 550 622 579 si
646 559 684 579 ex
698 550 767 589 ipsa
782 549 925 588 potentia
941 555 988 579 est
1004 549 1094 588 quod
1109 550 1210 588 possit
1225 551 1258 579 in
1274 559 1377 579 unum

314 599 449 630 tantum,
473 594 698 624 limitationem
720 593 754 623 in
776 593 829 623 illa
852 594 969 632 arguit:
995 594 1149 632 quoniam
1172 594 1325 633 potentia,
1342 599 1378 623 ut

313 639 467 678 potentia,
491 636 631 667 extendit
653 646 687 667 se
710 636 750 666 ad
772 637 939 676 possibile,
964 637 1054 676 quod
1076 646 1143 667 non
1167 637 1377 677 comprehen-

315 681 399 711 ditur
425 681 545 711 unitate
575 681 618 710 ita
647 679 735 720 quod
765 679 910 710 excludat
941 680 1189 711 multitudinem.
1225 681 1317 711 Unde
1345 682 1378 711 in

314 730 370 755 art.
387 725 443 755 ult.
460 726 476 741 Ῥ
493 733 547 764 qu.
564 733 614 754 xm
629 724 663 754 in
685 723 790 753 Prima
811 723 912 759 Parte,
930 723 1051 754 dictum
1075 730 1122 754 est
1145 724 1234 764 quod
1249 734 1316 754 non
1341 734 1377 755 ex

313 769 503 809 impotentia
525 768 623 798 Patris
647 773 694 797 est
717 766 805 808 quod
828 777 912 797 unus
927 773 1052 798 tanturn
1068 768 1167 798 Filius
1190 769 1229 798 sit
1252 769 1378 807 genitus

314 817 346 842 et
367 812 555 852 generabilis
577 812 611 842 in
634 811 757 842 divinis.
782 811 823 841 Et
846 812 921 851 quia
936 812 1014 842 haec
1030 813 1210 851 propositio
1233 812 1378 851 procedit

314 866 352 886 ex
374 860 463 896 parte
486 856 665 896 potentiae,
688 854 763 885 ideo
787 855 971 895 simpliciter
995 861 1026 885 et
1048 856 1193 886 absolute
1217 862 1378 896 assumpta

314 905 361 930 est
382 900 562 940 propositio
585 899 648 930 illa.

368 943 462 974 Circa
483 943 708 983 probationem
731 952 769 973 ex
783 948 872 984 parte
887 943 1024 979 termini,
1043 949 1120 973 nota
1141 942 1377 983 diligentissime

311 988 488 1018 Auctorem
514 987 629 1017 habere
652 996 712 1027 pro
735 987 974 1017 inconvenienti
997 996 1033 1016 ac
1056 987 1245 1027 impossibili
1268 997 1377 1027 perso-

312 1041 388 1062 nam
411 1031 551 1062 divinam
580 1037 617 1061 ut
639 1031 811 1061 terminum
835 1030 1064 1070 comprehendi
1088 1041 1106 1060 a
1128 1036 1241 1060 natura
1264 1036 1376 1061 creata.

312 1075 387 1106 Hoc
410 1076 496 1106 enim
519 1075 598 1106 nihil
620 1074 706 1106 aliud
729 1080 776 1105 est
798 1074 903 1105 dicere
926 1084 1024 1115 quam
1047 1074 1163 1105 docere
1188 1074 1291 1114 (quod
1314 1076 1377 1105 iam

312 1120 556 1159 praelibavimus
585 1118 810 1159 respondendo
841 1119 939 1150 Scoto
960 1119 994 1158 ᾖ)
1018 1119 1097 1149 hoc:
1130 1119 1219 1158 quod
1241 1129 1378 1158 persona

313 1163 418 1194 divina
440 1173 508 1194 non
532 1163 638 1193 solum
662 1168 708 1193 est
730 1162 854 1193 infinita
876 1164 908 1193 in
933 1162 1067 1193 essendo
1092 1168 1123 1193 et
1147 1163 1306 1193 causando
1330 1173 1378 1193 ra-

312 1207 401 1237 tione
423 1213 554 1238 naturae
578 1206 719 1242 divinae,
751 1206 806 1237 sed
830 1212 876 1237 est
898 1206 1022 1237 infinita
1049 1207 1083 1236 in
1105 1206 1306 1237 terminando
1330 1217 1377 1236 ra-

311 1251 400 1281 tione
433 1260 509 1281 suae
540 1251 782 1291 personalitatis.
821 1250 1186 1290 Incomprehensibilitas
1219 1250 1378 1291 siquidem

311 1295 469 1325 increatae
491 1304 647 1335 personae
670 1299 707 1324 ut
724 1295 851 1324 termini
874 1304 892 1324 a
907 1300 1019 1325 natura
1035 1300 1138 1324 creata
1153 1300 1189 1324 ut
1205 1300 1376 1334 assumpta,

311 1339 391 1369 nihil
413 1336 500 1369 aliud
522 1338 678 1378 significat
708 1348 806 1378 quarn
828 1338 1019 1368 infinitatem
1048 1339 1082 1368 in
1104 1339 1306 1369 terminando
1329 1339 1377 1369 in-

312 1387 434 1414 creatae
456 1392 622 1423 personae.
646 1382 696 1418 Et,
720 1388 757 1412 ut
778 1383 905 1413 excelsa
923 1383 987 1413 Dei
1009 1382 1223 1418 balbutiendo,
1249 1388 1284 1413 ut
1300 1393 1377 1422 pos-

310 1436 430 1463 sumus,
455 1436 640 1457 resonemus
655 1427 682 1462 ⁴⁶,
706 1425 880 1457 dicendum
903 1432 950 1457 est
977 1426 1066 1467 quod
1089 1426 1227 1456 infinitas
1254 1426 1376 1463 divina,

311 1477 348 1501 ut
370 1476 416 1501 est
437 1476 569 1501 naturae
591 1480 648 1500 seu
663 1470 823 1507 naturalis,
848 1471 1012 1501 constituit
1027 1470 1190 1501 infinitum
1206 1480 1261 1500 ens
1283 1477 1314 1501 et
1329 1472 1376 1501 in-

311 1514 434 1546 finitam
450 1524 594 1545 causam:
615 1520 651 1544 ut
666 1520 773 1545 autem
789 1520 836 1545 est
851 1524 1008 1555 personae
1023 1525 1080 1545 seu
1096 1515 1281 1554 personalis,
1299 1525 1377 1545 con-

311 1559 411 1589 stituit
432 1557 590 1589 infinitam
613 1568 784 1598 personam
807 1564 844 1589 ut
866 1559 920 1594 sic,
946 1558 1036 1598 quod
1059 1558 1178 1589 claudit
1199 1559 1233 1588 in
1248 1568 1281 1588 se
1305 1558 1376 1588 infi-

311 1604 443 1633 nitatem
459 1603 492 1632 in
508 1602 720 1633 terminando.
740 1603 781 1633 Et
795 1603 869 1633 ideo
885 1608 992 1642 potest
1008 1603 1169 1642 quaelibet
1184 1602 1290 1632 divina
1306 1612 1376 1642 per-

311 1657 391 1677 sona
419 1647 588 1677 subsistere
619 1656 687 1677 non
717 1646 823 1677 solum
852 1648 887 1677 in
915 1647 1060 1687 pluribus
1089 1647 1226 1682 naturis,
1257 1647 1377 1677 scilicet

311 1691 446 1722 naturali
469 1697 500 1721 et
520 1696 696 1730 assumpta,
721 1690 777 1721 sed
793 1691 888 1721 etiam
912 1691 944 1721 in
960 1691 1104 1731 pluribus
1121 1691 1300 1730 assumptis.
1324 1691 1375 1727 Et,

312 1734 424 1765 eadem
447 1735 578 1770 ratione,
602 1735 635 1764 in
658 1734 800 1771 infinitis,
823 1735 848 1764 si
871 1734 1013 1764 infinitae
1037 1735 1254 1764 invenirentur
1270 1735 1375 1764 simul.

366 1778 417 1808 111.
442 1779 478 1808 ln
500 1779 710 1818 responsione
733 1778 773 1808 ad
791 1779 941 1818 primum,
966 1779 1111 1818 perspice
1128 1777 1217 1817 quod
1233 1778 1377 1808 consistit

309 1823 344 1852 in
366 1822 440 1858 hoc,
464 1821 554 1862 quod
575 1827 687 1852 natura
703 1822 894 1852 substantiae
911 1822 1033 1852 creatae
1049 1821 1278 1861 multiplicatur
1293 1822 1376 1851 mul-

309 1866 453 1905 tiplicato
476 1867 644 1906 supposito
669 1867 843 1896 constituto
867 1875 924 1905 per
939 1866 1057 1905 ipsam:
1082 1875 1149 1895 non
1165 1870 1273 1895 autem
1293 1866 1376 1895 mul-

310 1910 453 1950 tiplicato
477 1911 645 1950 supposito
669 1919 737 1940 non
761 1910 936 1940 constituto
959 1919 1017 1950 per
1038 1911 1152 1949 ipsam,
1175 1915 1212 1939 ut
1234 1915 1321 1949 patet
1343 1910 1376 1940 in

310 1954 423 1985 littera.

366 1997 419 2028 IV.
443 1997 480 2028 In
501 1999 712 2038 responsione
735 1997 775 2028 ad
798 1997 986 2034 seeundum,
1003 1998 1143 2028 obiectio
1167 1997 1265 2033 Secti,
1281 1998 1315 2028 in
1335 1998 1376 2028 111

311 2041 416 2078 Sem„
440 2041 510 2072 dist.
534 2053 562 2079 1,
587 2052 641 2082 qu.
665 2053 717 2078 111,
742 2043 880 2072 occurrit
903 2041 1036 2072 dicentis
1067 2047 1177 2072 contra
1199 2042 1263 2072 hoc
1287 2041 1376 2082 quod

310 2091 497 2126 sequeretur
525 2085 615 2126 quod
643 2095 811 2126 possemus
835 2086 939 2116 dicere
970 2085 1059 2126 quod
1081 2086 1188 2126 plures
1220 2095 1376 2126 personae

310 2135 385 2160 sunt
407 2130 514 2170 plures
536 2130 590 2161 dii.
613 2130 777 2160 Probatur.
803 2129 987 2161 Secundum
1006 2130 1080 2165 hoc,
1101 2130 1163 2160 tale
1188 2135 1376 2160 concretum

311 2175 406 2204 habet
428 2175 583 2205 unitatem
606 2174 658 2205 vel
683 2175 897 2214 pluralitatem
920 2184 959 2205 ex
981 2175 1101 2205 unitate
1124 2174 1175 2204 vel
1197 2174 1375 2214 pluralitate

311 2219 480 2258 suppositi.

2447 256 2497 303 69

1486 331 1536 361 Ad
1560 332 1622 362 hoc
1647 332 1761 362 dicitur
1791 331 1880 371 quod
1903 332 1936 361 in
1959 332 2061 362 littera
2083 341 2151 362 non
2175 332 2289 363 dicitur
2312 333 2496 365 affirmative

1431 375 1634 415 multiplicari
1658 381 1844 406 concretum
1867 376 2077 415 multiplicato
2099 378 2278 416 supposito,
2302 383 2338 407 ut
2361 387 2495 417 arguens

1432 419 1512 449 forte
1536 420 1674 459 accepit:
1700 419 1755 449 sed
1778 420 1909 459 ponitur
1931 420 2115 458 universalis
2134 421 2241 460 regula
2264 421 2418 460 negative,
2436 423 2496 452 sci-

1431 463 1520 492 licet:
1554 463 1728 504 Nunquam
1752 473 1867 493 nomen
1891 463 1930 493 ab
1953 464 2063 504 aliqua
2078 464 2196 505 forma
2221 464 2401 504 impositum
2419 466 2495 505 plu-

1433 507 1547 536 raliter
1568 507 1687 537 dicitur
1709 507 1771 537 nisi
1787 512 1925 547 propter
1945 507 2168 547 pluralitatem
2183 509 2430 547 suppositorum.
2455 510 2496 539 Et

1432 551 1490 580 ista
1512 551 1620 590 regula
1644 556 1690 581 est
1711 560 1784 580 vera
1807 557 1871 580 tam
1895 552 1928 581 in
1944 552 2100 581 concretis
2120 551 2280 581 adiectivis
2304 561 2401 591 quarn
2421 553 2495 583 sub-

1432 595 1581 630 stantivis,
1599 600 1663 624 tarn
1679 595 1935 625 substantialibus
1952 604 2049 634 quam
2065 595 2327 625 accidentalibus:
2347 597 2390 626 ita
2406 596 2495 636 quod

1432 647 1557 677 semper
1572 638 1611 668 ad
1627 639 1838 678 pluralitatem
1855 644 2079 669 concretorum
2095 640 2228 678 exigitur
2243 639 2403 678 pluralitas
2419 650 2494 680 sup-

1432 682 1622 721 positorum.
1647 682 1709 712 Sed
1725 692 1800 712 cum
1816 683 1878 712 hoc
1895 688 1953 712 stat
1973 682 2061 722 quod
2076 683 2236 722 pluralitas
2253 684 2494 723 suppositorum

1432 735 1499 755 non
1523 725 1656 756 sufficiat
1679 725 1892 766 quandoque,
1917 732 1948 756 et
1972 727 2105 766 exigitur
2128 727 2223 756 etiam
2246 727 2406 766 pluralitas
2430 727 2495 757 for-

1432 779 1503 799 mae
1534 769 1744 809 significatae:
1777 776 1812 799 ut
1843 769 1881 800 de
1913 771 2069 800 concretis
2099 771 2300 800 substantivis
2332 772 2364 800 in
2396 777 2450 801 art.
2475 771 2491 801 3

1433 822 1487 852 qu.
1504 823 1596 843 xxxix
1620 814 1631 843 Ι
1651 814 1743 849 Part„
1767 819 1862 853 patet.
1888 814 1928 843 Et
1950 820 2128 854 propterea,
2153 815 2226 844 licet
2247 815 2351 844 unitas
2374 824 2495 854 suppo-

1432 858 1482 887 siti
1498 858 1619 896 optime
1636 857 1748 887 inferat
1764 858 2011 897 singularitatem
2027 859 2168 888 concreti
2187 859 2382 894 substantivi,
2401 859 2494 898 quale

1433 906 1479 930 est
1501 901 1534 941 ly
1555 902 1672 938 homo;
1702 911 1769 931 non
1799 907 1906 932 tamen
1935 902 2107 932 multitudo
2132 902 2373 942 suppositorum
2401 902 2496 932 infert

1431 945 1643 984 pluralitatem
1666 946 1806 975 nominis
1830 946 2025 976 substantivi.
2051 946 2091 976 Et
2114 952 2282 986 propterea
2305 956 2373 976 non
2389 946 2494 986 sequi-

1432 994 1492 1023 tur,
1515 988 1608 1029 Ergo
1634 994 1698 1019 tres
1715 999 1879 1029 personae
1901 995 1976 1020 sunt
1991 990 2058 1026 dii;
2080 999 2158 1025 nec,
2183 989 2276 1030 Ergo
2301 995 2365 1020 tres
2379 999 2494 1030 perso-

1433 1042 1494 1062 nae
1516 1033 1669 1068 homines,
1694 1034 1727 1063 in
1744 1043 1818 1063 casu
1834 1033 2052 1072 praecedentis
2075 1034 2206 1069 articuli,
2224 1039 2259 1063 ut
2274 1034 2307 1063 in
2323 1034 2382 1064 hac
2399 1034 2494 1064 etiam

1432 1076 1534 1106 littera
1557 1075 1680 1106 dicitur.
1709 1077 1750 1106 Et
1771 1082 1879 1107 tamen
1902 1078 1984 1107 bene
2008 1078 2151 1117 sequitur
2173 1078 2206 1107 in
2230 1087 2305 1107 casu
2329 1078 2423 1107 huius
2447 1087 2494 1107 ar-

1432 1120 1537 1150 ticuli:
1562 1120 1655 1160 Ergo
1680 1120 1814 1150 Verbum
1828 1121 1891 1151 Dei
1907 1131 1971 1151 non
1988 1126 2035 1151 est
2048 1122 2201 1156 homines,
2218 1121 2273 1151 sed
2289 1131 2372 1151 unus
2386 1122 2493 1151 homo.

1487 1164 1534 1201 Vn
1551 1163 1586 1193 In
1606 1165 1815 1203 responsione
1838 1164 1878 1194 ad
1893 1165 2031 1198 tertium.
2044 1165 2187 1204 perspice
2203 1165 2359 1194 rationem
2386 1175 2493 1204 quare,

1431 1208 1605 1248 praesentis
1635 1208 1758 1237 articuli
1787 1208 1948 1247 positione
1978 1207 2076 1243 facta,
2107 1209 2184 1238 haec
2216 1209 2355 1238 humana
2384 1214 2496 1238 natura

1431 1257 1670 1291 praeassumpta
1684 1261 1752 1281 non
1769 1258 1942 1281 assumeret
1957 1252 2050 1281 aliam
2062 1258 2207 1281 naturam
2223 1252 2397 1281 humanam
2413 1261 2495 1291 quae

1431 1301 1504 1335 post
1527 1300 1749 1330 assumeretur,
1774 1305 1849 1325 cum
1869 1305 1932 1335 qua
1955 1301 2062 1325 tamen
2086 1301 2289 1325 concurreret
2312 1296 2344 1325 in
2361 1295 2495 1326 eandem

1431 1349 1567 1370 numero
1591 1339 1865 1379 personalitatem;
1891 1345 1922 1369 et
1944 1344 2056 1369 natura
2072 1339 2177 1369 divina
2194 1344 2367 1369 assumeret
2383 1349 2496 1379 quam-

1433 1393 1572 1423 cumque
1582 1389 1727 1413 naturam
1740 1384 1913 1413 humanam
1926 1392 2008 1423 quae
2020 1384 2162 1413 uniretur
2174 1383 2379 1423 personaliter
2389 1384 2495 1414 Verbo

1432 1428 1501 1458 Dei.
1526 1428 1630 1463 Ratio,
1647 1428 1790 1467 inquam,
1816 1433 1862 1457 est
1878 1428 1953 1467 quia
1971 1427 2070 1457 Filius
2086 1428 2146 1457 Dei
2170 1433 2216 1457 est
2232 1437 2288 1457 sua
2304 1427 2411 1463 deitas,
2428 1437 2496 1458 non

1432 1477 1539 1502 autem
1558 1477 1604 1501 est
1623 1481 1679 1501 sua
1695 1471 1884 1501 humanitas.
1908 1471 1994 1501 Hinc
2010 1472 2096 1501 enim
2112 1470 2147 1501 fit
2163 1477 2198 1501 ut
2215 1472 2408 1511 cuicumque
2424 1481 2495 1511 per-

1431 1516 1581 1546 sonaliter
1603 1516 1712 1545 unitur
1735 1515 1834 1544 Filius
1850 1515 1910 1545 Dei
1934 1525 1990 1555 per
2006 1525 2038 1544 se
2055 1516 2169 1554 primo,
2188 1514 2291 1545 eidem
2307 1515 2494 1545 secundario

1431 1560 1560 1589 uniatur
1582 1558 1696 1589 deitas:
1721 1559 1858 1594 uniatur,
1884 1558 1967 1594 dico,
1993 1565 2023 1588 et
2038 1565 2169 1589 naturae
2186 1564 2366 1598 assumptae
2382 1564 2413 1589 et
2429 1560 2495 1589 cui-

1430 1604 1506 1633 libet
1530 1604 1598 1633 eius
1621 1604 1717 1642 parti,
1742 1608 1778 1632 ut
1805 1608 1891 1642 patet
1918 1612 1956 1632 ex
1979 1604 2166 1632 auctoritate
2189 1603 2378 1632 Damasceni
2394 1604 2420 1632 ’ἦ
2454 1603 2496 1633 Et

1430 1648 1505 1677 hinc
1529 1647 1565 1677 fit
1594 1646 1684 1686 quod
1706 1656 1772 1677 una
1793 1647 1974 1676 humanitas
2003 1656 2071 1676 non
2095 1652 2176 1676 esset
2205 1647 2293 1676 unita
2317 1647 2421 1677 alteri:
2452 1647 2496 1677 ita

1431 1691 1521 1731 quod
1550 1700 1610 1720 nec
1640 1691 1700 1730 ipsi
1729 1695 1859 1720 naturae
1892 1695 1965 1729 post
1998 1696 2177 1730 assumptae
2209 1690 2401 1730 praecedens
2424 1691 2495 1720 uni-

1430 1740 1526 1770 retur,
1550 1744 1610 1764 nec
1633 1734 1728 1763 alicui
1752 1734 1820 1763 eius
1843 1734 1940 1773 parti;
1966 1733 2021 1763 sed
2043 1743 2100 1773 per
2116 1733 2262 1763 accidens
2279 1733 2496 1764 coinciderent

1430 1779 1463 1808 in
1487 1787 1585 1808 unam
1608 1787 1789 1817 personam,
1813 1778 1895 1807 inter
1918 1787 1951 1806 se
1975 1777 2139 1807 distinctae
2163 1778 2258 1807 etiam
2280 1778 2365 1807 loco.
2394 1778 2435 1807 Et
2458 1788 2496 1807 ex

1430 1822 1493 1852 hoc
1517 1827 1703 1861 sequeretur
1726 1820 1815 1860 quod
1838 1830 1905 1850 non
1925 1826 2007 1850 esset
2023 1822 2210 1850 communio
2235 1822 2495 1851 convenientium

1430 1866 1475 1895 illi
1498 1874 1653 1905 personae
1685 1864 1863 1895 secundum
1887 1874 1985 1894 unam
2008 1870 2154 1895 naturam
2178 1871 2389 1904 assumptam,
2421 1875 2496 1895 cum

1431 1910 1697 1939 convenientibus
1729 1909 1788 1938 sibi
1820 1909 1998 1939 secundum
2029 1909 2122 1938 aliam
2152 1915 2357 1948 assumptam.
2392 1909 2495 1940 Immo

1428 1958 1538 1993 posset
1562 1953 1657 1983 simul
1680 1953 1763 1982 mori
1786 1952 1964 1983 secundum
1988 1962 2102 1988 unam,
2135 1958 2166 1982 et
2189 1954 2294 1983 vivere
2317 1952 2495 1983 secundum

1431 1998 1534 2027 aliam.
1559 1997 1600 2027 Et
1623 1997 1658 2033 si,
1682 1997 1771 2027 verbi
1792 1998 1900 2036 gratia,
1925 1996 2103 2027 secundum
2126 1998 2262 2036 primam
2277 2002 2422 2027 naturam
2438 2007 2495 2027 vo-

1430 2047 1553 2072 caretur
1565 2041 1720 2077 Christus‚
1738 2046 1768 2071 et
1784 2040 1962 2071 secundum
1978 2040 2152 2071 secundam
2167 2046 2334 2071 vocaretur
2350 2041 2494 2078 Ioannes,

1429 2091 1559 2115 mortuo
1585 2085 1712 2115 Christo
1733 2094 1801 2115 non
1817 2090 1925 2124 posset
1941 2084 2002 2115 dici
2017 2090 2164 2115 mortuus
2180 2085 2325 2121 Ioannes,
2343 2085 2398 2115 sed
2413 2086 2494 2116 bene

1429 2129 1586 2159 diceretur
1616 2134 1763 2159 mortuus
1786 2129 1874 2159 Deus
1898 2134 1930 2159 et
1953 2129 2013 2159 Dei
2036 2129 2151 2159 Filius:
2183 2134 2214 2159 et
2237 2129 2395 2164 similiter,
2419 2130 2493 2159 vivo

1431 2174 1550 2204 Ioanne
1580 2179 1721 2208 tantum,
1751 2182 1820 2203 non
1848 2182 1925 2203 vero
1957 2172 2113 2203 diceretur
2142 2173 2232 2203 vivus
2257 2173 2414 2209 Christus,
2439 2173 2495 2203 sed

1429 2218 1520 2247 vivus
1544 2218 1632 2247 Deus
1657 2222 1698 2247 et.
1710 2217 1771 2247 Dei
1793 2217 1903 2247 Filius.
1927 2217 1968 2247 Et
1991 2217 2035 2247 sic
2059 2216 2098 2247 de
2121 2217 2287 2247 similibus.

1091 2353 1411 2395 ARTICULUS
1442 2352 1716 2395 OCTAVUS

554 2446 711 2477 UTRUM
734 2446 893 2477 FUERIT
917 2445 1051 2476 MAGIS
1075 2445 1352 2476 CONVENIENS
1384 2446 1533 2477 FILIUM
1557 2447 1629 2476 DEI
1653 2446 1888 2476 INCARNARI
1920 2445 2047 2483 QUAM
2070 2445 2249 2475 PATREM

1125 2490 1211 2520 VEL
1235 2489 1438 2521 SPIRITUM
1468 2490 1678 2521 SANCTUM

958 2568 989 2592 111
1009 2568 1092 2598 Sent.‚
1112 2568 1170 2594 dist.
1190 2576 1207 2597 1,
1227 2576 1270 2601 qu.
1289 2576 1316 2598 11,
1336 2574 1382 2594 art.

342 2660 406 2702 hs:
426 2662 483 2696 μς(
522 2660 545 2684 n
564 2659 735 2684 oc'rAvUM
755 2659 806 2684 s1c
826 2659 1061 2684 moer-:orrum
1087 2647 1249 2684 Videtur
1267 2648 1374 2697 quod

335 2687 604 2759 'wlff
622 2699 734 2736 fuerit
752 2699 872 2748 magis
887 2700 1123 2737 conveniens
1142 2700 1284 2738 Filium
1303 2700 1375 2737 Dei

329 2750 371 2810 Ἀ
386 2741 710 2808 fincarnari
748 2765 867 2801 quam
902 2754 1055 2790 Patrem
1090 2755 1152 2790 vel
1190 2753 1374 2802 Spiritum

368 2779 467 2839 4⁹⁴5)
482 2795 721 2842 &Sanctum
759 2806 833 2842 Per
859 2806 1086 2855 mysterium
1122 2806 1226 2843 enim
1254 2806 1374 2843 incar-

313 2857 478 2896 nationis
497 2858 676 2894 homines
695 2858 744 2894 ad
762 2869 895 2895 veram
914 2858 985 2895 Dei
1008 2858 1267 2907 cognitionem
1287 2866 1375 2895 sunt

312 2910 506 2961 perducti:
546 2910 758 2947 secundum
798 2910 891 2947 illud
918 2912 1021 2948 Ioan.
1048 2923 1129 2948 xvm
1154 2911 1193 2948 *z
1230 2914 1275 2948 In
1304 2913 1374 2949 hoc

313 2970 420 3002 natus
445 2976 539 3010 sum,
560 2969 593 3000 et
620 2963 671 3000 ad
687 2964 757 3000 hoc
774 2965 860 3000 veni
885 2964 922 3000 in
943 2964 1135 3010 mundum,
1156 2970 1194 3000 ut
1220 2966 1374 3002 testimo-

313 3018 416 3054 nium
438 3018 672 3066 perhiberem
699 3016 852 3054 veritati.
882 3016 958 3052 Sed
978 3028 1025 3052 ex
1052 3017 1128 3053 hoc
1155 3017 1262 3065 quod
1289 3029 1373 3065 per-

313 3081 409 3106 sona
435 3069 520 3106 Filii
547 3068 621 3105 Dei
648 3075 703 3104 est
731 3068 935 3114 incarnata,
957 3067 1068 3104 multi
1095 3067 1266 3117 impediti
1294 3070 1373 3106 fue-

313 3129 402 3159 runt
429 3134 451 3158 a
478 3134 570 3158 vera
588 3121 660 3158 Dei
689 3120 915 3168 cognitione,
936 3132 981 3157 ea
1000 3132 1099 3170 quae
1127 3121 1308 3158 dicuntur
1325 3121 1373 3158 de

313 3173 409 3212 Filio
429 3174 646 3211 secundum
674 3174 888 3210 humanam
907 3180 1082 3210 naturam
1103 3173 1305 3211 referentes
1325 3174 1374 3211 ad

313 3227 438 3277 ipsam
463 3226 550 3264 Filii
567 3238 795 3276 personam:
826 3225 922 3262 sicut
940 3225 1065 3272 Arius,
1086 3225 1154 3274 qui
1171 3225 1300 3274 posuit
1318 3226 1373 3262 in-

313 3279 580 3329 aequalitatem
607 3291 861 3329 personarum
890 3286 1046 3327 propter
1072 3278 1148 3314 hoc
1175 3278 1283 3326 quod
1318 3278 1373 3314 di-

313 3332 411 3369 citur
427 3333 530 3369 Ioan.
551 3345 611 3369 mv
628 3332 659 3379 ²⁵⁸,
679 3334 791 3369 Pater
808 3333 931 3368 maior
949 3343 1009 3367 me
1027 3336 1097 3374 est‚·
1125 3330 1191 3379 qui
1214 3330 1373 3379 quidem

315 3395 421 3422 error
438 3396 518 3422 non
537 3384 776 3434 provenisset
795 3384 825 3420 si
844 3395 1009 3433 persona
1036 3382 1154 3419 Patris
1180 3382 1373 3420 incarnata

314 3434 462 3484 suisset3
484 3438 612 3474 nullus
632 3436 735 3474 enim
755 3436 1002 3473 existimasset
1020 3437 1173 3472 Patrem
1191 3435 1287 3472 Filio
1303 3435 1373 3472 mi-

316 3501 463 3526 norem.
481 3489 603 3538 Magis
617 3502 707 3539 ergo
722 3489 873 3527 videtur
886 3488 1120 3526 conveniens
1138 3487 1251 3525 fuisse
1266 3489 1373 3537 quod

316 3553 480 3590 persona
507 3542 626 3580 Patris
652 3542 912 3579 incarnaretur
937 3554 1056 3591 quam
1084 3553 1248 3590 persona
1276 3540 1370 3578 Filii.

1404 2576 1433 2599 2;
1453 2569 1486 2593 IV
1509 2569 1585 2594 Cont.
1607 2570 1693 2597 Gent.‚
1714 2576 1768 2600 cap.
1787 2576 1847 2593 xLu.

1484 2659 1517 2684 2.
1557 2649 1797 2694 PRAETEREA,
1837 2645 2105 2684 incarnationis
2146 2647 2302 2683 effeetus
2339 2645 2491 2684 videtur

1429 2712 1510 2737 esse
1546 2699 1727 2737 recreatio
1763 2700 1956 2749 quaedam
1988 2700 2181 2735 humanae
2216 2706 2395 2736 naturae:
2433 2712 2489 2736 se-

1428 2754 1603 2790 cundum
1631 2753 1723 2789 illud
1756 2753 1875 2789 Galat.
1896 2754 1961 2788 ult.
1989 2752 2027 2787 ³1‘:
2065 2754 2111 2787 In
2144 2753 2286 2788 Christo
2314 2753 2399 2788 Iesu
2429 2765 2488 2789 ne-

1428 2818 1497 2855 que
1524 2807 1753 2842 circumcisio
1790 2805 1929 2854 aliquid
1958 2804 2053 2842 valet
2081 2816 2197 2852 neque
2227 2806 2486 2853 praeputium,

1426 2858 1492 2895 sed
1518 2871 1614 2896 nova
1642 2863 1824 2894 creatura.
1856 2857 1931 2894 Sed
1959 2855 2128 2905 potentia
2163 2855 2317 2892 creandi
2349 2869 2488 2906 appro-

1427 2910 1572 2959 priatur
1599 2910 1710 2947 Patri.
1741 2910 1841 2957 Ergo
1880 2909 1999 2957 magis
2027 2907 2214 2945 decuisset
2250 2910 2404 2946 Patrem
2432 2909 2488 2947 in-

1428 2963 1574 3000 carnari
1602 2975 1721 3011 quam
1749 2961 1900 2998 Filium.
2230 2988 2233 2992 ,

1483 3016 1516 3052 3.
1547 3017 1777 3060 PRAETEREA,
1807 3013 2014 3050 incarnatio
2050 3013 2248 3050 ordinatur
2279 3014 2328 3050 ad
2357 3014 2488 3051 remis-

1427 3068 1576 3105 sionem
1603 3074 1870 3116 peccatorum:
1901 3067 2117 3103 secundum
2141 3066 2233 3103 illud
2261 3067 2396 3103 Matth.
2418 3067 2485 3104 1²¹⁸:

1435 3122 1588 3158 Vocabis
1617 3131 1750 3156 nomen
1779 3120 1855 3155 eius
1878 3121 2023 3156 Iesum:
2050 3120 2126 3169 ipse
2145 3121 2243 3156 enim
2269 3120 2413 3157 salvum
2422 3120 2486 3168 sa-

1427 3175 1494 3210 ciet
1522 3173 1704 3222 populum
1737 3184 1845 3208 suum
1873 3185 1896 3208 a
1918 3173 2080 3221 peccatis
2116 3184 2257 3209 eorum.
2296 3172 2485 3210 Remissio

1427 3234 1557 3263 autem
1593 3232 1842 3274 peccatorum
1877 3224 2091 3261 attribuitur
2128 3224 2285 3273 Spiritui
2323 3225 2484 3262 Sancto:

1426 3278 1642 3314 secundum
1661 3277 1754 3314 illud
1773 3278 1876 3314 Ioan.
1892 3290 1940 3313 xx
1953 3277 1992 3314 *ε
2013 3278 2178 3326 Accipite
2198 3279 2373 3326 Spiritum
2393 3279 2486 3315 San-

1426 3336 1545 3367 ctum:
1572 3342 1729 3379 quorum
1752 3331 1962 3367 remiseritis
1983 3336 2149 3379 peccata,
2171 3331 2396 3367 remittentur
2423 3332 2484 3368 eis.

1427 3383 1527 3430 Ergo
1547 3382 1667 3431 magis
1695 3382 1929 3431 congruebat
1947 3394 2155 3431 personam
2178 3381 2338 3431 Spiritus
2358 3382 2486 3420 Sancti

1427 3435 1614 3473 incarnari
1641 3448 1761 3485 quam
1788 3447 1995 3484 personam
2023 3434 2117 3472 Filii.

1481 3489 1554 3526 SED
1589 3500 1733 3526 CONTRA
1769 3500 1834 3526 EsT
1871 3488 1977 3537 quod
2009 3489 2273 3525 Damascenus
2307 3487 2416 3535 dicit,
2446 3487 2485 3525 in

1426 3542 1470 3578 III
1499 3541 1594 3578 libro
1613 3541 1652 3578 *t
1682 3543 1728 3578 In
1758 3543 1933 3590 mysterio
1960 3542 2224 3578 incarnationis
2251 3542 2484 3589 manifestata

2522 1602 2532 1612 ⁴
2548 1601 2592 1623 eit.
2608 1607 2655 1629 arg.
2670 1608 2691 1630 3.

2516 2763 2526 2773 ⁸
2541 2762 2562 2783 V
2564 2768 2607 2784 ers.
2624 2769 2656 2792 ¹5.

2515 3075 2526 3085 ⁴
2542 3073 2607 3094 Vers.
2622 3079 2656 3095 αι.

2515 3290 2525 3300 ·
2538 3289 2605 3311 Vei-s.
2619 3295 2653 3315 22,
2668 3295 2701 3318 23.

2513 3531 2522 3540 ⁸
2531 3530 2567 3550 De
2581 3529 2637 3550 Fide
2651 3528 2719 3550 Orth.

2512 3556 2551 3577 lib.
2568 3556 2605 3582 111,
2621 3561 2670 3582 cap.
2685 3561 2699 3576 ι.
