2872 3970
386 294 458 330 174

1073 283 1336 329 QUAESTIO
1365 283 1464 329 XIII,

1493 281 1786 319 ARTICULUS
1815 282 1844 318 II

1057 414 1391 446 Commentario»
1413 411 1666 443 cardinalis
1687 411 1889 444 Caietani

444 515 551 536 minus
584 510 619 535 ut
651 510 758 540 sonat,
790 503 1012 544 intelligendus
1037 509 1092 533 est.
1111 521 1134 524 —
1164 502 1199 532 In
1230 511 1365 542 corpore
1389 501 1447 530 tria

385 518 543 580 Tfiunt:
576 549 696 589 primo,
719 553 885 588 ponuntur
915 547 995 577 duae
1026 547 1257 581 distinctiones;
1289 544 1447 580 secundo,

383 599 549 634 ponuntur
565 599 626 623 tres
642 592 882 626 conclusiones;
906 591 1009 626 tertio,
1027 600 1064 620 ex
1081 589 1170 620 dictis
1187 589 1448 620 conclusionibus

384 637 595 678 respondetur
619 637 764 676 quaesito
787 636 942 675 negative.

440 681 557 720 Quoad
580 681 734 720 primum,
758 681 889 719 ponitur
913 678 1072 709 distinctio
1096 678 1296 708 trimembris.
1332 676 1448 707 Trans—

385 726 578 756 mutationes
608 730 682 754 sunt
709 723 863 763 triplices:
897 722 1056 762 quaedam
1086 721 1260 757 naturales;
1292 720 1449 761 quaedam

384 770 610 809 miraculosae;
636 766 793 807 quaedam
817 765 995 797 secundum
1018 765 1251 796 vertibilitatem
1267 766 1300 795 in
1315 764 1404 794 nihil.

440 813 547 843 Altera
571 811 730 842 distinctio
755 816 802 841 est
825 810 1019 840 bimembris.
1043 810 1160 839 Anima
1177 809 1294 839 Christi
1314 809 1450 838 sumitur

385 856 567 897 dupliciter:
580 855 630 885 vel
647 854 825 885 secundum
841 854 1003 893 propriam
1019 854 1178 889 virtutem,
1192 853 1257 883 sive
1273 852 1449 882 naturalem

385 902 450 931 sive
480 900 667 940 gratuitam;
704 899 754 928 vel
785 897 964 928 secundum
1000 897 1090 937 quod
1120 903 1166 927 est
1201 898 1450 927 instrumentum

384 945 482 975 Verbi
506 944 575 974 Dei.

440 988 558 1025 Quoad
581 986 770 1022 secundum,
794 987 896 1026 prima
913 985 1078 1016 conclusio
1096 991 1158 1016 est:
1183 985 1300 1016 Anima
1319 985 1449 1021 Christi,

383 1032 558 1062 secundum
581 1031 753 1071 propriam
778 1030 943 1066 virtutem,
975 1029 1086 1060 habuit
1109 1028 1288 1070 potentiam
1312 1029 1355 1060 ad
1378 1029 1452 1060 illos

385 1076 516 1117 effectus
529 1074 723 1117 faciendum
757 1074 812 1115 qui
841 1079 917 1105 sunt
939 1074 1068 1104 animae
1094 1073 1326 1104 convenientes.
1362 1073 1451 1103 Haec

385 1121 551 1150 conclusio
575 1129 643 1149 non
666 1119 836 1158 probatur,
867 1117 923 1148 sed
945 1117 1163 1148 manifestatur
1190 1116 1298 1157 quoad
1321 1116 1452 1148 effectus

385 1170 464 1194 tres:
489 1165 553 1194 hoc
578 1169 633 1199 est,
658 1163 924 1203 gubernationem
943 1163 1102 1202 corporis;
1127 1161 1370 1201 dispositionem
1393 1162 1452 1191 hu-

385 1218 557 1239 manorum
573 1213 722 1243 actuum;
747 1213 777 1237 et
792 1207 1062 1237 illuminationem
1077 1206 1225 1236 omnium
1248 1215 1305 1246 per
1320 1206 1452 1246 gratiam

387 1259 418 1283 et
441 1253 616 1283 scientiam.

443 1296 589 1327 Secunda
618 1295 784 1326 conclusio
809 1300 872 1325 est:
902 1294 1019 1324 Anima
1046 1293 1182 1330 Christi,
1207 1298 1243 1324 ut
1265 1298 1311 1324 est
1334 1293 1452 1324 instru-

387 1346 527 1371 mentum
556 1340 648 1370 Verbi
674 1340 734 1370 sibi
758 1338 977 1380 personaliter
1001 1338 1099 1374 uniti,
1123 1338 1234 1368 habuit
1261 1338 1453 1369 instrumen—

388 1385 484 1416 talem
509 1385 657 1415 virtutem
673 1384 716 1414 ad
736 1393 844 1413 omnes
868 1383 1107 1413 immutationes
1129 1382 1342 1413 miraculosus
1366 1382 1454 1413 ordi-

389 1429 510 1459 nabiles
526 1428 568 1459 ad
591 1427 827 1458 incarnationis
840 1427 955 1468 finem.
980 1427 1021 1456 Et
1035 1427 1114 1456 haec
1134 1435 1267 1466 quoque
1286 1427 1453 1457 conclusio

388 1483 456 1503 non
480 1473 568 1503 aliter
591 1473 759 1512 probatur:
785 1469 1075 1501 sed'manifestatur
1098 1469 1287 1500 declarando
1311 1471 1454 1501 incarna-

388 1518 484 1547 tionis
514 1517 612 1547 finem
636 1526 703 1546 esse
727 1516 913 1546 instaurare
943 1515 1068 1550 omnia,
1098 1515 1164 1544 sive
1187 1524 1269 1554 quae
1299 1514 1331 1544 in
1356 1515 1455 1545 caelis

388 1562 455 1592 sive
477 1571 559 1601 quae
583 1561 615 1591 in
633 1560 728 1591 terris
746 1564 840 1596 sunt;
864 1558 953 1599 quod
972 1558 1247 1589 consummabitur
1270 1568 1345 1588 cum
1370 1568 1453 1589 nova

149 1606 238 1634 ‘Apoa
253 1611 304 1634 0³1³·
313 1611 362 1632 ¹²⁵¹,
379 1606 467 1648 fient
490 1605 599 1635 omnia
615 1605 641 1640 ἦ
666 1610 697 1634 et
719 1604 808 1634 Deus
832 1603 894 1633 erit
917 1603 1026 1633 omnia
1047 1602 1078 1632 in
1104 1602 1250 1632 omnibus
1265 1603 1309 1632 ἢ.

147 1639 242 1680 νει-εὴ.

150 1659 212 1680 ”Ia
238 1659 292 1680 Cor.
311 1665 363 1686 cap.

150 1692 189 1713 xv,
203 1691 263 1707 vers.
278 1675 313 1707 25³3.

155 2445 166 2456 ⁸
177 2444 222 2472 Qu.
233 2450 284 2471 vui,
294 2448 335 2466 art.
346 2450 367 2472 3,

154 2478 178 2497 4.

160 3105 169 3113 ·
180 3103 227 3130 Qu.
239 3109 286 3129 vm,
297 3107 330 3124 art
352 3112 368 3130 ι,

160 3129 187 3150 ad
205 3137 222 3151 ι.
238 3139 247 3144 -
262 3130 296 3151 Cf.
313 3130 370 3150 ibid.

161 3156 291 3203 Ιίὲἳπιπιεηῐ.
306 3162 368 3178 num.

162 3412 171 3420 ⁴
193 3410 238 3431 (irc
257 3425 262 3429 .
284 3410 370 3431 Mural.

162 3438 200 3458 lib.
227 3416 292 3462 lng,
322 3443 370 3463 cap.

161 3469 247 3489 xxxvii.
270 3463 297 3484 al.
320 3469 371 3488 xv13

161 3490 184 3511 in
201 3494 243 3511 vet.
259 3494 322 3510 xviii.

445 1649 552 1679 Tertia
580 1649 746 1679 conclusio
771 1653 832 1678 est:
863 1647 958 1677 Solus
980 1647 1070 1677 Deus
1096 1651 1202 1687 potest
1229 1651 1398 1676 creaturas
1421 1647 1454 1677 in

391 1694 525 1724 nihilum
557 1693 714 1734 redigere.
745 1692 910 1722 Probatur.
943 1691 1027 1728 Quia
1050 1691 1137 1721 solus
1167 1696 1273 1730 potest
1295 1700 1400 1721 creare
1425 1696 1456 1721 et

391 1747 594 1768 conservare:
619 1737 799 1767 immutatio
824 1742 931 1766 autem
954 1736 987 1765 in
1006 1735 1085 1765 nihil
1107 1735 1279 1775 respondet
1303 1735 1455 1765 creationi

391 1793 429 1813 ex
454 1782 566 1812 nihilo.

446 1825 629 1865 Principalis
646 1824 811 1854 conclusio
829 1829 889 1854 est:
908 1823 1024 1853 Anima
1040 1823 1160 1853 Christi
1172 1832 1236 1852 non
1249 1823 1343 1853 habet
1354 1823 1456 1853 omni-

385 1870 565 1911 potentiam
597 1874 739 1909 respectu
767 1867 998 1898 immutationis
1021 1872 1256 1897 creaturarum.
1293 1867 1333 1896 Et
1362 1867 1456 1897 relin-

392 1915 500 1954 quitur
523 1913 614 1948 clara,
638 1919 790 1952 tanquam
815 1921 1016 1951 consequens
1041 1921 1077 1941 ex
1094 1910 1258 1941 antedictis
1275 1911 1455 1940 conclusio-

391 1959 495 1988 nibus.

448 2002 484 2032 11.
507 2001 548 2031 Et
563 2002 642 2031 scito
660 2000 749 2040 quod
765 2000 885 2039 primae
901 1999 982 2030 duae
999 1999 1223 2030 conclusiones
1238 1998 1458 2038 intelliguntur

394 2056 468 2077 cum
491 2045 688 2085 praecisione
709 2044 863 2074 aliorum:
889 2049 966 2083 puta
985 2043 1084 2083 quod,
1101 2042 1279 2073 secundum
1295 2043 1457 2082 propriam

392 2092 552 2125 virtutem,
569 2089 679 2119 habuit
698 2094 822 2118 tanturn
845 2089 1022 2127 potentiam
1046 2086 1085 2117 ad
1107 2086 1361 2126 gubemandum‚
1379 2092 1456 2122 etc.;

394 2140 425 2165 et
448 2134 598 2168 similiter,
623 2138 659 2162 ut
681 2132 928 2162 instrumentum
951 2131 1056 2167 Verbi,
1081 2132 1192 2161 habuit
1214 2131 1391 2170 potentiam
1419 2130 1458 2160 ad

392 2179 446 2209 illa
468 2183 603 2212 tanturn,
628 2182 659 2207 et
681 2186 749 2206 non
772 2176 811 2206 ad
834 2175 1075 2205 annihilandum
1099 2181 1152 2205 aut
1176 2174 1358 2205 creandum.
1390 2175 1458 2205 Nec

393 2223 479 2252 hunc
504 2231 633 2251 sensum
658 2225 785 2260 oportet
808 2221 959 2260 probare:
985 2220 1059 2259 quia
1082 2219 1242 2249 distinctio
1265 2220 1334 2259 ipsa
1356 2219 1389 2249 in
1409 2219 1458 2248 lit-

393 2273 459 2297 tera
482 2266 564 2296 facta
587 2265 710 2305 probat,
735 2270 765 2294 et
787 2265 820 2294 in
844 2264 945 2294 littera
968 2264 1063 2294 huius
1087 2263 1281 2303 quaestionis
1306 2263 1388 2293 clare
1403 2263 1459 2293 ha-

393 2312 495 2346 betur,
519 2316 554 2340 ut
578 2314 664 2349 patet
687 2309 833 2338 intuenti.

449 2354 511 2385 Sed
535 2354 559 2383 si
576 2354 736 2393 quaeritur
753 2362 849 2392 quare
865 2353 989 2383 Auctor
1004 2362 1071 2382 non
1087 2352 1233 2392 probavit
1248 2352 1365 2392 primas
1381 2361 1459 2382 con—

395 2399 564 2433 clusiones,
589 2396 819 2437 respondeatur
842 2396 932 2436 quod
954 2397 1056 2436 prima
1079 2406 1117 2426 ex
1135 2402 1246 2426 natura
1270 2396 1404 2432 animae,
1429 2401 1460 2425 et

395 2452 432 2472 ex
457 2442 547 2472 dictis
571 2441 609 2472 de
632 2442 730 2481 gratia
754 2441 871 2471 Christi
887 2442 913 2476 ἅ,
938 2440 1028 2480 quod
1051 2445 1098 2470 est
1121 2445 1217 2480 caput
1239 2440 1409 2470 hominum
1430 2445 1460 2470 et

394 2487 592 2526 angelorum,
610 2492 680 2521 etc.‚
704 2495 761 2525 per
780 2495 813 2515 se
836 2490 913 2514 nota
936 2485 1045 2514 relicta
1061 2489 1116 2514 est.
1139 2502 1163 2507 —
1186 2483 1333 2514 Secunda
1352 2489 1459 2514 autem

395 2530 586 2560 sufficienter
609 2530 742 2570 probata
758 2535 804 2559 est
823 2539 860 2559 ex
876 2528 940 2559 fine
956 2533 1143 2558 monstrato.
1167 2528 1253 2565 Quia
1267 2529 1459 2558 instrumen-

394 2581 463 2605 tum
484 2575 649 2605 ductivum
679 2573 773 2603 debet
796 2581 863 2603 esse
891 2573 930 2603 ad
953 2572 1067 2608 finem,
1099 2578 1459 2612 commensuratumque

394 2619 455 2649 illi:
488 2624 523 2656 ut
553 2619 801 2648 instrumentum
830 2622 948 2647 tamen.
983 2615 1076 2647 Unde
1107 2626 1145 2646 ex
1175 2616 1239 2646 hoc
1268 2617 1339 2656 ipso
1371 2615 1459 2655 quod

395 2664 500 2693 anima
523 2662 640 2692 Christi
664 2667 710 2691 est
732 2662 978 2691 instrumentum
1001 2661 1168 2700 proprium
1184 2661 1280 2690 Verbi
1296 2661 1458 2696 incarnati,

395 2713 426 2737 et
449 2706 520 2737 finis
544 2706 768 2736 incarnationis
793 2711 838 2736 est
860 2705 1045 2735 instauratio
1070 2705 1226 2740 omnium,
1251 2705 1384 2734 habetur
1399 2709 1459 2734 sta-

394 2752 451 2781 tim
476 2750 565 2790 quod
589 2750 694 2780 anima
718 2749 834 2779 Christi
857 2748 1136 2779 instrumentaliter
1159 2753 1265 2788 potest
1288 2748 1327 2778 ad
1351 2749 1460 2778 omnia

395 2795 547 2825 miracula
570 2799 753 2834 opportuna
777 2793 816 2823 ad
838 2793 1100 2823 instaurationem
1124 2793 1281 2822 omnium.

440 2839 491 2869 111.
515 2839 600 2868 Nota
624 2838 860 2877 diligentissime
884 2843 920 2878 ut
936 2847 973 2867 ex
990 2836 1134 2867 doctrina
1148 2837 1321 2876 praesentis
1337 2837 1458 2867 articuli

396 2883 553 2913 discernas
576 2883 609 2912 in
633 2882 761 2922 speciali
785 2881 863 2921 quid
886 2882 944 2911 sub
969 2890 1102 2921 quoque
1125 2881 1270 2911 membro
1295 2881 1458 2911 continea-

396 2933 456 2962 tur,
480 2933 516 2956 ut
538 2926 611 2956 inde
635 2927 713 2956 scias
737 2925 815 2966 quid
839 2925 922 2956 cadit
944 2926 1002 2955 sub
1019 2924 1250 2955 instrumentali
1267 2924 1384 2955 Christi
1399 2934 1459 2965 po-

396 2971 502 3001 tentia.
538 2971 619 3001 Dico
645 2976 751 3000 autem
775 2970 838 3000 hoc
862 2969 1051 3009 specialiter,
1075 2966 1197 3009 primo,
1221 2973 1352 3008 propter
1374 2968 1458 2999 infu-

396 3015 519 3045 sionem
543 3016 658 3054 gratiae
681 3020 805 3054 gratum
829 3013 987 3049 facientis,
1013 3022 1110 3053 quam
1133 3013 1275 3043 membra
1298 3013 1458 3043 Ecclesiae

397 3059 511 3089 habere
535 3068 552 3088 a
576 3058 703 3089 Christo
731 3059 833 3098 capite
861 3057 1004 3088 effective
1034 3057 1314 3088 instrumentaliter
1336 3057 1459 3087 Auctor

397 3103 541 3142 superius
558 3103 573 3119 ἅ
597 3102 683 3132 dixit.
718 3102 759 3132 Et
788 3102 862 3132 hinc
892 3107 1022 3142 apparet
1052 3111 1119 3131 non
1143 3100 1372 3141 comprehendi
1399 3101 1457 3131 sub

397 3147 625 3176 mutationibus
656 3155 738 3185 quae
762 3146 958 3175 conveniunt
982 3150 1141 3176 creaturae
1165 3144 1342 3175 secundum
1365 3145 1458 3175 verti-

397 3190 548 3220 bilitatem
574 3191 604 3219 in
629 3190 716 3219 nihil.
741 3189 914 3226 Quoniam,
940 3199 1014 3219 cum
1031 3195 1179 3229 peccator
1194 3188 1297 3229 perdit
1316 3189 1457 3229 gratiam,

398 3239 521 3263 constat
536 3233 667 3273 gratiam
683 3242 749 3262 non
766 3233 943 3262 annihilari:
962 3242 1036 3263 cum
1052 3234 1139 3263 Deus
1155 3242 1322 3273 nunquam
1339 3232 1457 3273 aliquid

398 3277 558 3307 annihilet.
588 3277 628 3307 Et
652 3282 884 3315 consequenter
907 3282 992 3315 patet
1016 3276 1104 3316 quod
1127 3278 1257 3317 gratiam
1281 3277 1457 3317 poenitenti

399 3320 574 3351 concedere
598 3330 664 3350 non
689 3325 734 3350 est
758 3329 872 3355 creare,
896 3321 1024 3359 proprie
1048 3321 1223 3360 loquendO.
1252 3321 1293 3351 Et
1316 3321 1458 3351 similiter

398 3365 503 3394 Deum
535 3373 721 3394 conservare
751 3363 881 3403 gratiam
913 3363 946 3392 in
969 3364 1073 3393 anima
1103 3374 1169 3394 non
1194 3370 1240 3394 est
1271 3374 1457 3395 conservare

399 3409 589 3438 continuans
613 3408 823 3442 creationem,
857 3406 895 3436 de
919 3415 985 3446 quo
1010 3406 1124 3438 dicitur
1139 3409 1155 3424 ⁴*
1179 3409 1267 3448 quod
1292 3408 1399 3439 omnia
1425 3409 1456 3439 in

400 3451 533 3481 nihilum
557 3451 800 3493 redigerentur,
829 3450 891 3481 nisi
914 3459 951 3480 ea
982 3460 1096 3480 manus
1123 3451 1354 3491 Omnipotentis
1381 3461 1457 3482 con—

398 3501 551 3525 servaret.
582 3495 670 3525 Haec
694 3495 779 3525 enim
803 3494 876 3529 tria,
902 3493 1020 3523 scilicet
1044 3494 1179 3528 creatio,
1206 3496 1403 3526 conservatio
1427 3502 1457 3526 et

400 3539 594 3573 annihilatio,
611 3539 668 3568 sibi
685 3539 822 3568 invicem
844 3538 885 3567 ita
901 3537 1093 3577 respondent
1110 3543 1144 3567 ut
1161 3539 1311 3568 creationi
1328 3548 1363 3569 ac
1381 3547 1458 3569 con-

400 3582 567 3612 servationi
584 3592 649 3612 non
664 3588 846 3622 opponatur
862 3581 920 3611 nisi
937 3581 1132 3617 annihilatio,
1146 3587 1175 3611 et
1192 3591 1209 3611 e
1222 3588 1340 3611 contra.
1362 3582 1458 3612 Clau-

1503 500 1587 531 ditur
1610 510 1685 542 ergo
1709 501 1828 531 infusio
1851 501 1967 542 gratiae
1990 501 2048 531 sub
2070 509 2185 540 genere
2208 499 2470 530 miraculosarum
2488 503 2564 531 'mu-

1502 545 1678 575 tationum:
1711 545 1855 585 quamvis
1885 552 1956 575 non·
1976 545 2015 574 sit
2037 545 2166 584 proprie
2189 544 2397 580 miraculosa,
2422 544 2497 583 quia
2519 549 2567 574 est

1503 588 1681 620 secundum
1712 588 1908 619 ordinarium
1938 598 2067 618 cursum
2098 587 2218 618 ordinis
2247 587 2493 628 supernaturalis
2517 587 2566 618 ad

1502 633 1636 673 patriam
1660 633 1838 664 caelestem.
2200 659 2202 662 .

1559 676 1708 707 Secundo
1739 676 1813 708 dico
1842 677 1907 708 hoc
1928 682 2059 717 propter
2085 676 2453 712 transubstantiationem
2475 675 2567 716 panis

1502 721 1537 751 in
1561 730 1678 760 corpus
1701 720 1828 751 Christi.
1859 720 2024 759 Quoniam
2046 721 2110 751 hoc
2134 729 2267 760 quoque
2290 720 2349 750 sub
2371 729 2488 760 genere
2511 728 2567 750 eo-

1504 764 1578 796 dem
1602 764 1793 801 continetur,
1817 764 1936 795 scilicet
1954 764 2216 794 immutationum
2231 763 2512 794 miraculosarum:
2537 768 2568 794 et

1503 817 1571 838 non
1597 809 1656 838 sub
1679 808 1858 838 mutatione
1886 808 2063 838 creationis,
2099 807 2198 846 Quod
2229 817 2266 838 ex
2291 816 2330 838 eo
2361 813 2448 848 patet
2478 806 2568 847 quod

1504 853 1622 883 creatio
1646 858 1694 882 est
1716 862 1754 882 ex
1776 851 1888 888 nihilo,
1912 852 2202 882 transubstantiatio
2219 857 2327 882 autem
2350 857 2398 882 est
2412 860 2451 882 ex
2466 853 2566 891 pane:

1504 897 1621 927 creatio
1643 896 1718 926 facit
1732 901 1838 926 totum
1853 904 1987 932 novum,
2010 895 2302 926 transubstantiatio
2317 894 2463 926 transfert
2478 894 2569 935 quod

1505 946 1570 971 erat
1592 941 1626 970 in
1649 939 1736 970 aliud
1758 940 1981 980 praeexistens.
2008 939 2102 970 Unde
2126 945 2158 970 et
2180 940 2280 970 sancti
2302 939 2418 977 Patres,
2443 945 2475 970 et
2497 948 2569 979 spe-

1504 985 1623 1015 cialiter
1645 984 1834 1014 Ambrosius
1857 984 1960 1024 arguit
1989 983 2356 1014 transubstantiationem
2381 983 2569 1023 possibilem

1505 1039 1542 1059 ex
1559 1029 1730 1063 creatione,
1747 1033 1900 1068 tanquam
1915 1028 2016 1068 magis
2032 1026 2161 1063 difficili,
2178 1026 2287 1058 dicens
2297 1027 2328 1057 ἐ
2345 1026 2458 1057 Sermo
2477 1026 2570 1057 Chri-

1503 1073 1554 1109 sti,
1571 1073 1626 1113 qui
1643 1072 1753 1113 potuit
1768 1081 1809 1102 ex
1825 1071 1925 1102 nihilo
1932 1071 2052 1113 facere
2067 1070 2154 1112 quod
2169 1080 2234 1101 non
2251 1075 2331 1106 erat,
2348 1070 2449 1101 multo
2466 1070 2571 1112 magis

1495 1118 1615 1160 facere
1632 1121 1741 1158 potest
1763 1121 1799 1146 ut
1820 1116 1863 1146 sit
1884 1115 1971 1156 quod
1992 1119 2065 1146 erat
2086 1115 2119 1146 in
2136 1115 2228 1146 aliud
2243 1119 2512 1146 transmutatum:
2535 1119 2572 1144 ut

1505 1167 1592 1202 patet
1614 1160 1654 1191 de
1672 1161 1834 1196 Consecr„
1859 1159 1929 1190 dist.
1947 1159 1984 1195 11,
2009 1169 2078 1190 can.
2094 1159 2203 1194 Panis,
2228 1165 2259 1189 et
2282 1168 2351 1189 can.
2367 1159 2504 1190 Revera.

1560 1205 1602 1236 Et
1624 1206 1702 1236 haec
1725 1210 1836 1235 notata
1858 1204 1920 1234 sint
1943 1210 1979 1234 ut
2002 1203 2142 1234 advertat
2163 1203 2264 1234 lector
2286 1203 2365 1234 haec
2388 1212 2485 1243 posse
2502 1202 2573 1234 fieri

1507 1260 1525 1280 a
1540 1250 1611 1280 Deo
1635 1249 1849 1280 mediantibus
1865 1248 2092 1284 instrumentis,
2117 1253 2148 1278 et
2166 1257 2234 1278 non
2249 1247 2356 1278 solum
2371 1246 2571 1278 immediate:

1506 1295 1588 1324 sicut
1612 1295 1707 1324 etiam
1722 1292 1791 1323 fieri
1806 1297 1913 1333 potest
1928 1291 2116 1323 resurrectio
2131 1289 2346 1328 mortuorum,
2364 1296 2395 1322 et
2409 1291 2489 1332 poni
2505 1289 2572 1322 duo

1507 1347 1643 1378 corpora
1658 1338 1692 1368 in
1708 1336 1824 1368 eodem
1839 1336 1925 1372 loco,
1943 1342 1974 1366 et
1990 1335 2147 1376 quidquid
2164 1334 2323 1366 eiusmodi
2339 1341 2401 1371 est;
2426 1335 2572 1375 quamvis

1507 1382 1646 1422 requirat
1668 1380 1825 1411 infinitam
1848 1381 1998 1410 virtutem
2021 1380 2055 1410 in
2078 1384 2191 1419 agente
2213 1379 2390 1419 principali.

1563 1426 1615 1456 IV.
1640 1425 1734 1456 Circa
1757 1425 1936 1455 doctrinam
1958 1425 2132 1464 praesentis
2155 1423 2279 1454 articuli
2301 1422 2436 1454 dubium
2459 1432 2573 1454 occur-

1506 1470 1556 1506 rit,
1580 1479 1639 1510 pro
1664 1474 1785 1509 quanto
1805 1469 1898 1508 ponit
1913 1469 1947 1499 in
1963 1469 2068 1498 anima
2083 1467 2201 1498 Christi
2216 1468 2366 1498 virtutem
2381 1468 2573 1498 instrumen-

1507 1514 1603 1544 talem
1627 1513 1666 1544 ad
1690 1513 1799 1544 omnia
1821 1512 1982 1542 miracula.
2007 1512 2063 1542 Est
2086 1517 2194 1542 autem
2212 1512 2291 1542 ratio
2308 1511 2406 1547 dubii,
2431 1512 2507 1551 quia
2521 1511 2573 1543 vel

1509 1558 1632 1588 Auctor
1654 1557 1799 1597 intelligit
1823 1556 1862 1586 de
1879 1565 1973 1586 causa
1987 1555 2220 1586 instrumentali
2235 1555 2379 1595 proprie:
2404 1555 2454 1585 vel
2476 1555 2572 1596 large,

1496 1611 1566 1642 vpro
1584 1611 1678 1632 causa
1693 1601 1762 1631 sine
1776 1610 1840 1641 qua
1857 1609 1932 1630 non.
1957 1599 1990 1630 Si
2005 1600 2144 1640 proprie,
2162 1599 2265 1629 obstat
2287 1604 2364 1629 tunc
2384 1604 2415 1629 et
2430 1598 2575 1630 doctrina

1508 1645 1669 1681 Auctoris,
1682 1650 1713 1675 et
1725 1643 1904 1675 Durandus.
1921 1643 2004 1674 Nam
2017 1643 2140 1674 Auctor
2154 1643 2299 1684 superius
2311 1643 2345 1672 in
2356 1643 2461 1673 Prima
2471 1642 2574 1680 Parte,

1510 1699 1564 1730 qu.
1588 1699 1658 1725 va,
1682 1695 1737 1719 art.
1757 1689 1792 1724 5,
1817 1688 1911 1719 docet
1934 1688 2182 1718 instrumentum
2206 1692 2372 1727 oportere,
2395 1685 2575 1718 secundum

1509 1734 1542 1765 id
1565 1733 1655 1774 quod
1678 1739 1725 1764 est
1748 1733 1807 1763 sibi
1829 1732 2011 1773 proprium,
2036 1731 2157 1772 aliquid
2180 1731 2303 1771 operari
2327 1730 2512 1771 dispositive
2535 1730 2576 1763 ad

1511 1778 1660 1808 effectum
1683 1777 1866 1818 principalis
1889 1777 2019 1816 agentis.
2055 1775 2190 1806 Constat
2219 1781 2327 1806 autem
2358 1775 2448 1815 quod
2470 1776 2576 1807 anima

1510 1822 1628 1852 Christi
1650 1821 1729 1852 nihil
1753 1826 1903 1861 operatur
1926 1819 2045 1850 faciens
2068 1819 2108 1850 ad
2131 1819 2281 1850 effectum
2304 1819 2458 1850 miraculi.
2482 1818 2574 1858 Puta,

1510 1875 1585 1896 cum
1609 1865 1695 1901 dixit,
1720 1865 1854 1905 Lazare,
1879 1864 1952 1895 veni
1965 1865 2069 1905 foras
2083 1865 2110 1899 ',
2134 1863 2326 1899 intellectio,
2349 1863 2473 1899 voliti0‚
2496 1863 2576 1900 ima-

1510 1910 1647 1950 ginatio,
1672 1919 1734 1939 vox
1758 1918 1833 1939 cum
1857 1908 2012 1943 clamore,
2044 1907 2170 1938 nullum
2197 1907 2347 1938 effectum
2375 1916 2413 1937 ex
2437 1907 2576 1947 propriis

1509 1955 1691 1984 habuerunt
1714 1953 1796 1983 circa
1820 1952 1952 1983 cadaver
1974 1957 2029 1982 aut
2052 1952 2191 1982 animam
2214 1951 2341 1981 Lazari:
2373 1951 2428 1982 sed
2452 1951 2577 1982 deitatis

1509 1999 1625 2028 virtute
1637 1998 1742 2028 anima
1757 1997 1881 2027 reunita
1893 2002 1939 2026 est
1951 1996 2089 2036 corpori,
2103 1996 2366 2028 concurrentibus
2381 1995 2442 2026 illis
2454 1996 2576 2027 actibus

1509 2043 1658 2072 humanis
1682 2041 1798 2072 Christi
1822 2046 1858 2071 ut
1880 2040 1988 2070 medio
2013 2050 2069 2070 seu
2093 2049 2187 2070 causa
2209 2040 2279 2070 sine
2294 2049 2357 2080 qua
2374 2049 2450 2070 non.
2474 2039 2516 2070 Et
2531 2040 2577 2071 sic

1511 2086 1549 2116 de
1566 2086 1643 2116 aliis.
1662 2104 1685 2107 —
1703 2085 1744 2115 Et
1759 2083 1976 2115 confirmatur.
1999 2084 2083 2122 Quia
2099 2085 2131 2114 in
2149 2084 2188 2114 111
2206 2083 2302 2119 Sent„
2321 2083 2390 2114 dist.
2408 2093 2469 2120 xvr,
2487 2093 2541 2124 qu.
2554 2094 2576 2122 1,

1511 2136 1566 2160 art.
1589 2130 1624 2165 3,
1649 2130 1772 2159 Auctor
1796 2128 1871 2159 dicit
1895 2127 1984 2168 quod
2006 2137 2066 2158 nec
2090 2128 2204 2167 angelo
2228 2137 2288 2158 nec
2312 2128 2435 2158 animae
2460 2127 2578 2158 Christi

1511 2175 1664 2214 impressa
1687 2179 1734 2203 est
1757 2173 1863 2213 aliqua
1885 2173 1983 2202 virtus
2007 2172 2176 2212 spiritualis
2199 2171 2239 2202 ad
2253 2170 2399 2202 facienda
2413 2172 2576 2208 miracula,

1510 2219 1572 2248 nisi
1594 2227 1651 2258 per
1674 2217 1810 2247 modum
1834 2217 1987 2247 orationis
2011 2222 2064 2246 aut
2086 2216 2333 2246 intercessionis.

1567 2261 1738 2293 Durandus
1761 2270 1904 2301 quoque,
1928 2261 1962 2290 in
1985 2261 2026 2291 111
2042 2260 2140 2296 Sent„
2164 2259 2235 2291 dist.
2251 2270 2313 2296 x1v,
2338 2269 2393 2300 qu.
2409 2260 2478 2297 ult„
2502 2269 2578 2300 pro·

1512 2307 1586 2337 bare
1601 2307 1712 2336 nititur
1728 2305 1817 2346 quod
1833 2305 2013 2336 humanitas
2029 2304 2147 2335 Christi
2162 2303 2297 2335 faciebat
2314 2304 2468 2335 miracula
2489 2304 2578 2336 nulla

1511 2351 1626 2381 virtute
1642 2349 1873 2390 supernaturali
1895 2349 2079 2379 inhaerente
2095 2349 2219 2379 animae
2234 2354 2289 2378 aut
2304 2348 2432 2388 corpori
2449 2347 2576 2384 Christi,

1512 2394 1567 2425 sed
1590 2394 1658 2424 sola
1681 2394 1787 2424 divina
1809 2394 1925 2423 virtute
1955 2394 2117 2423 assistente
2141 2393 2216 2422 sibi:
2249 2392 2325 2432 quia
2351 2391 2504 2422 miracula
2530 2390 2577 2422 fa-

1512 2440 1615 2469 ciebat
1630 2438 1776 2469 Christus
1792 2437 1831 2468 ad
1853 2436 2084 2467 testificandam
2100 2445 2191 2467 suam
2213 2436 2375 2472 deitatem,
2391 2436 2474 2466 sicut
2489 2435 2576 2467 defe-

1512 2489 1581 2513 ctus
1605 2483 1701 2513 subiit
1731 2482 1771 2512 ad
1793 2480 2025 2512 testificandam
2054 2489 2146 2510 suam
2168 2480 2417 2516 humanitatem;
2447 2485 2479 2510 et
2501 2488 2576 2520 pro-

1512 2533 1620 2567 pterea
1630 2550 1637 2563 ,
1654 2527 1736 2556 sicut
1752 2525 1895 2556 defectus
1910 2534 2024 2555 omnes
2047 2530 2120 2555 sunt
2135 2524 2350 2559 humanitati&
2367 2525 2410 2554 ita
2423 2524 2578 2555 miracula

1513 2572 1623 2601 omnia
1645 2576 1720 2600 sunt
1743 2569 1925 2600 divinitatis.

1567 2615 1599 2645 Si
1622 2614 1807 2653 veroflarge
1830 2613 1967 2643 sumitur
1982 2609 2240 2648 instrumentum,
2258 2618 2335 2643 tunc
2352 2613 2460 2642 obviat
2474 2612 2578 2643 littera

1512 2668 1670 2699 praesens,
1687 2657 1888 2688 attribuendo
1905 2657 2029 2686 animae
2045 2656 2172 2692 Christi,
2190 2662 2225 2687 ut
2240 2657 2453 2687 instrumento
2469 2656 2576 2693 Verbi,

1513 2703 1734 2743 operationem
1758 2702 1904 2731 omnium
1927 2701 2145 2731 mutationum
2174 2706 2240 2731 tarn
2256 2700 2455 2739 ,naturalium
2478 2709 2577 2741 quam

1513 2746 1791 2781 miraculosarum,
1821 2751 1852 2775 et
1874 2745 2064 2775 reservando
2092 2745 2152 2775 soli
2175 2745 2247 2775 Deo
2270 2745 2464 2775 mutationes
2487 2745 2577 2775 anni—

1512 2791 1672 2822 hilationis
1685 2795 1716 2820 et
1727 2790 1904 2820 creationis.
1920 2789 2013 2825 Nam,
2026 2789 2111 2829 large
2123 2789 2163 2820 de
2175 2790 2387 2820 instrumento
2399 2788 2575 2828 loquendo.

1511 2840 1617 2876 potest
1640 2834 1784 2864 oratione
1808 2839 1862 2863 aut
1885 2833 2112 2864 intercessione
2142 2833 2236 2864 simili
2259 2833 2359 2864 modo
2387 2841 2577 2865 concurrere

1512 2879 1617 2910 anima
1641 2877 1757 2908 Christi
1781 2877 1820 2908 ad
1836 2878 2030 2908 creationem
2047 2883 2100 2908 aut
2116 2877 2377 2908 annihilationem
2401 2877 2483 2908 sicut
2497 2873 2576 2908 con-

1513 2923 1610 2954 currit
1633 2921 1671 2952 ad
1694 2922 1857 2952 miracula.
2300 2948 2303 2953 ,

1567 2966 1683 2997 Obviat
1707 2975 1839 3006 quoque
1870 2965 2014 2996 doctrina
2037 2965 2187 2996 Auctoris
2209 2966 2244 2996 in
2267 2965 2331 3004 Qu.
2355 2964 2396 2996 de
2415 2963 2574 3000 Potentia,

1513 3021 1567 3052 qu.
1590 3021 1638 3046 vr,
1663 3016 1718 3040 art.
1743 3019 1774 3049 4,
1799 3009 1931 3040 dicentis
1962 3009 2092 3050 angelos
2120 3015 2151 3040 et
2178 3010 2342 3045 homines,
2373 3017 2449 3039 non*
2468 3007 2574 3038 solum

1512 3055 1667 3091 oratione,
1684 3054 1738 3085 sed
1755 3064 1791 3084 ex
1808 3059 1964 3094 potestate
1981 3053 2178 3094 quandoque
2193 3053 2344 3085 miracula
2359 3051 2472 3088 facere,
2488 3052 2575 3082 iuxta

1512 3099 1690 3130 doctrinam
1719 3098 1864 3138 Gregorii
1880 3099 1906 3128 ὓ.
1938 3098 1979 3128 Et
2007 3098 2144 3128 declarat
2173 3101 2364 3138 potestatem
2389 3095 2476 3127 inam
2506 3105 2574 3126 esse

1511 3153 1567 3184 per
1597 3142 1732 3174 modum
1763 3142 1958 3178 intentionis,
1983 3151 2039 3172 seu
2070 3147 2188 3178 motus,
2212 3141 2245 3172 in
2267 3140 2344 3181 ipsis
2369 3139 2488 3179 angelis
2516 3149 2573 3170 seu

1511 3187 1696 3218 hominibus
1720 3187 1844 3217 sanctis.
1878 3191 1881 3193 ’

1564 3232 1602 3262 V.
1628 3231 1678 3261 Ad
1702 3230 1893 3261 evidentiam
1916 3231 2043 3266 horum,
2068 3228 2233 3260 sciendum
2250 3233 2296 3259 est
2311 3226 2489 3259 secundum
2505 3227 2572 3258 Au·-

1512 3276 1606 3306 ctoris
1630 3275 1807 3305 doctrinam
1830 3274 2045 3305 indubitatum
2068 3283 2135 3304 esse
2159 3272 2248 3313 quod
2270 3272 2376 3302 anima
2392 3270 2508 3302 Christi
2523 3272 2572 3303 in-

1511 3319 1766 3355 strumentaliter,
1789 3329 1857 3349 non
1880 3318 2020 3354 abusive,
2044 3316 2099 3348 sed
2122 3317 2250 3357 proprie
2272 3314 2437 3356 loquendo
2461 3315 2501 3347 de
2523 3315 2572 3345 in-

1512 3369 1699 3398 strumento,
1724 3363 1884 3394 concurrit
1907 3361 1946 3392 ad
1969 3361 2120 3392 miracula
2143 3358 2334 3391 faciendum.
2367 3359 2440 3389 Hoc
2464 3364 2571 3390 autem

1512 3407 1589 3448 quid
1605 3408 1653 3442 sit,
1671 3413 1702 3437 et
1718 3407 1852 3448 qualiter
1866 3405 1930 3442 fiat,
1947 3404 2048 3445 accipi
2063 3409 2168 3445 potest
2183 3413 2221 3435 ex
2237 3403 2305 3444 ipsa
2319 3402 2441 3434 ratione
2457 3403 2570 3443 agendi

1511 3451 1722 3482 instrumenti.
1748 3450 1997 3481 instrumentum
2012 3446 2169 3488 siquidem
2185 3446 2279 3478 habet
2295 3446 2455 3487 duplicem
2472 3447 2570 3477 actio-

1511 3505 1596 3529 nem,
1622 3495 1740 3525 scilicet
1762 3494 1934 3534 propriam,
1957 3497 1988 3523 et
2002 3491 2291 3523 instrumentalem:
2314 3496 2350 3522 ut
2365 3490 2508 3522 scindere
2524 3497 2571 3522 est

1511 3539 1639 3578 propria
1670 3538 1814 3578 operatio
1845 3545 1962 3571 serrae,
1993 3534 2097 3566 facere
2119 3544 2196 3565 vero
2227 3534 2335 3566 sedem
2358 3534 2496 3565 secando
2523 3540 2571 3566 est

1512 3583 1610 3621 ipsius
1641 3582 1783 3621 operatio
1813 3579 2076 3615 instrumentali53
2107 3585 2137 3609 et
2165 3578 2335 3610 calefacere
2366 3585 2411 3609 est
2442 3579 2570 3619 propria

2597 1029 2659 1051 .,,,
2676 999 2828 1061 mm?

2597 1062 2648 1084 cap.
2661 1061 2696 1078 tx.

2603 1869 2613 1880 ⁸
2630 1868 2696 1891 loan-
2715 1873 2766 1897 up.
2792 1878 2797 1884 α
2808 1869 2811 1871 “

2602 1901 2662 1917 ven.
2675 1900 2713 1924 ⁴3-
2798 1896 2800 1899 ’
2817 1905 2823 1917 z

2603 3104 2613 3113 ·
2626 3102 2748 3131 maioma
2769 3107 2781 3134 Α;
2808 3091 2817 3098 ”

2601 3135 2652 3158 cap.
2666 3134 2721 3158 xxx,
2747 3138 2768 3146 »ι
2781 3141 2782 3144 =
