2872 3970
243 933 255 943 ⁸
268 931 324 959 cap.
339 936 400 952 xxiv.

245 1245 255 1255 ·
269 1243 306 1265 cf.
318 1246 359 1265 nrt.
369 1247 454 1270 praec„

245 1270 273 1292 ad
286 1277 309 1296 4.

247 1668 256 1678 “
270 1667 334 1689 Vers.
350 1672 386 1687 πο.

247 1695 267 1704 ⁸·
281 1693 346 1715 Vere.
360 1699 390 1721 13,
407 1698 439 1719 ¹9.

248 1924 257 1933 ⁸
263 1923 287 1944 In
296 1922 344 1944 fest.
352 1922 453 1943 Annum.

247 1949 272 1970 B.
283 1949 311 1970 Μ.
320 1948 357 1975 V.,
367 1954 427 1975 resp.
439 1954 455 1969 u

247 1976 275 1997 ad
289 1975 392 1997 Matutin.

375 2243 405 2264 111
418 2243 457 2273 ‚de

250 2276 330 2317 x'it'iii'
338 2285 366 2317 ἀὲ
380 2270 458 2317 τῖιῖἧπ

350 2302 458 2347 cxcvii

346 2355 383 2376 pp.
396 2350 457 2376 Aug.

252 2245 261 2254 ’
281 2243 352 2265 Serm.

250 2322 307 2347 (InA

249 2349 309 2370 Inter

478 282 550 319 318

1274 429 1590 473 ARTICULUS
1619 429 1847 471 TERTIUS

647 539 802 571 UTRUM
826 537 1026 568 ANGELUS
1049 533 1330 566 ANNUNT1ANS
1353 531 1572 562 DEBUERIT
1596 530 1760 561 VIRGINI
1783 531 2009 561 APPARERE
2031 529 2203 561 VIS1ONE
2227 529 2475 561 conponam
2496 543 2497 546 =

1252 618 1282 643 111
1303 619 1390 648 Sent„
1410 617 1468 642 dist.
1487 624 1525 648 nx,
1545 624 1590 649 qu.
1608 623 1647 648 ιιι,
1666 622 1713 642 art.
1733 623 1756 646 1.
1776 616 1825 649 qu·
1845 623 1869 641 2.

513 725 572 751 >v

518 737 566 767 522„
599 732 666 769 a<
689 725 711 749 D
732 723 887 748 TERTmM
914 722 965 747 s1c
985 719 1218 746 PRocssmTUR.
1247 705 1408 764 Videtur
1425 705 1533 764 quod

506 752 844 823 ΉΔΗΠΞΘΙΠΒ
863 761 1091 799 annuntians
1111 771 1190 796 non
1205 758 1377 819 debuent
1390 758 1534 816 Virgini

496 811 1535 913 351'552552522025-22535302212ss²52ss22521233

481 930 523 959 ut
556 920 788 967 Augustinus
823 918 920 964 dicit,
942 919 1007 955 XII
1034 929 1144 966 super
1170 917 1261 953 Gen.
1291 915 1342 952 ad
1367 915 1428 952 litt.
1449 913 1479 961 *,
1500 922 1536 951 et

480 972 683 1024 praecipue
711 971 782 1021 ipsi
811 972 944 1018 angelo
972 969 1092 1018 magis
1112 974 1128 993 α
1156 967 1407 1005 conveniens:
1444 979 1536 1004 nam

480 1025 626 1063 visione
654 1022 891 1061 intellectuali
918 1022 1069 1059 videtur
1095 1022 1251 1068 angelus
1283 1019 1322 1057 in
1350 1032 1419 1056 sua
1447 1019 1536 1056 sub-

481 1077 631 1123 stantia3
669 1077 814 1114 visione
850 1083 979 1112 autem
1011 1072 1199 1123 corporali
1225 1072 1377 1110 videtur
1412 1071 1451 1108 in
1479 1084 1536 1109 as-

481 1138 634 1179 sumpta
659 1129 782 1177 figura
807 1140 1001 1177 corporea.
1032 1127 1107 1164 Sed
1127 1125 1222 1163 sicut
1243 1125 1292 1162 ad
1311 1123 1536 1162 annuntian-

481 1184 576 1221 dum
604 1190 834 1231 conceptum
869 1180 1042 1218 divinum
1080 1178 1239 1216 decebat
1265 1177 1397 1215 venire
1432 1190 1536 1215 sum-

481 1248 592 1273 mum
620 1234 799 1272 nuntium
816 1233 847 1281 *,
868 1233 918 1271 ita
937 1232 1050 1270 etiam
1075 1231 1226 1269 videtur
1245 1231 1351 1280 quod
1370 1229 1539 1268 decuerit

483 1301 563 1326 esse
585 1299 784 1325 summum
801 1298 921 1334 genus
939 1284 1106 1322 visionis.
1137 1284 1238 1332 Ergo
1257 1283 1410 1320 videtur
1430 1283 1537 1332 quod

482 1343 637 1389 angelus
665 1339 893 1377 annuntians
930 1337 1104 1388 apparuit
1131 1335 1275 1384 Virgini
1302 1335 1450 1374 visione
1482 1335 1538 1372 in-

482 1393 690 1430 tellectuali.

536 1458 570 1482 2.
600 1447 836 1491 PRAETEREA,
873 1443 970 1481 visio
998 1441 1219 1490 imaginaria
1246 1441 1398 1479 videtur
1425 1441 1539 1479 etiam

483 1511 563 1536 esse
591 1497 755 1535 nobilior
789 1508 907 1545 quam
934 1495 1031 1532 visio
1060 1493 1286 1544 corporalis:
1323 1494 1419 1532 sicut
1446 1494 1540 1532 ima-

482 1550 620 1600 ginatio
650 1558 704 1587 est
731 1549 839 1586 altior
865 1547 1035 1598 potentia
1062 1559 1180 1596 quam
1200 1559 1345 1584 sensus.
1377 1547 1453 1584 Sed
1473 1559 1538 1584 an-

481 1604 586 1654 gelus
613 1604 783 1652 apparuit
811 1600 942 1651 Ioseph
971 1603 1007 1638 in
1031 1602 1181 1646 somnis,
1210 1600 1425 1637 secundum
1446 1599 1539 1637 ima—

481 1655 662 1705 ginariam
692 1653 899 1691 visionem:
938 1661 980 1690 ut
1014 1661 1116 1703 patet
1152 1653 1356 1690 Matth.1’¹‘
1384 1660 1420 1689 et
1447 1665 1469 1690 11
1487 1652 1538 1690 **.

482 1710 582 1757 Ergo
606 1708 756 1745 videtur
784 1707 890 1756 quod
918 1706 1032 1744 etiam
1051 1718 1235 1755 apparere
1255 1705 1428 1742 debuerit
1446 1706 1540 1743 Bea-

481 1770 540 1799 tae
567 1760 710 1808 Virgini
738 1759 960 1807 imaginaria
987 1758 1145 1806 visione,
1175 1766 1211 1796 et
1238 1770 1318 1795 non
1338 1758 1538 1808 corporali.

537 1814 569 1850 3.
599 1814 834 1859 PRAETEREA,
863 1811 1070 1861 corporalis
1097 1811 1194 1848 visio
1223 1810 1424 1860 spiritualis
1452 1811 1540 1848 sub-

483 1865 636 1904 stantiae
664 1865 836 1903 videntes
865 1864 1078 1914 stupefacit:
1108 1864 1212 1901 unde
1241 1863 1355 1900 etiam
1383 1864 1430 1900 de
1459 1863 1542 1913 ipsa

481 1919 633 1967 Virgine
653 1926 824 1955 cantatur
837 1917 874 1955 *z
898 1919 944 1955 Et
963 1919 1171 1967 expavescit
1192 1918 1307 1967 Virgo
1327 1916 1372 1953 de
1389 1916 1538 1954 lumine.

484 1973 559 2010 Sed
587 1970 724 2008 melius
752 1970 880 2008 fuisset
913 1970 1019 2019 quod
1047 1982 1070 2007 a
1097 1970 1159 2007 tali
1187 1969 1402 2007 turbatione
1431 1981 1541 2006 mens

484 2025 564 2062 eius
593 2031 689 2061 esset
716 2031 967 2073 praeservata.
996 2023 1089 2060 Non
1109 2034 1198 2070 ergo
1221 2022 1290 2059 fuit
1308 2021 1542 2059 conveniens

484 2078 590 2127 quod
618 2076 841 2114 huiusmodi
870 2075 1107 2113 annuntiatio
1135 2075 1242 2112 fieret
1264 2087 1334 2124 per
1351 2074 1542 2112 visionem

484 2131 733 2179 corporalem.

538 2184 610 2220 SED
639 2194 779 2219 CONTRA
805 2193 870 2218 EST
897 2181 1004 2230 quod
1032 2180 1280 2229 Augustinus,
1310 2179 1349 2216 in
1369 2180 1542 2229 quodam

485 2237 671 2274 Sermone
689 2235 726 2281 ²¹⁶,
756 2233 900 2271 inducit
927 2235 1084 2271 Beatam
1111 2233 1308 2281 Virginem
1335 2232 1388 2269 sic
1415 2231 1542 2269 dicen-

484 2297 578 2325 tem:
616 2289 718 2325 Venit
745 2287 795 2324 ad
820 2299 880 2323 me
911 2287 1062 2324 Gabriel
1079 2286 1340 2336 Archangelus
1356 2286 1465 2333 facie
1483 2298 1541 2322 ru-

483 2342 601 2388 tilans,
629 2347 724 2378 veste
742 2352 951 2386 coruscans,
972 2342 1112 2376 incessu
1131 2339 1320 2376 mirabilis.
1351 2338 1428 2376 Sed
1447 2339 1542 2375 haec

485 2406 564 2431 non
591 2401 751 2442 possunt
778 2392 965 2442 pertinere
998 2392 1069 2429 nisi
1098 2392 1146 2429 ad
1174 2403 1400 2441 corpoream
1427 2390 1542 2428 visio—

485 2459 586 2484 nem.
616 2447 716 2493 Ergo
745 2458 929 2494 corporea
955 2444 1103 2482 visione
1131 2445 1287 2492 angelus
1311 2443 1542 2482 annuntians

486 2501 622 2536 Beatae
650 2498 792 2546 Virgini
820 2498 1005 2547 apparuit.

538 2554 759 2589 Raspounsso
787 2563 967 2588 mcssNDUM
995 2551 1100 2600 quod
1129 2552 1284 2598 angelus
1313 2549 1543 2587 annuntians

486 2603 659 2654 apparuit
678 2603 790 2640 Matri
808 2603 880 2640 Dei
900 2615 1084 2652 corporea
1103 2602 1261 2640 visione.
1291 2604 1339 2640 Et
1358 2603 1434 2639 hoc
1452 2615 1543 2640 con-

486 2657 643 2694 veniens
661 2656 739 2702 fuit,
766 2656 892 2704 primo
913 2656 1080 2704 quidem,
1102 2663 1290 2704 quantum
1310 2656 1358 2692 ad
1378 2655 1415 2692 id
1436 2656 1542 2704 quod

487 2709 790 2747 annuntiabatur.
819 2710 983 2745 Venerat
1011 2708 1114 2745 enirn
1142 2709 1297 2756 angelus
1317 2707 1542 2745 annuntiare

487 2762 785 2799 incarnationem
804 2760 999 2798 invisibilis
1026 2761 1108 2798 Dei.
1138 2761 1249 2798 Unde
1269 2760 1383 2798 etiam
1402 2773 1542 2798 conve-

488 2814 595 2851 niens
631 2814 698 2852 suit
724 2821 766 2850 ut
793 2814 841 2850 ad
870 2813 983 2850 huius
1012 2813 1065 2850 rei
1094 2813 1388 2851 declarationem
1416 2813 1543 2851 invisi-

487 2866 570 2903 bilis
589 2874 758 2904 creatura
778 2866 942 2903 formam
961 2874 1170 2903 assumeret
1197 2866 1236 2903 in
1256 2878 1333 2915 qua
1351 2866 1544 2903 visibiliter

489 2927 703 2968 appareret:
733 2931 823 2955 cum
847 2918 957 2956 etiam
979 2931 1114 2956 omnes
1134 2918 1387 2968 apparitiones
1406 2919 1543 2956 veteris

488 2971 720 3008 Testamenti
740 2972 787 3008 ad
807 2972 906 3008 hanc
923 2971 1200 3020 apparitionem
1215 2972 1449 3019 ordinentur,
1466 2984 1543 3021 qua

490 3023 605 3061 Filius
633 3023 703 3061 Dei
731 3023 770 3060 in
797 3036 910 3061 carne
938 3024 1122 3073 apparuit.

543 3077 741 3122 Secundo,
771 3088 983 3124 congruum
1012 3076 1079 3113 fuit
1106 3076 1273 3124 dignitati
1300 3076 1432 3113 Matris
1459 3076 1542 3124 Dei,

491 3140 588 3176 quae
617 3140 695 3165 non
719 3129 841 3165 solum
870 3128 908 3164 in
932 3137 1070 3175 mente,
1100 3129 1166 3166 sed
1187 3129 1225 3165 in
1244 3141 1431 3178 corporeo
1451 3142 1543 3166 ven-

490 3188 544 3216 tre
563 3189 640 3217 erat
659 3180 729 3216 Dei
749 3180 888 3216 Filium
907 3189 1113 3229 receptura.
1144 3182 1191 3218 Et
1210 3181 1296 3218 ideo
1316 3194 1396 3218 non
1416 3183 1543 3218 solum

492 3244 600 3269 mens
628 3232 727 3276 eius,
757 3232 823 3268 sed
851 3231 964 3268 etiam
992 3245 1125 3270 sensus
1153 3234 1326 3283 corporei
1355 3242 1461 3271 erant
1488 3234 1542 3270 vi-

492 3284 597 3320 sione
626 3283 790 3331 angelica
818 3284 1023 3320 refovendi.

545 3336 686 3382 Tertio,
715 3335 886 3383 congruit
913 3335 1123 3373 certitudini
1152 3337 1232 3374 eius
1260 3339 1365 3386 quod
1395 3350 1543 3375 annun-

548 3472 573 3501 α)
594 3473 686 3505 magis.
704 3487 721 3490 -
739 3476 777 3497 est
796 3472 881 3505 magis
901 3471 971 3496 tertia
991 3476 1090 3503 praeter
1109 3472 1126 3497 1.

547 3506 571 3537 β,
592 3507 752 3531 relationem.
762 3521 780 3525 -
793 3506 977 3531 revelationem
992 3506 1058 3530 rra.
1067 3520 1085 3524 -
1097 3510 1159 3531 ante
1172 3510 1262 3532 tantae
1274 3509 1314 3532 rei
1326 3512 1444 3534 euentum
1460 3509 1543 3538 terrim

494 3544 585 3565 tantae
604 3542 642 3565 rei
659 3545 773 3567 eventus.
792 3542 879 3571 Margo
898 3541 931 3565 1³:
950 3541 1032 3570 Alias,
1052 3542 1205 3566 relationem
1228 3543 1370 3574 accipiebat
1388 3544 1421 3568 ab
1439 3545 1542 3576 angelo,

494 3576 587 3608 egebat
605 3578 695 3600 tantae
714 3576 752 3600 rei
771 3580 877 3601 eventus
897 3576 995 3600 visione
1012 3576 1127 3601 soIemni.

1155 280 1416 328 QUAESTIO
1446 279 1571 320 XXX,
1601 277 1892 315 ARTICULUS
1920 277 1964 314 111

1591 2339 1752 2388 perioris
1782 2338 1968 2387 potestatis
2004 2348 2171 2374 occursu.
2213 2337 2262 2374 Et
2303 2336 2380 2373 hoc
2415 2347 2496 2372 non
2531 2336 2660 2373 solum

1589 703 1762 741 tiabatur.
1792 704 1850 741 Ea
1873 702 1977 740 enirn
2005 715 2104 752 quae
2125 710 2213 739 sunt
2231 702 2353 741 oculis
2371 701 2550 751 subiecta,
2571 698 2650 747 cer·-

1588 756 1662 794 tius
1690 754 2018 806 apprehendimus
2046 767 2165 804 quam
2185 767 2231 792 ea
2258 766 2358 805 quae
2383 754 2650 804 imaginamur.
2743 776 2765 802 5

1589 809 1700 847 Unde
1731 809 2030 858 Chrysostomus
2058 807 2164 855 dicit,
2192 819 2304 858 super
2329 808 2463 846 Matth.
2484 807 2515 852 ¹⁸¹,
2545 807 2653 858 quod
2680 811 2692 825 ⁸

1589 863 1745 910 angelus
1773 873 1854 898 non
1881 859 1920 897 in
1949 859 2110 906 somnis,
2139 859 2262 898 immo
2289 858 2483 901 visibiliter
2509 857 2653 910 Vimini
2749 875 2760 891 ι

1590 913 1711 951 astitit.
1740 915 1845 951 Nam
1874 914 1960 963 quia
1984 925 2167 963 magnam
2194 912 2302 952 valde
2329 912 2544 951 relationem
2562 909 2653 952 *ab

1589 967 1726 1016 angelo
1754 967 1965 1016 accipiebat,
1985 966 2117 1015 egebat
2141 971 2227 1003 ante
2253 970 2377 1004 tantae
2403 966 2460 1005 rei
2485 965 2652 1017 eventum

1589 1021 1729 1058 visione
1754 1019 1920 1056 solemni.
2001 1054 2003 1060 ,
2571 1061 2572 1064 ,
2604 1019 2606 1022 ’
2630 1016 2645 1058 ζ’

1643 1073 1700 1109 Αι)
1737 1083 1872 1109 ramum
1905 1082 2002 1108 ERGO
2035 1082 2218 1108 mcaNDUM
2251 1070 2358 1120 quod
2394 1062 2653 1122 intellecma'tis

1589 1124 1687 1162 visio
1716 1132 1770 1161 est
1798 1123 1925 1173 potior
1958 1135 2079 1173 quam
2105 1121 2203 1161 visio
2231 1122 2454 1172 imaginaria
2480 1122 2653 1171 vel'ssm‘t}

1590 1177 1731 1227 poralis
1766 1176 1797 1214 si
1832 1176 1877 1213 sit
1909 1177 2000 1213 sola.
2045 1175 2122 1213 Sed
2154 1175 2234 1226 ipse
2263 1175 2499 1224 Augustinus
2516 1166 2654 1227 didi*

1591 1230 1698 1280 quod
1718 1237 1773 1267 est
1793 1227 2035 1266 excellentior
2055 1228 2259 1279 prophetia
2285 1241 2387 1279 quae
2405 1228 2521 1271 habet
2539 1227 2654 1279 siniit-l

1591 1283 1883 1321 intellectualem
1903 1289 1939 1318 et
1957 1280 2222 1329 imaginariam
2235 1280 2439 1328 visionem,
2454 1275 2654 1334 quam-silla

1592 1348 1692 1386 quae
1711 1335 1826 1372 habet
1845 1336 2006 1372 alterum
2025 1339 2040 1363 Υ
2062 1342 2223 1372 tantum.
2253 1334 2371 1372 Beata
2389 1341 2519 1378 autem
2535 1329 2654 1384 Virgo

1592 1401 1672 1426 non
1705 1389 1833 1426 solum
1864 1386 2034 1437 percepit
2065 1386 2256 1426 visionem
2288 1382 2554 1436 corporalem„
2582 1382 2654 1438 sed

1593 1441 1707 1479 etiam
1735 1441 2026 1478 intellectualem
2054 1437 2384 1477 illuminationem.
2425 1438 2539 1479 Unde
2562 1434 2655 1481 'talis
2680 1470 2682 1473 ,

1593 1493 1780 1544 apparitio
1808 1492 1974 1530 nobilior
2000 1492 2080 1529 fuit.
2618 1531 2620 1533 ,

1647 1546 1796 1584 Fuisset
1822 1553 1952 1583 tamen
1978 1544 2144 1582 nobilior
2171 1544 2202 1582 si
2229 1544 2358 1595 ipsum
2390 1543 2655 1594 angelumfjffnr

1593 1598 1792 1637 tellectuali
1819 1597 1966 1636 visione
1994 1598 2033 1635 in
2062 1610 2132 1635 sua
2158 1596 2366 1635 substantia
2384 1595 2559 1638 vidisset(
2578 1590 2656 1645 Sed

1594 1653 1670 1689 hoc
1698 1664 1778 1689 non
1805 1651 2018 1702 patiebatur
2041 1659 2157 1688 status
2176 1649 2345 1688 hominis
2363 1645 2656 1700 viatoris,’qu0'd

1595 1706 1774 1753 angelum
1801 1716 1871 1754 per
1898 1703 2100 1741 essentiam
2127 1703 2284 1741 videret.
2571 1700 2579 1708 ‘⁵

1647 1759 1704 1795 AD
1726 1769 1914 1795 SECUNDUM
1932 1768 2113 1794 mceunum
2133 1757 2240 1806 quod
2259 1754 2478 1804 imaginatio
2497 1750 2656 1816 quidem

1595 1818 1650 1848 est
1682 1810 1790 1847 altior
1821 1809 1990 1860 potentia
2027 1821 2147 1858 quarn
2180 1821 2315 1846 sensus
2350 1806 2513 1851 exterior
2523 1813 2657 1859 quta

1594 1871 1723 1901 tamen
1750 1861 1985 1912 principium
2013 1863 2207 1899 humanae
2235 1859 2461 1909 cognitionis
2488 1866 2544 1902 est
2571 1862 2655 1904 sen-

1595 1929 1672 1961 sus,
1701 1915 1741 1952 in
1763 1927 1809 1952 eo
1837 1914 2006 1952 consistit
2024 1913 2193 1952 maxima
2211 1914 2419 1959 certitudo;
2448 1913 2544 1963 quia
2557 1915 2656 1957 sem-

1595 1981 1664 2018 per
1691 1975 1841 2018 oportet
1873 1967 1980 2017 quod
2006 1966 2192 2016 principia
2220 1965 2445 2016 cognitionis
2477 1965 2551 2008 sint
2577 1960 2655 2005 cer—

1594 2021 1701 2058 tiora.
1731 2022 1780 2059 Et
1807 2020 1894 2058 ideo
1922 2020 2072 2069 Ioseph,
2101 2019 2161 2057 cui
2191 2021 2347 2067 angelus
2365 2018 2406 2056 in
2424 2016 2571 2064 somnis
2589 2030 2656 2069 ap-

1595 2073 1731 2124 paruit,
1760 2085 1840 2110 non
1867 2073 1918 2110 ita
1945 2073 2191 2109 excellentem
2217 2071 2496 2122 apparitionem
2522 2068 2658 2123 habuit

1596 2126 1692 2164 sicut
1719 2127 1837 2163 Beata
1862 2124 1991 2173 Virgo.
2593 2166 2595 2170 .
2635 2170 2637 2174 y

1648 2181 1706 2216 An
1737 2191 1895 2216 TER‘rmM
1927 2190 2107 2216 DICENDUM
2140 2178 2265 2227 quod,
2301 2176 2403 2214 sicut'
2429 2173 2658 2227 Arnbrosius

1595 2231 1695 2278 dicit,
1723 2244 1834 2282 super
1861 2233 1951 2268 Luc.
1971 2230 2002 2276 '¹‘‚
2025 2232 2303 2280 perturbamur,
2333 2236 2367 2268 et
2384 2242 2408 2267 a
2427 2230 2558 2282 nostro
2571 2228 2659 2282 aliea

1596 2297 1733 2322 namur
1759 2284 1913 2334 affectu,
1950 2283 2097 2333 quando
2126 2285 2388 2334 restringimur
2418 2283 2573 2320 alicuius
2597 2285 2658 2320 su-

1597 2390 1778 2438 contingit
1811 2390 1851 2427 in
1884 2389 2033 2426 visione
2061 2389 2266 2438 corporali,
2295 2386 2362 2425 sed
2397 2387 2511 2425 etiam
2534 2386 2659 2434 invi-

1597 2442 1703 2480 sione
1723 2441 1954 2491 imaginaria.
1989 2442 2102 2480 Unde
2133 2442 2225 2479 Gen.
2244 2453 2293 2479 xv
2316 2441 2337 2463 *
2363 2440 2500 2479 dicitur
2532 2440 2659 2490 quod,
2686 2444 2697 2456 ·
2743 2445 2746 2446 ’

1596 2508 1681 2533 cum
1700 2496 1755 2533 sol
1782 2497 2017 2542 occubuisset,
2034 2506 2148 2545 sopor
2173 2497 2281 2532 irruit
2310 2505 2422 2544 super
2447 2494 2658 2541 Abraham,

1597 2555 1630 2586 et
1648 2551 1786 2586 horror
1803 2560 1965 2598 magnus
1992 2553 2025 2584 et
2051 2549 2262 2585 tenebrosus
2280 2548 2412 2585 invasit
2431 2558 2526 2584 eum.
2554 2544 2660 2584 Talis

1596 2610 1727 2639 tamen
1753 2600 1987 2651 perturbatio
2015 2600 2184 2637 hominis
2216 2611 2296 2637 non
2323 2606 2473 2636 tantum
2509 2597 2666 2639 homini

1596 2662 1709 2692 nocet
1743 2662 1785 2691 ut
1812 2661 1968 2704 propter
1994 2665 2082 2691 eam
2109 2653 2247 2690 debeat
2274 2651 2444 2701 angelica
2470 2650 2658 2701 apparitio

1597 2706 1854 2757 praetermitti.
1890 2706 2022 2743 Primo
2049 2705 2228 2755 quidem,
2266 2705 2357 2755 quia
2384 2716 2431 2742 ex
2462 2705 2540 2742 hoc
2572 2702 2659 2754 ipso

1597 2761 1704 2809 quod
1740 2761 1862 2797 homo
1895 2771 2010 2808 supra
2043 2758 2215 2808 seipsum
2248 2759 2437 2803 elevatur,
2470 2755 2587 2807 quod}
2608 2756 2660 2796 tid

1597 2813 1679 2850 eius
1706 2812 1868 2862 pertinet
1895 2811 2126 2860 dignitatem,
2156 2823 2244 2861 pars
2271 2810 2354 2848 eius
2372 2809 2536 2848 inferior
2553 2807 2658 2847 debi-¹

1597 2866 1743 2911 litatur,
1779 2877 1826 2902 ex
1857 2877 1937 2914 quo
1974 2864 2151 2914 provenit
2181 2862 2416 2914 perturbatio
2447 2860 2656 2913 praedicta-5:

1597 2918 1693 2955 sicut
1721 2918 1835 2956 etiam
1853 2916 1888 2965 ἦ,
1917 2918 2042 2955 calore
2070 2916 2231 2955 naturali
2263 2916 2312 2954 ad
2339 2915 2519 2954 interiora
2545 2915 2657 2953 radu-

1597 2979 1670 3017 cto,
1691 2970 1877 3008 exteriora
1894 2977 2072 3007 tremunt.
2089 2992 2114 2997 -
2135 2969 2316 3008 Secundo
2335 2968 2438 3018 quia,
2458 2966 2657 3007 sicutfofi-

1596 3036 1711 3072 genes
1730 3023 1828 3070 dicit,
1848 3035 1960 3073 super
1977 3024 2067 3060 Luc.
2087 3023 2120 3069 ²⁸,
2148 3022 2306 3073 angelus
2323 3032 2519 3072 apparens,
2535 3021 2659 3061 seierus

1597 3078 1694 3114 hanc
1721 3089 1797 3113 esse
1823 3078 2028 3114 humanam
2056 3081 2248 3122 naturam,
2274 3076 2442 3125 primum
2463 3071 2658 3124 penurbass

1597 3130 1688 3166 tioni
1699 3130 1887 3166 humanae
1899 3128 2074 3166 medetur.
2094 3128 2207 3166 Unde
2219 3135 2299 3165 tam
2313 3125 2519 3164 Zachariae
2537 3137 2657 3175 quam

1597 3181 1754 3227 Mariae,
1783 3189 1870 3230 post
1896 3180 2165 3228 turbationem,
2186 3179 2294 3217 dixit:
2323 3180 2386 3217 Ne
2403 3180 2531 3216 timeas
2548 3177 2579 3215 ¹⁸².
2609 3178 2658 3216 Et

1597 3241 1753 3283 propter
1772 3235 1858 3281 hoc,
1879 3242 1921 3270 ut
1940 3233 2074 3282 legitur
2092 3233 2131 3271 in
2149 3233 2227 3270 vita
2245 3231 2400 3270 Antonii
2417 3231 2449 3278 ⁸¹²,
2465 3243 2539 3269 non
2559 3231 2656 3280 diffi-
2683 3257 2685 3259 ·
2719 3231 2722 3233 ’

1597 3286 1674 3323 cilis
1703 3292 1752 3323 est
1771 3288 1954 3323 bonorum
1972 3288 2165 3336 spirituum
2191 3286 2449 3334 malorumque
2475 3284 2655 3322 discretio.

1598 3340 1637 3375 Si
1663 3340 1761 3375 enim
1784 3345 1868 3387 post
1895 3340 2064 3376 timorem
2082 3339 2293 3376 successerit
2318 3337 2511 3388 gaudium,
2531 3349 2555 3374 a
2581 3337 2656 3374 Do-

1650 3474 1678 3507 γ)
1697 3475 1821 3500 aIterum.
1838 3489 1857 3494 -
1875 3476 1987 3500 alteram
2009 3476 2067 3500 FsH
2087 3481 2112 3501 et
2131 3475 2265 3501 editiones.

1650 3509 1674 3543 δ)
1694 3510 1783 3535 etiam.
1801 3524 1820 3529 -
1838 3511 1939 3541 'renim
1959 3511 1994 3536 in.
