2872 3970
185 1599 197 1609 ¹⁴
212 1597 278 1619 Vers.
294 1603 319 1626 23
333 1603 384 1624 sqq.

189 1706 199 1715 ⁸
213 1705 264 1726 Art.
280 1704 385 1732 praeced.

190 1810 199 1819 ·
214 1808 280 1830 Vers.
295 1814 328 1830 2¹.

419 307 490 344 128

415 388 540 418 animae
572 387 708 418 mutatio
741 387 918 419 secundum
951 387 1196 418 obedientialem
1228 387 1404 427 potentiam
1437 385 1477 416 ad

1113 307 1377 354 QUAEsrlo
1405 308 1505 354 vm,
1541 306 1833 344 ARTICULUS
1869 309 1900 344 11

1531 386 1686 416 municari
1716 386 1894 426 potentiam
1917 386 2044 417 creandi
2067 386 2361 417 instrumentaliter:
2393 385 2448 416 sed
2473 385 2590 416 immu-

416 431 584 461 caelestem
608 431 852 468 beatitudinem,
881 438 927 462 est
950 442 967 461 a
991 432 1062 462 Deo
1092 431 1252 461 mediante
1281 430 1476 460 humanitate
1532 429 1618 459 tandi
1634 430 1911 460 instrumentaliter
1933 429 1976 460 ad
1995 429 2209 462 restauranda
2226 430 2334 460 omnia
2349 439 2431 470 quae
2446 429 2479 460 in
2493 429 2592 460 caelis
2618 451 2765 480 ·AAEp1m.
2777 419 2847 481 σφ’

417 474 533 505 Christi
557 475 845 505 instrumentaliter.
870 475 943 506 Hoc
959 476 1045 506 enim
1064 484 1131 505 non
1147 480 1193 505 est
1210 480 1368 504 creaturae
1388 483 1477 504 com-

1533 478 1564 503 et
1586 473 1618 503 in
1644 473 1739 504 terris
1761 478 1836 504 sunt
1850 474 1877 504 ⁴*.

1182 608 1499 650 ARTICULUS
1529 606 1828 650 SECUNDUS

784 701 941 733 UTRUM
965 701 1178 732 CHRlsrus
1200 700 1267 732 sn·
1292 699 1438 731 CAPUT
1461 698 1674 731 HOMINUM
1697 700 1918 738 QUANTUM
1941 701 2001 732 AD
2025 700 2231 732 CORPORA

1205 778 1235 803 111
1255 778 1338 808 Sent„
1357 778 1416 803 dist.
1435 785 1489 809 xm,
1508 785 1553 811 qu.
1567 785 1594 809 n,
1614 782 1660 803 art.
1682 785 1705 809 2,
1725 777 1774 811 qu⁸
1795 777 1818 804 3.

508 877 574 899 »ιβ

506 889 517 903 's

446 874 508 923 μῆ
540 882 608 940 υς(
631 871 654 896 ι)
669 871 857 896 SECUNDUM
873 871 924 895 S1c
939 870 1173 946 PROCEDmff.
1195 857 1356 894 Videtur
1374 857 1481 906 quod

462 909 502 941 '⁵⁴¹
633 911 806 948 Christus
829 923 909 948 non
929 910 974 947 sit
993 923 1037 947 ca
1066 918 1107 947 ut
1154 909 1334 947 ominum
1388 921 1482 946 uan-

437 906 548 1021 ᾗ]
568 918 713 1012 tum
743 964 792 1000 ad
820 975 994 1012 corpora.
1026 922 1199 1000 ghristus
1219 962 1323 999 enim
1346 922 1484 1000 quimr

474 1040 483 1049 x
510 1038 530 1040 0
588 1008 746 1065 &caput
774 1016 965 1053 Ecclesiae
998 1015 1230 1065 inquantum
1257 1014 1382 1052 influit
1409 1015 1483 1064 spi-

420 1067 596 1105 ritualem
624 1081 782 1105 sensum
810 1076 846 1105 et
872 1076 1025 1106 motum
1044 1067 1181 1116 gratiae
1201 1067 1240 1105 in
1260 1067 1482 1105 Ecclesiam.

422 1121 499 1158 Sed
527 1121 643 1158 huius
671 1121 872 1170 spiritualis
901 1133 1035 1158 Sensus
1063 1128 1099 1158 et
1117 1128 1247 1158 motus
1265 1132 1386 1170 capax
1404 1132 1484 1157 non

422 1181 477 1210 est
504 1186 657 1223 corpus.
688 1175 789 1222 Ergo
809 1186 889 1211 non
909 1182 964 1211 est
981 1181 1096 1223 caput
1115 1173 1323 1211 hominum
1350 1184 1485 1210 secun-

422 1227 518 1263 dum
546 1239 720 1276 corpora.

478 1290 512 1316 2.
542 1280 773 1325 PRAETEREA,
803 1279 1019 1316 secundum
1039 1291 1202 1328 corpora
1223 1278 1486 1316 communica-

423 1343 512 1368 mus
539 1344 631 1369 cum
658 1332 789 1368 brutis.
834 1331 874 1369 Si
908 1344 997 1380 ergo
1035 1332 1207 1369 Christus
1242 1339 1339 1369 esset
1373 1339 1487 1380 caput

424 1384 631 1421 hominum
659 1392 849 1433 quantum
869 1385 917 1421 ad
937 1396 1109 1434 corpora,
1139 1392 1362 1433 sequeretur
1379 1384 1486 1433 quod

424 1436 539 1473 etiam
559 1445 655 1473 esset
675 1445 789 1486 caput
808 1437 1009 1473 brutorum
1031 1437 1267 1474 animalium.
1294 1437 1414 1483 Quod
1433 1443 1489 1473 est

425 1501 712 1526 mconvemens.

482 1541 515 1578 3.
546 1543 784 1587 PRAETEREA,
816 1541 990 1578 Christus
1018 1554 1159 1591 corpus
1187 1553 1303 1578 suum
1332 1541 1380 1578 ab
1409 1541 1489 1578 aliis

425 1594 649 1631 hominibus
677 1594 801 1631 traxit:
831 1602 873 1631 ut
900 1602 1002 1643 patet
1029 1595 1193 1631 Matth.1
1222 1602 1258 1631 et
1284 1595 1380 1630 Luc.
1406 1606 1438 1630 111
1456 1593 1486 1630 ²¹².

427 1648 504 1684 Sed
532 1655 646 1696 caput
674 1655 729 1684 est
756 1646 927 1696 primum
955 1647 1052 1684 inter
1079 1655 1204 1684 cetera
1231 1647 1418 1693 membra,
1447 1654 1490 1683 ut

427 1699 572 1737 dictum
601 1708 656 1737 est
674 1700 704 1736 ³¹⁶.
748 1701 849 1748 Ergo
879 1699 1053 1737 Christus
1085 1712 1165 1737 non
1193 1707 1249 1736 est
1277 1707 1391 1749 caput
1419 1700 1490 1736 Ec-

427 1752 562 1789 clesiae
591 1760 782 1801 quantum
810 1753 858 1789 ad
887 1765 1061 1801 corpora.

482 1805 555 1842 SED
584 1817 729 1842 CONTRA
757 1817 822 1841 EST
850 1806 956 1854 quod
981 1805 1119 1842 dicitur
1137 1806 1293 1854 Philipp.
1309 1804 1390 1842 111*:
1420 1806 1491 1842 Re-

417 1858 603 1906 sormabit
629 1870 763 1907 corpus
789 1859 1001 1895 humilitatis
1029 1863 1186 1904 nostrae,
1215 1859 1491 1907 configuratum

429 1912 581 1959 corpori
605 1911 780 1947 claritatis
805 1923 905 1947 suae.

482 1964 706 2000 RESPONDEO
740 1975 921 2000 DICENDUM
956 1963 1063 2012 quod
1098 1975 1238 2012 corpus
1273 1963 1492 2000 humanum

398 2023 401 2025 '
430 2015 546 2052 habet
566 2017 776 2052 naturalem
799 2015 975 2052 ordinem
995 2016 1044 2053 ad
1066 2015 1237 2053 animam
1257 2015 1492 2063 rationalem,

198 3073 210 3083 ¹
225 3072 260 3094 Cf.
280 3078 343 3094 num.
361 3079 408 3100 seq.

431 2081 530 2117 quae
550 2076 606 2105 est
623 2068 779 2118 propria
797 2069 921 2106 forma
941 2068 1022 2106 eius
1042 2076 1077 2105 et
1095 2075 1233 2105 motor.
1264 2069 1312 2104 Et
1330 2068 1492 2117 inquan-

430 2129 514 2161 tum
550 2121 709 2170 quidem
743 2129 798 2158 est
831 2122 955 2158 forma
990 2121 1089 2168 eius,
1125 2120 1256 2170 recipit
1287 2121 1335 2157 ab
1364 2120 1494 2158 anima

430 2173 550 2210 vitam
584 2182 620 2210 et
654 2182 796 2211 ceteras
830 2173 1079 2223 proprietates
1113 2173 1386 2210 convenientes
1422 2174 1493 2210 hu-

431 2239 549 2263 mano
577 2227 730 2276 corpori
754 2228 969 2264 secundum
989 2239 1100 2264 suam
1120 2226 1299 2276 speciem.
1329 2228 1494 2275 Inquan-

431 2286 514 2316 tum
542 2292 635 2316 vero
665 2279 793 2316 anima
821 2287 875 2316 est
903 2287 1031 2316 motor
1057 2279 1240 2329 corporis,
1270 2291 1410 2329 corpus
1439 2279 1494 2316 in—

432 2332 725 2369 strumentaliter
751 2332 864 2369 servit
892 2331 1054 2369 animae.

1589 857 1652 895 Sic
1679 868 1768 905 ergo
1796 856 2005 894 dicendum
2032 858 2140 907 quod
2168 858 2283 896 habet
2300 859 2382 896 vim
2410 859 2597 897 influendi

1537 909 1676 947 Christi
1704 909 1923 947 humanitas
1955 909 2186 959 inquantum
2213 918 2268 948 est
2295 911 2499 949 coniuncta
2525 912 2598 950 Dei

1536 962 1678 1005 Verbo,
1707 961 1769 999 cui
1792 974 1933 1012 corpus
1952 962 2083 1000 unitur
2100 975 2169 1012 per
2187 963 2368 1011 animam,
2388 973 2431 1002 ut
2449 977 2566 1015 supra
2578 965 2599 987 *

1537 1015 1683 1052 dictum
1711 1022 1776 1052 est.
1806 1015 1918 1052 Unde
1946 1022 2024 1052 tota
2048 1015 2187 1052 Christi
2206 1016 2434 1063 humanitas,
2463 1029 2598 1055 secun-

1538 1068 1635 1104 dum
1662 1067 1801 1104 scilicet
1828 1066 1999 1105 animam
2028 1075 2064 1104 et
2091 1079 2243 1117 corpus,
2272 1068 2397 1106 influit
2415 1068 2455 1106 in
2475 1070 2599 1107 homi-

1539 1132 1607 1157 nes
1621 1128 1658 1157 et
1671 1127 1861 1169 quantum
1875 1120 1924 1157 ad
1939 1119 2110 1158 animam
2125 1129 2162 1158 et
2175 1129 2364 1170 quantum
2377 1122 2427 1159 ad
2441 1133 2598 1172 corpus:

1539 1173 1606 1210 sed
1625 1172 1881 1222 principaliter
1898 1181 2088 1222 quantum
2101 1174 2151 1211 ad
2166 1173 2352 1220 animam3
2373 1174 2600 1213 secundario

1540 1233 1727 1275 quantum
1749 1225 1797 1263 ad
1812 1237 1965 1275 corpus,
1985 1227 2074 1263 Uno
2089 1226 2221 1274 modo,
2239 1226 2470 1276 inquantum
2488 1239 2601 1265 mem-

1539 1281 1608 1316 hra
1635 1280 1803 1328 corporis
1834 1279 2053 1316 exhibentur
2083 1291 2193 1316 arma
2225 1281 2380 1317 iustitiae
2405 1279 2444 1318 in
2472 1280 2603 1318 anima

1541 1331 1711 1368 existenti
1725 1343 1794 1380 per
1805 1330 2012 1368 Christum:
2025 1339 2066 1368 ut
2075 1333 2283 1381 Apostolus
2297 1331 2397 1380 dicit,
2405 1333 2517 1370 Rom.
2526 1333 2600 1371 vl*.

1541 1383 1626 1420 Alio
1655 1384 1786 1430 modo,
1816 1383 2047 1432 inquantum
2065 1383 2142 1421 vita
2162 1384 2302 1432 gloriae
2322 1385 2370 1422 ab
2390 1385 2519 1423 anima
2537 1386 2602 1424 de-

1541 1436 1686 1473 rivatur
1719 1437 1767 1473 ad
1803 1448 1960 1486 corpus:
1998 1437 2211 1474 secundum
2242 1437 2334 1474 illud
2361 1439 2472 1476 Rom.
2493 1438 2600 1476 vm*:

1548 1490 1622 1531 Qui
1646 1491 1829 1526 suscitavit
1856 1491 1979 1526 Iesum
2008 1502 2032 1526 a
2051 1491 2216 1536 mortuis,
2235 1491 2431 1538 vivificabit
2453 1497 2486 1527 et
2506 1503 2603 1528 mor-

1541 1542 1629 1578 talia
1648 1553 1809 1591 corpora
1828 1547 1958 1587 vestra,
1974 1547 2131 1591 propter
2148 1543 2409 1580 inhabitantem
2429 1544 2604 1593 Spiritum

1543 1596 1620 1630 eius
1647 1597 1684 1630 in
1713 1595 1825 1632 vobis.

1596 1648 1653 1683 An
1683 1659 1817 1684 pmMUM
1845 1658 1943 1684 ERGO
1971 1658 2152 1685 mcENDUM
2187 1647 2294 1696 quod
2329 1660 2464 1686 sensus
2498 1648 2605 1699 spiri-

1543 1699 1654 1736 tualis
1687 1699 1827 1747 gratiae
1864 1711 1944 1736 non
1978 1699 2153 1749 pervenit
2188 1699 2347 1749 quidem
2382 1701 2430 1738 ad
2465 1712 2606 1751 corpus

1544 1751 1671 1802 primo
1699 1759 1735 1789 et
1761 1751 2034 1802 principaliter:
2064 1753 2131 1790 sed
2159 1753 2387 1790 secundario
2415 1761 2452 1790 et
2469 1753 2606 1792 instru-
2635 1803 2644 1814 ι

1545 1804 1768 1852 mentaliter,
1798 1812 1840 1842 ut
1868 1804 2014 1842 dictum
2043 1812 2097 1842 est
2115 1805 2146 1842 ²¹⁶.
2565 1842 2567 1845 ,

1598 1858 1655 1894 AD
1687 1869 1877 1895 SECUNDUM
1909 1869 2091 1895 mCENDUM
2123 1858 2230 1907 quod
2265 1871 2406 1908 corpus
2433 1856 2607 1899 animalis

1545 1909 1645 1947 bruti
1673 1911 1819 1947 nullam
1847 1909 2113 1947 habitudinem
2140 1911 2255 1948 habet
2282 1911 2331 1948 ad
2359 1910 2530 1950 animam
2549 1924 2606 1950 ra-

1545 1962 1738 2007 tionalem,
1767 1962 1863 1999 sicut
1891 1962 2005 1999 habet
2031 1975 2172 2013 corpus
2191 1964 2422 2001 humanum.
2452 1965 2500 2002 Et
2518 1963 2606 2003 ideo

1546 2027 1626 2052 non
1655 2023 1710 2052 est
1737 2014 1870 2052 simile.

1600 2069 1657 2105 An
1684 2079 1843 2105 TERTmM
1870 2079 2051 2106 DICENDUM
2079 2069 2197 2118 quod,
2227 2068 2310 2107 licet
2339 2069 2512 2109 Christus
2538 2077 2608 2109 tra-

1547 2119 1641 2157 xerit
1660 2120 1859 2158 materiam
1878 2120 2049 2170 corporis
2068 2121 2116 2158 ab
2135 2121 2215 2158 aliis
2234 2122 2470 2167 horninibus,
2489 2123 2609 2162 vitam

1547 2181 1678 2210 tamen
1705 2172 1963 2211 immortalem
1983 2174 2155 2223 corporis
2173 2186 2311 2212 omnes
2329 2175 2510 2213 homines
2523 2183 2609 2214 tra·

1549 2227 1646 2263 hunt
1674 2226 1721 2263 ab
1750 2226 1852 2276 ipso:
1882 2227 2097 2264 secundum
2121 2226 2214 2264 illud
2236 2229 2250 2264 I
2273 2229 2360 2265 Cor.
2381 2240 2429 2266 xv
2445 2228 2481 2266 *ε
2510 2229 2611 2267 Sicut
2637 2231 2647 2242 ⁸

1548 2281 1585 2316 in
1613 2279 1737 2316 Adam
1766 2291 1894 2316 omnes
1919 2281 2142 2327 moriuntur,
2170 2282 2220 2317 ita
2248 2282 2285 2317 in
2311 2282 2454 2319 Christo
2482 2284 2611 2319 omines
2668 2295 2672 2300 ·

1548 2333 1853 2380 vivificabuntur.‘

1112 2420 1446 2453 Commentaria
1469 2419 1720 2452 Cardinalis
1744 2419 1944 2454 Caietam

463 2511 484 2530 N
506 2501 599 2530 titulo
625 2501 747 2530 articuli
770 2500 912 2535 secundi,
936 2500 1062 2530 adverte
1078 2499 1168 2540 quod
1183 2500 1215 2540 ly
1230 2500 1338 2540 quoad
1353 2509 1493 2540 corpora

437 2512 531 2574 lnon
555 2545 661 2574 solum
688 2544 820 2574 refertur
843 2544 883 2574 ad
906 2553 1041 2584 corpora
1065 2544 1200 2574 aliorum
1222 2544 1410 2579 hominurn,
1438 2544 1494 2574 sed

434 2590 528 2618 etiam
553 2588 592 2618 ad
615 2597 732 2628 corpus
755 2589 854 2628 ipsius
878 2588 1011 2618 Christi:
1043 2593 1079 2618 ut
1110 2588 1192 2618 clare
1221 2593 1308 2628 patet
1338 2598 1376 2618 ex
1403 2598 1494 2628 argu-

432 2638 543 2662 mento
567 2633 660 2662 tertio
684 2633 717 2662 in
740 2632 850 2667 littera,
875 2631 964 2671 quod
980 2633 1146 2672 impugnat
1161 2641 1279 2672 corpus
1295 2631 1411 2662 Christi
1427 2641 1494 2662 non

433 2686 528 2716 posse
552 2686 619 2707 esse
644 2681 740 2716 caput
764 2676 899 2706 aliorum
931 2676 1005 2715 quia
1029 2681 1195 2716 sumptum
1218 2681 1265 2706 est
1287 2685 1325 2706 ex
1349 2676 1433 2712 aliis;
1464 2681 1495 2706 et

434 2730 472 2750 ex
496 2721 704 2750 conclusione
728 2720 912 2760 responsiva
935 2720 968 2749 in
991 2729 1127 2760 corpore
1151 2720 1283 2750 articuli.
1318 2720 1375 2750 Est
1401 2720 1496 2759 igitur

435 2773 544 2794 sensus
574 2764 674 2794 tituli:
706 2765 756 2794 An
783 2764 945 2799 Christus,
970 2764 1065 2794 etiam
1094 2763 1268 2794 secundum
1298 2773 1431 2804 corpus,
1455 2764 1497 2794 sit

435 2813 531 2848 caput
553 2809 694 2839 aliorum
717 2808 881 2838 hominum
905 2808 1000 2838 etiam
1024 2808 1132 2848 quoad
1154 2817 1304 2848 corpora.

491 2852 526 2882 11.
552 2853 587 2882 In
611 2861 746 2892 corpore
770 2852 892 2882 articuli
915 2852 1009 2882 unica
1033 2857 1079 2882 est
1102 2852 1285 2888 conclusio,
1313 2852 1496 2892 responsiva

436 2897 579 2936 quaesito
611 2896 809 2926 affirmative:
845 2897 926 2926 Tota
948 2896 1132 2927 humanitas
1157 2896 1292 2932 Christi,
1323 2896 1496 2927 secundum

434 2940 555 2970 scilicet
577 2941 718 2970 animam
742 2945 772 2971 et
790 2950 916 2980 corpus,
941 2940 1050 2980 influit
1065 2940 1097 2970 in
1113 2940 1266 2976 homines,
1290 2945 1322 2971 et
1342 2945 1497 2981 quantum

436 2984 479 3014 ad
501 2984 642 3014 animam
660 2984 902 3026 principaliter,
935 2990 966 3015 et
994 2989 1148 3025 quantum
1178 2984 1221 3014 ad
1244 2993 1360 3025 corpus
1385 2994 1497 3015 secun-

437 3028 541 3058 dario.
566 3029 654 3058 Haec
678 3028 844 3058 conclusio
868 3029 972 3068 primo
996 3029 1164 3068 probatur;
1189 3028 1301 3059 deinde
1323 3028 1498 3059 declaratur

437 3072 548 3102 ultima
572 3073 640 3102 eius
663 3073 816 3112 particula
835 3074 861 3102 *ἦ
897 3073 1052 3103 Probatur
1078 3073 1132 3103 sic.
1164 3073 1354 3103 Humanitas
1381 3073 1497 3103 Christi

437 3117 531 3146 habet
554 3117 619 3146 vim
642 3115 796 3146 influendi
820 3117 1011 3156 inquantum
1035 3122 1081 3147 est
1105 3117 1276 3147 coniuncta
1299 3117 1359 3147 Dei
1379 3117 1497 3152 Verbo,

438 3160 490 3190 cui
509 3169 627 3199 corpus
650 3160 758 3190 unitur
777 3169 833 3199 per
849 3161 997 3191 animam.
1022 3161 1062 3191 Et
1078 3170 1195 3201 corpus
1210 3161 1389 3192 humanum
1403 3161 1498 3191 habet

438 3203 613 3233 naturalem
637 3202 782 3233 ordinem
806 3203 846 3233 ad
869 3204 1007 3234 animam
1031 3204 1211 3244 dupliciter:
1236 3205 1355 3236 scilicet
1378 3210 1414 3235 ut
1431 3214 1498 3235 ma-

438 3248 515 3277 teria
538 3246 578 3277 ad
601 3246 747 3281 formam,
772 3252 802 3276 et
823 3252 858 3276 ut
874 3247 1118 3278 instrumentum
1142 3249 1181 3279 ad
1204 3249 1412 3290 principalem
1428 3258 1498 3280 mo-

439 3296 552 3320 torem.
578 3290 663 3330 Ergo
687 3295 753 3319 tota
777 3290 956 3320 humanitas
979 3291 1106 3326 Christi,
1124 3298 1182 3323 etc.

495 3334 557 3364 Ubi
580 3339 656 3364 nota
680 3333 782 3373 quod,
807 3335 882 3373 quia
905 3333 971 3364 duo
996 3336 1199 3366 continentur
1222 3338 1253 3367 in
1279 3337 1497 3373 conclusione,

440 3378 558 3407 scilicet
581 3377 670 3417 quod
694 3386 811 3417 corpus
827 3377 941 3407 Christi
966 3377 1086 3413 influat,
1112 3385 1142 3409 et
1166 3381 1254 3420 quod
1271 3390 1405 3421 corpora
1421 3382 1499 3412 alio-

441 3430 511 3451 rum
535 3422 688 3461 recipiant
711 3421 867 3451 influxum
891 3431 908 3450 a
924 3430 1058 3461 corpore
1076 3422 1201 3458 Christi,
1226 3423 1299 3454 ideo
1324 3425 1390 3455 duo
1413 3426 1499 3465 prin-

442 3465 524 3503 cipia
547 3470 707 3504 assumpta
731 3470 804 3495 sunt
827 3465 860 3495 in
884 3464 993 3495 littera.
1018 3465 1162 3496 Alterum
1183 3475 1355 3499 commune
1372 3470 1499 3509 corpori

443 3507 559 3538 Christi
575 3514 606 3538 et
621 3509 757 3539 aliorum
773 3509 942 3539 hominum
959 3509 1156 3548 corporibus,
1176 3509 1214 3540 de
1231 3510 1350 3550 duplici
1366 3512 1499 3543 naturali

443 3551 553 3581 ordine
577 3553 657 3582 inter
676 3562 792 3592 corpus
808 3559 838 3583 et
855 3553 1002 3587 animam,
1027 3562 1063 3582 ex
1081 3562 1147 3592 quo
1163 3553 1295 3584 habetur
1310 3556 1498 3586 communio

443 3601 564 3630 mutua,
590 3605 651 3635 qua
671 3606 736 3626 non
754 3597 857 3626 solum
875 3606 991 3636 corpus
1007 3597 1120 3636 accipit
1137 3597 1174 3626 ab
1191 3597 1304 3633 anima,
1324 3598 1378 3628 sed
1395 3599 1499 3629 anima

1546 2501 1661 2540 accipit
1684 2510 1702 2531 a
1726 2509 1862 2541 corpore
1886 2501 2083 2532 ministrante
2106 2501 2174 2531 sibi.
2209 2501 2251 2531 Et
2273 2502 2348 2532 hinc
2375 2501 2472 2533 habes
2496 2511 2610 2534 conse·

1547 2550 1682 2589 quenter
1712 2544 1801 2584 quod
1831 2554 1947 2584 corpus
1971 2543 2088 2575 Christi
2117 2554 2184 2575 non
2209 2550 2256 2575 est
2278 2545 2419 2576 alienum
2451 2555 2469 2576 a
2490 2546 2610 2578 viribus
2637 2555 2639 2557 ·

1547 2597 1622 2619 suae
1646 2589 1787 2619 animae:
1819 2594 1850 2619 et
1873 2587 1963 2628 quod
1985 2597 2121 2628 corpora
2144 2589 2281 2619 aliorum
2306 2599 2375 2620 non
2399 2589 2612 2622 excluduntur

1548 2642 1566 2662 a
1582 2632 1675 2662 donis
1690 2641 1819 2663 suarum
1834 2633 2021 2662 animarum.
2036 2650 2060 2654 —
2074 2633 2219 2663 Alterum
2234 2634 2428 2674 principium
2443 2635 2610 2675 proprium

1549 2682 1595 2706 est
1611 2677 1739 2716 corpori
1755 2676 1882 2712 Christi,
1900 2677 2067 2707 continens
2083 2676 2166 2707 duo:
2191 2677 2310 2708 scilicet
2326 2677 2416 2718 quod
2429 2678 2610 2710 humanitus

1550 2719 1666 2750 Christi
1694 2721 1787 2750 habet
1810 2721 1875 2750 vim
1897 2719 2052 2750 influendi
2075 2730 2113 2751 ex
2137 2722 2365 2752 coniunctione
2387 2722 2548 2762 personali
2569 2722 2611 2754 ad

1549 2764 1672 2801 Deum;
1697 2770 1728 2794 et
1751 2763 1841 2804 quod
1864 2773 1981 2804 corpus
1997 2764 2115 2795 Christi
2131 2766 2343 2796 coniunctum
2359 2771 2405 2796 est
2419 2766 2527 2797 Verbo
2541 2774 2612 2798 me*

1550 2807 1655 2838 diante
1678 2809 1793 2838 anima.
1817 2826 1839 2830 -
1863 2808 1910 2838 Ex
1926 2808 1974 2838 his
1989 2808 2148 2848 siquidem
2168 2809 2262 2840 simul
2277 2810 2393 2840 iunctis
2408 2809 2505 2841 habes
2521 2809 2626 2852 quod,

1550 2861 1667 2892 corpus
1691 2851 1807 2883 Christi
1835 2851 1994 2882 mediante
2025 2853 2130 2883 anima
2159 2854 2254 2884 habet
2275 2854 2342 2885 vim
2364 2853 2548 2896 influxivam
2570 2862 2611 2886 ex

1549 2896 1667 2932 Verbo,
1680 2897 1761 2926 sicut
1776 2896 1870 2926 habet
1885 2896 2044 2927 mediante
2060 2897 2165 2928 anima
2181 2898 2444 2928 coniunctionem
2459 2897 2500 2929 ad
2513 2897 2609 2930 illud:

1550 2946 1586 2970 ut
1608 2941 1652 2970 sic
1677 2946 1707 2970 et
1731 2950 1769 2970 ex
1792 2946 1879 2980 parte
1898 2940 2070 2977 influentis,
2087 2941 2192 2972 anima
2208 2941 2325 2972 Christi
2338 2940 2562 2983 principaliter,
2579 2947 2612 2973 et

1550 2993 1667 3024 corpus
1691 2984 1878 3015 secundario
1902 2985 2095 3022 inveniatur;
2126 2991 2158 3016 et
2180 2986 2322 3016 similiter
2351 2995 2389 3016 ex
2415 2990 2503 3026 parte
2531 2986 2610 3017 reci-

1550 3029 1707 3069 pientium
1726 3028 1893 3065 influxum,
1913 3029 2036 3060 animae
2060 3029 2231 3060 hominum
2253 3029 2475 3074 principaliter,
2492 3033 2524 3060 et
2539 3038 2610 3061 cor-

1550 3082 1629 3113 pora
1652 3072 1839 3103 secundario
1863 3074 2080 3109 inveniantur;
2105 3078 2136 3104 et
2151 3073 2322 3114 utrobique
2338 3071 2449 3104 eadem
2464 3073 2503 3104 sit
2517 3073 2609 3110 ratio,

1550 3117 1669 3147 scilicet
1699 3123 1830 3157 propter
1855 3117 2031 3148 naturalem
2054 3117 2200 3148 ordinem
2223 3117 2367 3157 corporis
2397 3115 2436 3148 ad
2459 3117 2608 3148 animam.

1606 3160 1656 3191 111.
1681 3161 1864 3192 Declaratur
1887 3160 2002 3192 deinde
2026 3161 2115 3202 quod
2138 3170 2254 3202 corpus
2269 3160 2456 3192 secundario
2480 3161 2611 3202 recipiat

1551 3204 1708 3235 influxum
1738 3205 1905 3245 dupliciter
1934 3205 2103 3236 verificari:
2135 3205 2254 3236 scilicet
2279 3212 2337 3245 per
2357 3202 2493 3235 modum
2515 3205 2610 3236 rnini—

1551 3250 1651 3285 sterii;
1677 3249 1727 3280 vel
1750 3259 1807 3290 per
1830 3249 1965 3280 modum
1988 3248 2199 3280 derivationis.
2222 3248 2306 3279 Nam
2324 3247 2455 3288 quando
2470 3248 2503 3279 in
2519 3257 2610 3289 prae-

1551 3294 1631 3323 senti
1655 3293 1717 3323 vita
1741 3294 1846 3324 anima
1869 3293 2071 3330 iustificatur,
2102 3297 2212 3323 movet
2233 3291 2376 3322 membra
2399 3293 2543 3332 corporis
2571 3292 2611 3324 ad

1551 3337 1791 3377 assequendam,
1801 3336 2059 3373 conservandam,
2069 3335 2221 3367 tuendam
2232 3335 2475 3376 augendamque
2486 3336 2610 3367 animae

1552 3382 1718 3412 iustitiam:
1751 3387 1781 3412 et
1804 3382 1849 3412 sic
1873 3390 1990 3422 corpus
2013 3385 2158 3411 nostrum
2181 3377 2385 3415 secundario,
2410 3385 2446 3410 ut
2468 3380 2613 3411 minister

1552 3426 1685 3461 animae,
1710 3430 1858 3456 movetur
1880 3435 1897 3455 a
1920 3423 2109 3455 iustificante
2132 3423 2280 3454 animam.
2313 3423 2453 3461 Quando
2477 3433 2553 3454 vero
2577 3425 2610 3455 in

1551 3470 1780 3500 resurrectione
1803 3469 1908 3500 anima
1930 3468 2068 3509 gloriosa
2091 3468 2198 3498 iuncta
2214 3467 2271 3497 erit
2294 3467 2432 3508 corpori,
2457 3477 2494 3498 ex
2510 3468 2610 3508 gloria

1553 3513 1676 3543 animae
1700 3513 1890 3543 derivabitur
1911 3512 2011 3552 gloria
2033 3511 2066 3541 in
2090 3519 2223 3550 corpus:
2252 3516 2283 3541 et
2305 3511 2350 3541 sic
2373 3521 2390 3541 a
2413 3511 2611 3552 glorificante

1552 3556 1723 3586 immortali
1747 3556 1917 3596 divinaque
1932 3556 1995 3586 vita
2018 3555 2165 3590 animam,
2181 3553 2408 3594 glorificabitur
2422 3555 2611 3587 secundario

1553 3608 1679 3639 corpus,
1704 3599 1899 3630 redundante
1922 3599 2022 3639 gloria
2045 3599 2168 3629 animae
2191 3599 2223 3628 in
2248 3607 2373 3639 corpus.

2629 1333 2639 1344 ·
2653 1331 2719 1355 Vm.
2735 1337 2770 1362 ¹³·

2630 1439 2639 1449 ⁴
2653 1437 2720 1460 Veru-
2737 1443 2772 1460 n.

2618 485 2635 506 ι,
2650 483 2709 501 ven.
2725 484 2760 501 ιο.

2626 968 2636 978 ·
2650 966 2699 995 Qu.
2712 971 2745 995 π,
2758 969 2801 989 m.
2816 968 2840 989 ι.·

2661 2230 2728 2254 νει-ι.
2741 2235 2780 2253 22.
