2872 3970
109 1948 149 2004 33
199 1962 331 2007 cundo,

199 2010 348 2054 quaesito
364 2012 391 2041 “.

147 2538 150 2539 ’
205 2538 290 2570 'ratur
316 2538 484 2580 acquisitio
513 2539 642 2571 maioris
671 2539 744 2569 loci.

885 265 1147 312 QUAESTIO
1176 266 1348 313 XXXIII,
1378 265 1668 304 ARTICULUS
1697 267 1711 303 I

211 354 297 385 ante
319 344 588 382 formationem
607 343 812 394 perfectam
832 342 988 391 aliquod
1007 350 1160 392 tempus
1179 356 1270 380 con-

211 397 393 449 ceptionis
420 396 694 446 praecessisset,
723 408 803 432 non
826 403 955 444 posset
973 403 1051 432 tota
1069 396 1269 445 conceptio

211 450 361 490 attribui
388 450 484 487 Filio
512 449 604 495 Dei,
641 461 741 498 quae
775 460 856 485 non
888 448 1103 485 attribuitur
1130 448 1163 485 ei
1198 449 1269 485 nisi

211 502 355 542 ratione
383 501 665 551 assumptionis.
704 502 752 538 Et
779 500 866 537 ideo
895 500 935 537 in
962 500 1089 550 primo
1118 500 1269 538 instanti

211 568 290 606 quo
317 554 475 592 materia
502 554 669 591 adunata
695 553 869 603 pervenit
897 554 946 590 ad
965 555 1096 590 locum
1114 566 1268 602 genera-

209 607 341 654 tionis,
375 606 444 644 fuit
470 606 633 656 perfecte
660 606 869 643 formatum
897 618 1037 655 corpus
1067 606 1203 643 Christi
1233 614 1269 643 et

204 667 462 709 assumptum.
500 659 548 696 Et
574 671 645 708 per
671 659 747 696 hoc
775 658 911 696 dicitur
942 658 1023 708 ipse
1051 658 1169 696 Filius
1196 659 1268 696 Dei

205 719 435 763 ,conceptum
465 711 572 760 quod
599 710 705 749 aliter
732 710 806 748 dici
834 723 914 748 non
941 718 1080 760 posset.

261 765 318 803 Ar>
351 776 486 802 PRIMUM
518 775 617 801 ERGO
645 776 826 802 DICENDUM
861 765 969 813 quod
995 764 1158 801 verbum
1188 765 1266 801 Au-

198 816 351 868 ,80513111
371 816 576 875 utrobique
607 828 689 854 non
716 817 875 854 refertur
902 817 951 854 ad
979 818 1100 854 solam
1127 817 1267 854 forma-

199 869 352 916 tionem
379 868 550 919 corporis
566 868 735 906 Christi:
765 869 832 907 sed
861 870 910 906 ad
930 869 1200 906 formationem
1220 869 1266 906 si-

130 947 144 971 5,
203 923 291 970 ,mul
307 933 399 960 cum
418 921 669 959 determinato
685 929 892 970 augmento
907 934 1031 970 usque
1050 922 1098 959 ad
1114 929 1267 981 tempus

146 983 148 986 ’
204 982 348 1035 partus.
383 974 495 1012 Unde
522 974 739 1012 secundum
773 974 962 1012 rationem
988 973 1086 1011 illius
1114 975 1267 1012 numeri

203 1025 342 1071 dicitur
359 1026 492 1076 perfici
505 1034 659 1076 tempus
677 1039 822 1066 novem
840 1026 1045 1074 mensium,
1062 1039 1141 1076 quo
1157 1027 1266 1064 Chri-

200 1087 286 1119 51115
311 1079 380 1117 fuit
406 1079 447 1116 in
474 1087 583 1117 utero
611 1079 786 1128 Virginis.

204 1160 205 1163 η
258 1132 316 1170 Αι)
334 1144 523 1170 SECUNDUM
549 1144 730 1170 DICENDUM
758 1133 865 1182 quod
892 1140 1022 1170 motus
1049 1132 1109 1169 ille
1137 1131 1266 1169 localis

196 1195 287 1225 aon
313 1184 653 1244 comprehenditur
679 1185 775 1222 infra
801 1184 926 1234 ipsam
953 1184 1263 1234 conceptionem,

115 1242 143 1259 ’·
203 1236 274 1278 sed
300 1245 356 1275 est
383 1237 624 1287 conceptioni
651 1237 936 1287 praeambulus.

123 1297 128 1304 ⁹
192 1287 194 1289 ’
258 1290 316 1327 An
342 1301 501 1328 ’marum
527 1302 710 1328 01011ΝοοΜ
741 1290 850 1339 quod
884 1302 964 1327 non
993 1298 1048 1327 est
1075 1290 1264 1338 assignare

206 1341 386 1380 ultimum
404 1341 547 1380 instans
566 1342 606 1379 in
625 1355 704 1392 quo
723 1342 882 1380 materia
900 1342 962 1380 illa
979 1342 1049 1380 fuit
1067 1343 1263 1391 sanguis*:

202 1394 272 1437 sed
299 1403 355 1432 est
382 1394 571 1443 assignare
599 1395 780 1433 ultimum
807 1403 978 1445 tempus,
1012 1396 1119 1444 quod
1147 1395 1265 1433 conti-

2311 263 2380 311 341

1323 352 1481 390 nuatur,
1519 346 1624 381 nullo
1652 343 1925 380 interveniente
1954 344 2101 389 medio,
2136 345 2184 381 ad
2212 344 2384 393 primum

1323 396 1466 434 instans
1494 397 1532 434 in
1552 409 1631 446 quo
1659 396 1728 433 fuit
1756 408 1844 433 caro
1866 396 2003 433 Christi
2031 398 2202 434 formata.
2233 398 2280 433 Et
2309 398 2384 434 hoc

1323 449 1466 486 instans
1494 449 1562 486 fuit
1582 449 1768 486 terminus
1795 449 1978 498 temporis
2006 458 2135 486 motus
2156 450 2283 487 localis
2302 462 2382 486 ma-

1322 501 1436 539 teriae
1466 503 1514 539 ad
1543 503 1674 539 locum
1693 500 1708 531 β
1735 501 1999 549 generationis.

1374 556 1431 591 An
1452 567 1623 597 QUARTUM
1642 567 1823 591 DICENDUM
1843 554 1950 603 quod
1970 562 2220 602 augmentum
2244 554 2287 590 fit
2314 567 2383 603 per

1321 607 1532 655 potentiam
1560 607 1884 655 augmentativam
1912 606 2030 656 ipsius
2065 607 2171 666 quod
2205 615 2379 654 augetur:

1321 660 1388 696 sed
1415 660 1594 698 formatio
1623 659 1795 709 corporis
1822 659 1865 695 fit
1892 671 1962 708 per
1988 659 2197 709 potentiam
2227 671 2381 707 genera-

1320 711 1451 771 tivam,
1480 724 1561 749 non
1590 712 1671 749 eius
1700 712 1766 771 qui
1793 719 2004 760 generatur,
2035 712 2113 748 sed
2129 711 2245 771 patris
2272 723 2381 760 gene-

1320 764 1436 801 rantis
1465 776 1511 802 ex
1539 764 1697 810 semine,
1726 764 1766 802 in
1789 777 1868 814 quo
1897 772 2078 814 operatur
2104 764 2162 801 vis
2181 764 2382 809 formativa

1320 817 1368 854 ab
1397 816 1526 855 anima
1553 817 1669 866 patris
1697 817 1877 854 derivata.
1909 818 2066 877 Corpus
2088 824 2218 854 autem
2244 810 2382 853 Christi

1320 881 1400 906 non
1427 869 1496 907 fuit
1523 870 1731 907 formatum
1759 882 1805 907 ex
1833 870 1979 907 semine
1998 870 2080 915 viri,
2110 869 2207 907 sicut
2232 869 2381 919 supra*

1320 922 1465 959 dictum
1494 930 1560 967 est,
1590 923 1657 960 sed
1676 935 1722 960 ex
1742 922 1963 972 operatione
1984 922 2144 972 Spiritus
2165 922 2303 962 Sancti.
2334 923 2382 959 Et

1319 974 1406 1011 ideo
1435 975 1518 1012 talis
1546 975 1679 1012 debuit
1706 987 1787 1012 esse
1815 975 1992 1013 formatio
2020 983 2062 1012 ut
2082 975 2266 1024 Spiritum
2286 975 2380 1012 San-

1319 1034 1425 1064 ctum
1460 1028 1621 1064 deceret.
1659 1028 1736 1065 Sed
1764 1035 2016 1076 augmentum
2044 1027 2215 1077 corporis
2241 1027 2380 1064 Christi

1318 1079 1386 1116 fuit
1413 1080 1552 1117 factum
1584 1080 1799 1118 secundum
1826 1080 2034 1129 potentiam
2056 1080 2380 1129 augmentativam

1319 1132 1470 1169 animae
1501 1132 1656 1169 Christi:
1695 1145 1794 1182 quae
1823 1145 1914 1170 cum
1942 1133 1988 1169 sit
2015 1133 2139 1182 specie
2172 1132 2380 1170 conformis

1319 1184 1471 1222 animae
1490 1184 1654 1232 nostrae,
1679 1185 1819 1222 eodem
1837 1185 1958 1223 modo
1977 1185 2109 1222 debuit
2127 1197 2267 1234 corpus
2287 1185 2379 1222 illud

1318 1237 1555 1285 augmentari
1590 1237 1686 1274 sicut
1718 1245 1754 1275 et
1782 1237 1853 1274 alia
1881 1250 2043 1286 corpora
2071 1237 2278 1276 hominum
2313 1251 2379 1275 au-

1317 1297 1571 1338 gmentantur,
1598 1298 1641 1327 ut
1669 1302 1715 1327 ex
1743 1291 1818 1327 hoc
1853 1290 2116 1328 ostenderetur
2142 1290 2279 1327 veritas
2308 1291 2379 1327 hu-

1318 1355 1456 1380 manae
1484 1351 1654 1380 naturae.

121 1506 127 1519 *¹
155 1526 160 1528 “
216 1540 219 1542 -
254 1525 281 1562 β)
299 1527 392 1552 locum.
409 1541 430 1546 -
447 1527 479 1558 P;
499 1532 608 1553 motum.
627 1527 665 1552 Cf.
684 1534 756 1560 corp.
773 1532 821 1553 art.
839 1527 919 1560 princ.
938 1532 963 1552 et
981 1535 1025 1560 qu.
1045 1535 1101 1552 xxxl
1120 1532 1167 1553 art.
1189 1527 1202 1552 5
1222 1527 1254 1552 ad
1274 1527 1288 1552 3
1308 1526 1352 1552 fin.

875 1615 1208 1648 Commentario.
1232 1614 1484 1649 cardinalis
1505 1617 1707 1650 Caietam

43 1732 47 1739 ,
118 1699 161 1734 2³,
206 1712 370 1777 Trrurus
393 1702 433 1734 de
459 1712 609 1734 mensura
635 1702 835 1734 formationis
862 1712 927 1743 qua
953 1712 1070 1743 corpus
1095 1703 1266 1743 figuratum

263 1747 297 1778 in
323 1747 543 1778 membrorum
569 1747 756 1777 interiorum
785 1752 816 1777 et
843 1747 1035 1777 exteriorum
1058 1746 1176 1778 formas
1204 1753 1264 1784 est,

133 1864 153 1870 ,,
202 1833 297 1866 sumt
318 1835 437 1865 instans
459 1835 695 1875 conceptionis3
726 1845 782 1871 30,
812 1835 893 1865 sicut
915 1835 963 1864 in
971 1835 1038 1864 aliis
1070 1835 1264 1871 hominibus,

200 1878 298 1912 fuerit
319 1884 448 1919 tempus
470 1888 671 1918 consequens
694 1879 951 1918 conceptionem.

133 1930 141 1938 '
240 1923 294 1958 In
317 1932 453 1964 corpore
476 1923 608 1959 articuli,
631 1923 736 1963 primo
760 1922 919 1953 distinctio
935 1922 1126 1953 trimembris
1141 1922 1192 1959 fit;
1216 1932 1265 1953 se-

364 1966 488 2008 singula
520 1972 692 1998 tractantur
720 1966 881 2002 membra;
917 1972 948 1997 et
976 1967 1021 1998 sic
1054 1946 1265 2007 respondetur

257 2054 425 2086 Distinctio
450 2060 505 2085 est.
537 2054 612 2085 Tria
638 2055 672 2085 in
695 2055 907 2095 conceptione
930 2053 1186 2091 considerantur,
1204 2060 1263 2085 etc.

113 2082 149 2094 *P
202 2098 298 2138 Quae
319 2099 402 2130 clare
425 2104 535 2139 patent
556 2099 590 2129 in
613 2098 724 2129 littera.

208 2157 225 2164 *1
258 2142 296 2174 11.
320 2142 502 2174 Tractando
525 2148 632 2173 autem
655 2143 785 2173 tertium
807 2136 999 2178 membrum,
1019 2143 1138 2173 scilicet
1153 2142 1194 2173 de
1209 2151 1264 2172 au-

299 2192 344 2224 to,
368 2186 495 2218 adverte
518 2186 617 2227 quod,
642 2196 718 2217 cum
740 2186 853 2217 dicitur
876 2192 1084 2226 augmentum
1106 2196 1175 2217 non
1197 2195 1265 2216 esse

299 2236 392 2262 motu
419 2231 530 2266 locali,
557 2230 697 2270 intellige
725 2230 764 2260 de
786 2235 880 2260 motu
901 2230 996 2260 locali
1019 2229 1192 2261 formaliter
1214 2230 1265 2260 vel

129 2253 146 2283 ¹*
203 2265 387 2306 firtualster:
411 2275 474 2305 hoc
490 2279 546 2311 est,
561 2271 618 2305 vel
634 2275 709 2314 quia
723 2274 828 2304 motui
844 2275 1109 2314 augmentationis
1125 2274 1266 2314 iungitur

203 2327 277 2354 vere
299 2318 408 2350 localis
422 2323 531 2349 motus
547 2319 690 2359 corporis
713 2318 824 2358 quanti
840 2317 880 2348 ad
894 2319 1048 2348 maiorem
1064 2318 1190 2355 locum3
1215 2319 1266 2349 vel

203 2363 274 2403 ipse
293 2368 402 2394 motus
424 2363 596 2403 augmenti,
620 2362 752 2393 afferens
774 2362 943 2393 intrinsece
967 2362 1175 2402 quantitatem
1198 2372 1265 2393 ma-

144 2412 147 2415 ’
204 2406 323 2445 iorem,
353 2411 400 2438 est
422 2407 588 2437 collativus
616 2416 674 2446 per
695 2407 780 2437 viam
802 2406 951 2446 sequelae
973 2406 1102 2436 maioris
1124 2406 1204 2443 loci,
1229 2416 1266 2437 ac

204 2450 233 2482 si
253 2456 361 2482 motus
390 2451 435 2481 ibi
464 2451 667 2481 interveniret
693 2450 812 2481 localis.
846 2450 926 2481 Utro
953 2455 1060 2480 autem
1082 2449 1182 2481 modo
1209 2451 1264 2487 sit,

205 2494 284 2526 ratio
306 2495 427 2526 litterae
450 2495 561 2526 currit:
586 2495 662 2535 quia
684 2500 823 2535 utroque
845 2494 945 2525 modo
969 2499 1114 2534 tempore
1137 2503 1265 2525 mensu-

779 2539 855 2569 Non
886 2544 932 2569 est
960 2543 1067 2568 autem
1094 2538 1185 2569 locus
1207 2539 1265 2570 iste

206 2591 368 2613 consonus
391 2582 606 2614 discutiendae
629 2583 705 2613 huic
729 2583 918 2623 quaestioni.

260 2625 312 2657 111.
336 2625 516 2657 Tractando
537 2625 715 2657 secundum
730 2627 921 2663 membrum,
937 2626 971 2656 in
987 2635 1054 2666 quo
1070 2626 1153 2656 tituli
1169 2635 1266 2667 quae-

206 2670 267 2701 stio
286 2670 438 2706 consistit,
457 2671 622 2701 conclusio
638 2671 822 2710 responsiva
839 2671 986 2711 ponitur:
1009 2670 1177 2701 Formatio
1194 2680 1266 2701 cor-

200 2713 295 2755 poris
312 2714 513 2756 Christisuit
527 2715 560 2745 in
573 2714 715 2745 instanti.
731 2714 888 2745 Probatur
903 2714 1080 2755 dupliciter.
1097 2714 1215 2751 Primo,
1228 2724 1266 2745 ex

207 2756 361 2789 infinitate
375 2759 498 2789 virtutis
513 2759 642 2789 activae.
667 2758 827 2795 Secund0‚
845 2768 883 2789 ex
902 2763 991 2799 parte
1012 2767 1168 2798 personae
1183 2759 1265 2790 Filii.

261 2800 354 2842 Clara
376 2807 450 2833 sunt
475 2803 508 2833 in
528 2802 650 2839 littera,
683 2803 710 2832 si
739 2801 906 2833 adverteris
937 2802 1026 2842 quod
1053 2803 1156 2842 prima
1186 2803 1265 2833 ratio

206 2844 371 2876 concludit
393 2846 432 2877 de
453 2846 607 2886 possibili,
631 2845 771 2877 secunda
791 2855 868 2876 vero
892 2845 932 2877 de
947 2845 1041 2876 facto.
1066 2846 1149 2876 Nam
1165 2856 1203 2876 ex
1218 2847 1266 2876 in-

207 2887 327 2920 finitate
348 2890 470 2920 virtutis
493 2890 629 2926 activae,
660 2891 780 2930 agentis
802 2895 909 2920 tamen
931 2889 1108 2920 secundum
1131 2890 1267 2921 liberum

207 2932 386 2970 arbitrium,
417 2943 485 2964 non
507 2933 640 2964 infertur
663 2933 830 2964 efficaciter
859 2933 948 2974 quod
970 2932 1060 2970 fecit,
1092 2933 1148 2964 sed
1178 2934 1267 2974 quod

208 2975 311 3008 facere
339 2978 446 3017 potuit
471 2978 505 3008 in
532 2978 669 3008 instanti.
704 2977 746 3008 Et
767 2978 831 3008 hoc
861 2986 1006 3017 expresse
1036 2983 1151 3008 sonant
1173 2979 1267 3008 verba

209 3019 338 3052 litterae.
366 3021 414 3052 Ex
436 3022 621 3052 necessitate
646 3026 752 3052 autem
776 3020 951 3052 confitendi
974 3021 1063 3061 quod
1085 3021 1184 3052 Filius
1207 3022 1267 3052 Dei

1320 1710 1496 1744 conceptus
1529 1710 1591 1740 est,
1615 1706 1724 1735 iuncta
1746 1704 1891 1735 decentia
1920 1704 2009 1745 quod
2031 1714 2099 1734 non
2121 1705 2181 1735 nisi
2207 1704 2380 1735 formatum

1319 1758 1437 1788 corpus
1460 1748 1687 1779 assumendum
1708 1754 1782 1784 erat,
1806 1748 1937 1778 infertur
1960 1748 2049 1788 quod
2065 1748 2104 1778 de
2121 1748 2204 1778 facto
2220 1748 2306 1778 idem
2321 1748 2381 1779 fuit

138 1800 141 1801 ’
184 1816 186 1818 .
205 1787 342 1832 Quaerit:
373 1800 414 1821 an
437 1791 556 1821 seilicet
577 1800 726 1822 mensura
748 1790 922 1821 durationis
945 1791 1043 1831 ipsius
1066 1790 1265 1822 formationis
1318 1792 1437 1822 instans
1461 1793 1692 1832 conceptionis,
1716 1792 1914 1822 formationis
1931 1797 1961 1822 et
1977 1793 2212 1832 assumptionis,
2229 1798 2265 1822 ut
2283 1798 2379 1832 patet.

1374 1835 1426 1866 IV.
1451 1835 1486 1866 In
1510 1836 1718 1876 responsione
1741 1835 1781 1866 ad
1795 1836 1946 1876 primum,
1971 1835 2096 1866 adverte
2121 1835 2210 1875 quod
2232 1836 2381 1876 Magister

1319 1879 1564 1916 Sententiarum,
1587 1881 1620 1910 in
1643 1890 1677 1909 m
1700 1879 1902 1910 distinctione
1922 1879 2032 1915 Tertii,
2056 1880 2188 1919 exponit
2209 1880 2380 1920 Augustini

1319 1924 1550 1960 auctoritatem,
1563 1933 1631 1954 non
1655 1923 1694 1954 de
1713 1923 1904 1954 formatione
1926 1924 1960 1954 in
1978 1933 2022 1959 se,
2042 1923 2097 1954 sed
2118 1924 2152 1954 in
2168 1933 2225 1955 sua
2247 1923 2380 1954 manife-

1319 1968 1463 1998 statione.
1489 1968 1530 1998 Et
1551 1968 1585 1998 in
1608 1967 1694 1998 idem
1716 1967 1796 1998 redit
1821 1968 1988 2008 responsio
2018 1968 2167 1998 Auctoris
2198 1968 2379 2004 obscurior,

1319 2021 1402 2051 quae
1425 2011 1465 2042 de
1488 2017 1661 2052 augmento
1685 2011 1769 2042 illius
1792 2011 1991 2042 formationis
2015 2012 2164 2052 exponit:
2196 2017 2380 2052 augmenta-

1318 2056 1364 2085 tio
1393 2056 1479 2085 enim
1502 2055 1714 2086 formatorum
1743 2055 1953 2086 manifestavit
1981 2055 2206 2086 formationem
2229 2056 2380 2086 latentem

1318 2099 1405 2139 prius
1437 2100 1479 2129 ob
1502 2099 1698 2139 parvitatem.
1723 2099 1890 2130 Consonat
1911 2104 2019 2129 autem
2043 2099 2198 2140 expositio
2214 2100 2294 2130 haec
2312 2100 2380 2130 Au—

1319 2142 1436 2183 gustini
1450 2143 1563 2179 verbis,
1588 2143 1644 2183 qui
1659 2142 1699 2173 de
1714 2143 1910 2183 perfectione
1931 2142 2084 2173 dominici
2108 2144 2250 2183 corporis
2273 2144 2379 2184 loqui-

1319 2192 1379 2217 tur.
1415 2186 1571 2224 Quamvis
1594 2187 1680 2217 enim
1708 2187 1782 2227 ipsa,
1803 2186 1951 2217 formatio
1982 2186 2135 2217 dominici
2173 2188 2315 2227 corporis
2346 2188 2379 2218 in

1318 2231 1423 2271 primo
1440 2231 1567 2261 instanti
1590 2229 1685 2261 fuerit
1706 2230 1846 2271 perfecta
1869 2231 2083 2267 essentialiter,
2099 2240 2166 2261 non
2189 2236 2297 2261 tamen
2319 2230 2380 2261 fuit

1318 2274 1459 2314 perfecta
1475 2275 1690 2314 quantitative.
1711 2274 1784 2304 Hoc
1801 2279 1847 2305 est
1863 2274 1962 2314 quod,
1975 2274 2049 2305 licet
2064 2275 2210 2305 habuerit
2224 2275 2258 2304 in
2272 2275 2378 2315 primo

1319 2319 1448 2349 instanti
1471 2319 1581 2349 omnia
1610 2318 1753 2348 membra
1777 2323 1807 2348 et
1825 2318 2033 2354 lineamenta,
2058 2328 2125 2348 non
2154 2324 2263 2348 tamen
2285 2319 2318 2348 in
2342 2328 2379 2349 ea

1319 2363 1494 2402 quantitate
1518 2371 1615 2402 quam
1630 2362 1791 2392 habuisset
1812 2362 1839 2392 si
1853 2362 1887 2392 in
1911 2361 2117 2402 quadraginta
2137 2367 2167 2392 et
2190 2371 2244 2392 sex
2266 2360 2378 2392 diebus

1318 2406 1428 2437 fuisset
1444 2416 1560 2446 corpus
1583 2405 1662 2436 illud
1678 2405 1867 2436 formatum:
1891 2405 1947 2436 sed
1968 2405 2009 2436 ad
2030 2411 2149 2436 tantam
2170 2406 2379 2445 quantitatem

1318 2451 1462 2490 pervenit
1484 2451 1586 2490 spatio
1617 2449 1822 2490 quadraginta
1845 2455 1876 2480 et
1899 2459 1954 2480 sex
1981 2449 2114 2480 dierum.
2145 2449 2187 2480 Et
2210 2455 2379 2489 propterea

1317 2500 1366 2525 tot
1382 2494 1448 2525 dies
1463 2495 1497 2524 in
1513 2494 1666 2525 dominici
1682 2494 1824 2534 corporis
1838 2493 2035 2534 perfectione
2050 2493 2254 2524 intervenisse
2266 2493 2378 2524 dicun-

1318 2544 1378 2569 tur.
1394 2539 1516 2569 Verum
1540 2544 1586 2568 est
1609 2538 1695 2568 enim
1717 2539 1780 2568 hoc
1803 2537 1842 2568 de
1868 2537 2064 2578 perfectione
2086 2537 2292 2577 quantitativa
2313 2536 2378 2567 for-

1318 2583 1467 2613 mationis
1490 2583 1651 2623 corporis,
1676 2587 1707 2612 et
1729 2591 1796 2612 non
1819 2581 1859 2612 de
1881 2581 2076 2622 perfectione
2100 2581 2256 2611 essentiali
2278 2581 2378 2621 ipsius

1319 2626 1528 2662 formationis,
1553 2631 1589 2656 ut
1612 2625 1733 2656 dictum
1757 2631 1812 2656 est.
1837 2626 1878 2656 Et
1899 2625 1988 2662 ideo,
2012 2625 2086 2655 licet
2108 2626 2189 2655 inter
2211 2624 2376 2655 formatio—

1318 2680 1394 2701 nem
1417 2670 1561 2710 corporis
1578 2669 1702 2701 ,Christi
1725 2675 1756 2700 et
1779 2670 1914 2700 aliorum
1937 2670 1976 2699 sit
1999 2668 2174 2699 differentia
2203 2669 2373 2708 temporis,

1320 2715 1395 2755 quia
1417 2714 1535 2745 Christi
1551 2714 1713 2754 corpusin
1728 2714 1855 2744 instanti
1877 2713 2050 2744 formatum
2071 2718 2126 2748 est,
2143 2713 2279 2743 aliorum
2300 2722 2376 2743 vero

1319 2759 1352 2789 in
1368 2758 1575 2799 quadraginta
1589 2767 1644 2788 sex
1659 2757 1787 2793 diebus;
1811 2758 1892 2788 inter
1906 2757 2137 2797 perfectionem
2152 2762 2259 2786 tamen
2276 2765 2377 2796 quan-

1319 2803 1472 2833 titativam
1487 2802 1614 2832 solitam
1628 2801 1738 2842 perfici
1760 2802 1794 2831 in
1818 2800 2023 2841 quadraginta
2045 2810 2099 2830 sex
2122 2799 2232 2830 diebus
2251 2800 2290 2830 in*
2307 2809 2377 2830 cor—

1319 2847 1451 2887 poribus
1473 2846 1700 2881 masculorum,
1716 2850 1862 2885 respectu
1885 2844 2027 2884 corporis
2050 2843 2166 2874 Christi
2188 2849 2219 2873 et
2242 2843 2377 2874 aliorum

1319 2890 1407 2920 nulla
1430 2895 1477 2920 est
1499 2889 1687 2919 differentia:
1712 2889 1787 2928 quia
1801 2889 1835 2918 in
1859 2887 1975 2918 Christi
1991 2897 2135 2927 corpore,
2155 2887 2236 2917 sicut
2249 2887 2283 2917 in
2299 2887 2377 2917 alio-

1319 2943 1391 2964 rum
1407 2934 1577 2964 hominum
1600 2933 1786 2972 corporibus
1810 2931 2024 2972 perficiendis,
2050 2931 2254 2971 quadraginta
2274 2936 2305 2961 et
2323 2940 2377 2961 sex

1321 2977 1387 3008 dies
1411 2977 1623 3007 consummati
1640 2982 1722 3006 sunt.
1746 2976 1787 3006 Et
1804 2976 1867 3006 hoc
1882 2976 2080 3015 Augustinus
2102 2974 2237 3011 tradidit,
2253 2975 2378 3005 Auctor

1322 3027 1352 3051 et
1368 3021 1516 3061 Magister
1532 3020 1765 3051 Sententiarum
1788 3024 2012 3059 exposuerunt.

2410 872 2477 900 ’.Qu
2484 876 2615 901 xxxam-15

2408 899 2436 920 ad
2451 905 2471 928 3.
