2872 3970
220 426 306 458 tum
338 420 514 470 pervenit
540 420 606 469 qui
634 431 705 469 per
731 420 956 460 seminalem
984 421 1170 458 rationem
1199 433 1279 458 car-

221 472 365 511 naliter·
379 473 431 510 ab
456 483 503 510 eo
532 472 824 518 descenderunt,
851 472 903 510 ita
928 473 1045 521 gratia
1073 474 1213 511 Christi
1229 474 1279 512 ad

220 525 305 563 Ποῦ
329 533 481 563 tamum
506 524 682 574 pervenit
699 525 765 574 qui
784 525 967 574 spirituali
994 526 1278 573 regeneratione

219 577 309 616 eius
321 578 499 615 membra
515 585 606 615 sunt
620 577 720 615 sami.
749 578 869 624 Quod
886 590 968 615 non
985 578 1167 628 competit
1185 591 1279 628 pue-

219 629 277 668 rixi
296 630 570 668 decedentibus
597 641 690 667 cum
708 630 880 678 originali
906 638 1075 679 peccato.

270 684 329 720 An
346 693 704 720 mnuumctnnuu
721 683 829 732 quod
847 683 1061 732 baptismus
1077 683 1280 722 adhibetur

223 790 231 825 j
256 807 295 848 Β)
314 795 472 840 hominibus.
490 827 510 832 -
528 811 612 844 Pisc3
629 813 757 839 omnibus.

221 968 231 971 “
292 974 384 1004 τίη-σε
417 972 529 1002 clarus.
552 989 575 994 —
602 971 639 1004 In
669 982 805 1014 corpore
837 983 902 1004 una
934 980 980 1004 est
1010 974 1195 1010 conclusio,
1220 972 1278 1004 du-

276 1014 400 1057 pliciter
427 1015 571 1056 probam.
605 1015 782 1047 Conclusio
810 1022 870 1048 est:
902 1017 1063 1054 Christus,
1087 1017 1278 1048 descendens

113 1085 134 1102 ἵ
216 1059 261 1092 ad
280 1059 421 1102 inferus,
445 1069 511 1091 nou
534 1060 683 1092 liveravit
697 1069 836 1101 pueros·
846 1062 903 1102 qui
926 1070 1000 1092 cum
1016 1067 1150 1102 peccato
1175 1062 1278 1103 origi-

165 1104 191 1147 ,J
217 1103 287 1138 nali
308 1103 520 1136 decesserant.
543 1103 650 1139 Prima
665 1105 813 1145 probatio
830 1111 886 1137 est.
909 1105 1089 1137 Descensus
1105 1106 1222 1138 Christi
1237 1106 1277 1137 ad

158 1160 191 1174 vm
215 1146 335 1179 inferos
358 1148 392 1178 in
414 1148 489 1178 solis
511 1148 572 1178 illis
605 1147 754 1179 effectum
777 1149 970 1180 liberationis
1001 1150 1112 1181 habuit
1142 1151 1198 1190 qui
1220 1160 1277 1192 per

116 1191 125 1196 “
215 1190 314 1222 fidem
338 1197 369 1222 et
391 1192 552 1222 caritatem
576 1193 740 1223 coniuncti
773 1198 860 1224 erant
890 1194 1029 1233 passioni
1053 1193 1178 1225 Christi.
1214 1194 1276 1225 Sed

215 1236 309 1277 pueri
330 1235 482 1266 habentes
496 1241 666 1276 peccatum
683 1237 835 1277 originale
857 1247 924 1268 non
941 1243 1029 1268 erant
1052 1239 1096 1268 sic
1113 1239 1276 1269 coniuncti

216 1278 360 1310 Christo:
391 1279 466 1320 quia
487 1289 548 1310 nec
575 1289 633 1320 per
654 1281 817 1320 propriam
840 1280 937 1312 fidem
960 1287 991 1312 et
1014 1282 1191 1318 caritatem,
1215 1292 1275 1312 nec

215 1324 250 1354 in
272 1322 336 1354 fide
351 1329 529 1364 parentum,
546 1329 601 1354 aut
622 1333 680 1364 per
703 1324 834 1365 aliquod
849 1324 924 1356 fidei
947 1332 1179 1356 sacramentum
1199 1336 1274 1366 pur-

215 1367 280 1407 gati
303 1372 400 1398 erant.
425 1367 521 1407 Ergo.
895 1386 897 1388 v

270 1411 418 1442 Secunda
439 1412 587 1451 probatio
604 1417 659 1442 est.
683 1412 843 1443 Liberatio
867 1414 906 1443 ab
922 1413 1047 1444 inferno
1060 1419 1106 1444 est
1125 1414 1274 1445 admissio

214 1454 261 1490 ad
275 1455 423 1495 glorian
454 1455 518 1488 Sed
540 1456 634 1496 pueri
655 1465 730 1488 eum
754 1457 898 1497 originali
919 1467 987 1489 non
1019 1463 1196 1498 potuerunt
1221 1458 1275 1489 ad-

219 1913 222 1916 ·
349 1893 383 1915 ὦ
432 1887 441 1903 ι
467 1880 639 1908 οετΑνυΜ
658 1880 710 1907 SIC
729 1881 963 1907 moeson-na.
989 1869 1151 1907 Videtur
1167 1870 1275 1920 quod

246 1923 326 1975 ΨΑ
344 1895 403 1963 55<
427 1922 601 1960 Christus
629 1934 701 1960 suo
728 1922 915 1960 descensu
943 1922 992 1960 ad
1019 1921 1160 1960 inferos
1187 1922 1274 1960 libe-

116 1991 133 2019 3
217 1991 241 2018 z'
263 1988 282 2022 J‘ss
338 1992 342 1996 =
362 1962 412 2017 ‘'a“
426 1973 565 2012 raverit
582 1973 730 2012 animas
750 1987 773 2012 a
790 1975 1020 2024 purgatorio.
1050 1975 1150 2013 Dicit
1170 1975 1274 2013 enim

221 2021 365 2063 ists-'mista
380 2020 410 2059 Ὺ
426 2026 676 2076 Augustinus,
694 2027 736 2064 in
763 2027 936 2077 Epistola
960 2028 1011 2065 ad
1035 2029 1220 2065 Evodium
1237 2028 1271 2064 *ε

120 2087 180 2119 ;-.“
218 2080 525 2124 ανία“ενὶόεηίἱα
551 2081 756 2118 testimonia
780 2086 815 2117 et
833 2081 1022 2128 infernum
1050 2092 1275 2131 commemo-

111 2140 114 2143 '
213 2132 299 2171 rant
325 2137 362 2170 et
386 2132 542 2181 dolores,
573 2133 676 2170 nulla
702 2145 816 2171 causa
843 2135 1003 2171 occurrit
1021 2145 1091 2170 cur
1108 2133 1169 2171 illo
1197 2145 1273 2170 cre-

213 2185 323 2223 datur
349 2187 489 2224 venisse
507 2186 688 2232 Salvator,
710 2188 784 2223 nisi
801 2191 839 2222 ut
857 2188 904 2223 ab
932 2186 1066 2223 eisdem
1086 2186 1273 2223 doloribus

211 2238 333 2276 salvos
349 2239 508 2287 faceret.
545 2239 618 2276 Sed
644 2245 766 2276 utrum
795 2251 924 2276 omnes
951 2251 1040 2288 quos
1067 2241 1104 2275 in
1141 2241 1191 2275 eis
1219 2241 1272 2275 in-

148 2300 151 2303 “
211 2293 323 2338 venit,
348 2303 398 2329 an
427 2291 624 2341 quosdam,
651 2304 741 2342 quos
764 2292 826 2328 illo
854 2293 1030 2340 beneficio
1059 2292 1192 2341 dignos
1220 2295 1272 2328 iu—

211 2344 359 2390 dicavit,
378 2345 500 2382 adhuc
518 2346 667 2394 requiro
687 2350 715 2381 α.
755 2346 896 2382 Tamen
915 2346 1056 2382 venisse
1087 2345 1271 2381 Christum

213 2397 316 2447 apud
340 2397 491 2445 inferos,
512 2403 545 2434 et
563 2399 600 2434 in
621 2410 751 2435 eorum
779 2397 966 2434 doloribus
988 2399 1185 2434 constitutis
1203 2398 1274 2434 hoc

213 2451 432 2498 beneficium
462 2452 703 2500 praestitisse,
733 2462 807 2487 non
843 2450 976 2487 dubito.
1014 2451 1107 2487 Non
1144 2457 1273 2487 autem

213 2501 395 2553 praestitit
422 2502 656 2551 beneficium
684 2502 914 2540 liberationis
943 2502 1147 2539 damnatis:
1179 2502 1274 2539 sicut

215 2567 332 2605 supra
349 2555 370 2577 *
397 2555 543 2592 dictum
563 2563 628 2592 est.
658 2556 812 2593 Praeter
831 2567 897 2592 eos
916 2562 1046 2592 autem
1073 2555 1167 2592 nulli
1186 2562 1274 2592 sunt

213 2607 255 2646 in
273 2607 470 2645 doloribus
489 2607 716 2657 poenalibus
735 2607 926 2645 constituti
941 2607 1012 2644 nisi
1031 2607 1082 2645 illi
1101 2607 1167 2656 qui
1187 2615 1274 2644 sunt

214 2659 254 2698 in
268 2660 499 2711 purgatorio.
515 2662 617 2710 Ergo
633 2661 807 2698 Christus
826 2660 973 2698 animas
992 2661 1040 2697 de
1054 2660 1273 2710 purgatorio

213 2712 398 2751 liberavit.

269 2777 304 2803 2.
326 2766 659 2816 PRAETEREA‚.ipsa
686 2766 836 2803 animae
856 2765 871 2795 β
900 2765 1038 2803 Christi
1061 2766 1275 2816 praesentia

215 2830 296 2856 non
323 2818 517 2856 minorem
537 2819 717 2856 effectum
736 2818 870 2856 habuit
897 2831 1018 2868 quam
1038 2826 1276 2863 sacramenta

215 2935 303 2961 mae
331 2936 354 2961 a
375 2923 614 2974 purgatorio:
644 2931 680 2961 et
698 2923 904 2973 praecipue
923 2936 993 2973 per
1015 2919 1274 2961 Eucharistiae

165 2994 188 3036 ᾗς
215 2984 511 3023 sacramentum,
532 2984 574 3014 ut
592 2976 688 3013 infra
701 2977 722 2998 ’¹‘
746 2975 902 3013 dicetur.
932 2977 1033 3024 Ergo
1053 2977 1174 3013 multo
1194 2988 1273 3012 ma-

124 3037 133 3049 ”
214 3028 271 3078 gis
305 3041 376 3079 per
410 3029 665 3078 praesentiam
702 3028 841 3066 Christi
869 3029 917 3065 ad
945 3028 1084 3065 inferos
1119 3029 1273 3065 descen-

215 3081 338 3119 dentis
366 3089 455 3119 sunt
482 3081 632 3118 animae
660 3094 683 3118 a
710 3081 928 3130 purgatorio
957 3080 1144 3117 liberatae.

271 3134 305 3171 3.
335 3135 573 3180 PRAETEREA,
608 3133 781 3170 Christus
818 3145 1087 3182 quoscumque
1129 3132 1274 3169 curavit

120 3232 124 3235 ,
146 3226 150 3227 ⁷
215 3186 256 3225 in
282 3187 356 3224 hac
373 3186 462 3231 vita,
482 3185 643 3223 totaliter
661 3185 824 3222 curavit:
855 3192 897 3222 ut
920 3185 1154 3232 Augustinus
1174 3184 1272 3231 dicit,

114 3241 142 3277 3
163 3256 183 3286 5
215 3238 256 3277 in
273 3239 370 3276 libro
390 3239 434 3276 de
451 3239 677 3276 Poenitentia
695 3238 726 3274 ³¹⁸.
756 3238 804 3275 Et
826 3238 928 3274 Ioan.
949 3249 995 3274 vn
1012 3236 1052 3259 ²¹⁸*
1083 3236 1275 3273 Dominus

119 3293 168 3338 Ξ
183 3285 191 3297 ’
216 3291 324 3330 dicit:
349 3294 482 3330 Totum
501 3292 688 3328 hominem
707 3291 849 3327 salvum
858 3291 942 3338 feci
959 3291 995 3326 in
1014 3291 1176 3326 sabbato.
1199 3289 1275 3325 Sed

122 3339 124 3342 ⁵
218 3343 391 3382 Christus
420 3356 486 3381 eos
514 3343 581 3393 qui
609 3342 648 3379 in
676 3342 895 3392 purgatorio
924 3349 1040 3388 erant,
1062 3341 1232 3378 liberavit
1254 3353 1276 3377 a

220 3509 319 3536 Tamen
325 3510 414 3544 fuisse
427 3510 515 3540 GHbc,
529 3509 622 3534 Fuisse
635 3507 673 3534 ἦ
684 3509 772 3542 fuisse
786 3508 821 3540 pl,
835 3507 927 3532 Fuisse
941 3506 979 3532 iffi
993 3507 1024 3536 sl.
1039 3507 1131 3532 Fuisse
1145 3510 1231 3531 tamen
1247 3507 1273 3532 Ρ.

270 3543 296 3579 β)
314 3545 428 3571 animae.
445 3559 464 3564 -
481 3547 570 3570 autem
589 3545 626 3574 bc,
646 3552 699 3569 om.
718 3543 756 3569 ΡΙ.
774 3557 793 3562 -
812 3544 861 3568 Pro
879 3545 1055 3571 sacramenta,
1078 3545 1273 3567 sacramentum

217 3580 302 3613 primo
318 3580 377 3605 loco
394 3580 547 3610 BCEFHbc,
566 3580 646 3604 altero
665 3579 737 3604 BCF.

111 340 121 345 ¹
906 289 1168 336 QUAESTIO
1196 291 1280 338 LII,
1308 291 1599 329 ARTICULUS
1627 293 1707 330 VIII

46 415 47 420 ¹
116 373 169 429 :2⁴
221 367 272 406 ad
289 369 443 406 multos.
473 368 550 406 Sed
569 367 665 405 sicut
677 375 882 417 peccatum
901 368 1006 405 Adae
1035 369 1083 405 ad
1112 381 1179 406 eos
1198 377 1278 406 tan-
1303 368 1306 407 Ι
1332 369 1579 407 hominibus⁶
1592 371 1634 408 in
1652 371 1725 408 hac
1738 371 1825 416 vita,
1842 371 1881 408 in
1900 383 1976 420 qua
1990 372 2110 409 homo
2126 379 2248 420 potest
2267 378 2386 432 trans-

214 2870 345 2920 ipsius.
371 2871 448 2910 Sed
466 2884 537 2921 per
555 2879 792 2909 sacramenta
812 2871 952 2908 Christi
971 2866 1178 2917 liberant-ur
1196 2871 1280 2916 ani-¹

270 3473 298 3509 α)
317 3474 434 3507 requiro.
452 3489 471 3494 -
489 3474 574 3499 Tertia
599 3479 700 3506 praeter
718 3473 774 3506 pG;
794 3472 916 3505 requirit.
934 3486 954 3491 —-
972 3471 1022 3496 Pro
1044 3471 1140 3496 Tamen
1166 3471 1273 3500 venisse,
1298 3476 1300 3519 1

2311 293 2382 331 501

1332 423 1470 459 mutari
1498 423 1546 460 de
1565 425 1678 472 culpa
1696 423 1736 460 in
1753 423 1921 470 gratiam.
1953 424 2028 461 Sed
2052 424 2256 461 descensus
2277 424 2386 462 Chn-

1332 474 1375 511 sti
1403 475 1453 512 ad
1481 475 1619 513 inferos
1638 475 1826 513 exhibitus
1853 476 1921 513 fuit
1948 476 2150 514 animabus
2172 484 2258 525 post
2285 477 2385 515 hanc

1331 527 1463 573 vitam,
1477 528 1544 564 ubi
1563 539 1644 565 non
1657 535 1747 565 sunt
1764 539 1923 577 capaces
1939 528 2264 566 transmutationis
2275 540 2385 578 prae-

1333 579 1466 617 dictae.
1497 581 1544 617 Et
1571 580 1658 618 ideo
1685 592 1756 630 per
1782 581 2016 630 baptismum
2043 581 2152 629 pueri
2180 581 2385 620 liberantur

1333 644 1356 668 a
1373 641 1529 680 peccato
1550 632 1720 681 originali
1743 641 1779 669 et
1798 633 1845 669 ab
1866 633 2031 670 inferno:
2061 645 2139 670 non
2159 641 2289 671 autem
2316 646 2385 683 per

1333 684 1562 722 descensum
1590 685 1728 723 Christi
1755 686 1805 723 ad
1831 686 1980 724 inferos.

889 894 1222 928 Commentario
1244 895 1497 929 cardina-Rs
1517 896 1719 930 Caietam

1331 977 1413 1007 mitti
1446 976 1485 1007 ad
1516 976 1658 1016 gloriam.
1683 976 1778 1018 Ergo.
1801 995 1824 998 —
1846 977 1947 1008 Maior
1979 977 2194 1009 manifestatur
2217 979 2249 1009 in
2273 978 2382 1010 libera-

1330 1021 1418 1051 tione
1441 1026 1624 1051 sanctorum
1646 1019 1784 1051 Parrum.
1808 1038 1830 1042 -
1853 1019 1961 1052 Minor
1981 1020 2141 1062 probatur.
2170 1021 2253 1060 Quia
2275 1021 2382 1053 nullus

1331 1064 1504 1095 admittitur
1518 1064 1558 1096 ad
1573 1065 1706 1104 gloriam
1720 1065 1781 1095 nisi
1792 1065 2012 1104 praehabuerit
2026 1066 2166 1105 gratiam,
2183 1066 2226 1096 ad
2235 1066 2326 1097 Rom.
2340 1075 2381 1097 vt.

1331 1107 1394 1140 Sed
1414 1109 1507 1148 pueri
1528 1109 1608 1139 tales
1627 1118 1695 1139 non
1717 1109 1875 1139 habebant
1896 1110 2036 1148 gratiam.
2061 1108 2155 1149 Ergo.

1384 1152 1420 1183 11.
1445 1152 1481 1183 In
1503 1153 1712 1192 responsione
1743 1152 1782 1182 ad
1804 1153 1942 1189 tertium,
1974 1153 2118 1194 perspice
2150 1153 2239 1193 quod
2260 1154 2382 1186 Auctor

1329 1204 1454 1236 semper
1469 1195 1573 1226 firmat
1588 1195 1763 1226 doctrinam
1779 1205 1869 1226 suam
1885 1205 1979 1236 super
1994 1197 2081 1226 suavi
2097 1196 2303 1236 dispositione
2319 1207 2383 1237 qua

1330 1239 1489 1276 Christus,
1513 1240 1650 1270 Aetema
1673 1239 1846 1279 Sapientia,
1871 1240 2041 1280 disponens
2065 1242 2172 1270 omnia
2195 1242 2337 1272 suaviter
2354 1242 2380 1277 ἦ
2409 1246 2465 1293 iera
2507 1251 2519 1266 c

1328 1284 1533 1314 mutabilibus
1557 1283 1596 1313 de
1611 1283 1697 1313 malo
1713 1284 1746 1313 in
1762 1284 1885 1313 bonum
1907 1284 2091 1314 hominibus
2113 1285 2146 1314 in
2165 1285 2224 1314 hac
2239 1286 2311 1320 vita,
2328 1285 2382 1315 ba-

1328 1328 1482 1367 ptismum
1498 1327 1645 1357 omnium
1661 1327 1875 1357 liberatorium
1893 1328 2038 1357 instituit:
2063 1328 2311 1359 immutabilibus
2327 1339 2382 1359 au-

1328 1376 1396 1402 tem
1416 1371 1600 1402 hominibus
1623 1371 1657 1402 in
1679 1371 1739 1401 alia
1760 1371 1842 1407 vita,
1867 1371 2054 1401 descensum
2087 1381 2181 1402 suum
2204 1371 2243 1402 ad
2265 1372 2382 1402 inferos

1328 1425 1396 1446 non
1420 1416 1566 1445 omnium
1589 1415 1824 1451 liberatorium,
1849 1415 1903 1445 sed
1927 1424 2039 1446 eorum
2069 1420 2192 1446 tantum
2215 1417 2271 1456 qui
2293 1417 2380 1456 prius

1329 1460 1393 1491 hoc
1414 1464 1604 1495 meruerant,
1628 1459 1806 1499 applicavit.

989 1610 1308 1655 ART1CULUS
1339 1610 1612 1655 OCTAVUS

353 1701 511 1734 UTRUM
535 1700 748 1734 CHRISTUS
770 1701 854 1735 SUO
878 1701 1104 1735 DESCENSU
1125 1704 1184 1734 AD
1208 1703 1391 1736 INFEROS
1414 1704 1704 1736 LIBERAVERIT
1724 1703 1886 1735 ANIMAS
1909 1705 1938 1735 A
1961 1703 2241 1736 PURGATORIO

990 1781 1022 1807 nx
1042 1781 1124 1812 Sent„
1140 1781 1198 1808 dist.
1217 1789 1277 1813 nu,
1295 1790 1340 1815 qu.
1358 1789 1386 1814 n,
1405 1787 1452 1808 art.
1473 1790 1495 1814 π,
1515 1782 1566 1816 qu·
1583 1790 1608 1814 4.

1327 1879 1434 1908 reatu
1453 1881 1602 1921 poenae
1630 1870 1773 1916 damni,
1795 1882 1873 1920 quo
1898 1871 2195 1909 excludebantur
2213 1884 2235 1909 a
2253 1873 2380 1922 gloria.

1327 1923 1579 1982 Ergo-‘etiam
1614 1921 1784 1960 liberavit
1818 1935 1884 1961 eos
1918 1936 1941 1960 a
1968 1931 2075 1961 reatu
2110 1937 2258 1975 poenae
2291 1938 2382 1976 pur-

1374 1984 1471 2013 torn.

1327 1988 1454 2066 gaSm)
1475 2040 1619 2066 comm.
1637 2040 1702 2066 EsT
1722 2029 1828 2078 quod
1847 2029 2055 2076 Gregorius
2074 2028 2175 2076 dicit,
2194 2031 2275 2067 XIII
2294 2033 2382 2068 Μο-

1327 2082 1395 2118 ral.
1415 2081 1455 2117 *z
1483 2082 1586 2118 Dum
1608 2081 1787 2118 Conditor
1812 2093 1858 2118 ac
1875 2082 2101 2131 Redemptor
2128 2089 2260 2129 noster,
2281 2084 2381 2120 clau·
2409 2096 2419 2106 ·

1325 2139 1401 2170 stra
1426 2133 1570 2182 inferni
1598 2139 1815 2183 penetrans,
1843 2133 2040 2171 electorum
2068 2135 2203 2172 exinde
2237 2136 2382 2173 animas

1327 2186 1469 2232 eduxit,
1500 2198 1566 2223 nos
1594 2185 1656 2222 illo
1691 2187 1745 2222 ire
1780 2198 1853 2222 non
1875 2188 2034 2235 patitur,
2064 2187 2161 2223 unde
2187 2188 2382 2225 iam.alios

1327 2239 1576 2276 descendendo
1604 2239 1779 2276 liberavit.
1818 2238 1961 2275 Patitur
1988 2246 2116 2276 autem
2153 2251 2223 2276 nos
2252 2240 2304 2276 ire
2333 2241 2381 2278 ad

1326 2291 1600 2340 purgatorium.
1639 2292 1756 2339 Ergo,
1785 2291 2020 2328 descendens
2047 2292 2095 2328 ad
2123 2291 2273 2340 inferos,
2302 2293 2380 2330 ani-

1326 2356 1409 2380 mas
1437 2356 1460 2380 a
1486 2343 1703 2393 purgatorio
1731 2355 1811 2380 non
1839 2343 2018 2380 liberavit.

1380 2397 1602 2434 RESPONDEO
1631 2408 1810 2433 DICENDUM
1838 2396 1954 2444 quod,
1975 2396 2070 2433 sicut
2095 2409 2207 2446 saepe
2236 2397 2380 2435 dictum

1328 2457 1382 2486 est
1400 2449 1440 2496 ²¹⁶,
1471 2449 1676 2485 descensus
1714 2448 1851 2485 Christi
1888 2449 1936 2485 ad
1972 2448 2110 2485 inferos
2145 2449 2379 2487 liberatorius

1327 2502 1395 2539 fuit
1414 2502 1453 2538 in
1472 2501 1609 2538 virtute
1637 2500 1822 2550 passionis
1842 2500 1970 2550 ipsius.
2001 2501 2130 2538 Passio
2150 2509 2278 2539 autem
2298 2502 2379 2540 eius

1328 2567 1408 2591 non
1444 2554 1577 2591 habuit
1596 2559 1611 2582 Υ
1638 2555 1889 2602 temporalem
1925 2553 2103 2590 virtutem
2140 2562 2175 2590 et
2208 2555 2379 2592 transito-

1329 2607 1436 2654 riam,
1458 2607 1524 2643 sed
1544 2606 1830 2655 sempiternam:
1858 2607 2071 2643 secundum
2091 2606 2182 2643 illud
2196 2608 2294 2644 Heb.
2310 2607 2376 2644 x*:
2409 2611 2418 2620 '

1333 2662 1416 2698 Una
1444 2661 1627 2696 oblatione
1653 2660 1919 2696 consummavit
1952 2660 2194 2707 sanctificatos
2222 2662 2258 2696 in
2286 2671 2378 2696 sem-

1325 2714 1522 2762 piternum.
1553 2713 1600 2749 Et
1619 2712 1671 2748 sic
1689 2719 1790 2760 patet
1809 2711 1912 2760 quod
1942 2723 2021 2748 non
2040 2711 2172 2748 habuit
2190 2719 2281 2748 tunc
2299 2724 2378 2749 ma-

1328 2766 1467 2811 iorem:
1495 2764 1703 2801 efficaciam
1740 2763 1865 2812 passio
1909 2763 2046 2800 Christi
2087 2776 2205 2812 quam
2242 2764 2380 2801 habeat

1328 2820 1444 2858 nunc.
1473 2816 1522 2855 Et
1543 2815 1714 2862 ideowiui
1737 2816 1803 2864 qui
1821 2816 1974 2852 fuerunt
2000 2817 2090 2852 tales
2118 2817 2248 2864 quales
2276 2818 2379 2853 n'unc

1329 2862 1417 2908 sunt
1432 2865 1535 2922 *qui*
1545 2867 1829 2917 in'purgatorio
1857 2867 2092 2912 detinentur,
2122 2880 2200 2905 non
2227 2868 2380 2906 fuerunt

1329 2935 1355 2959 a
1377 2920 1595 2971 purgatorio
1633 2920 1775 2957 liberati
1807 2932 1876 2968 per
1902 2920 2129 2956 descensum
2165 2920 2303 2957 Christi
2330 2922 2379 2958 ad

1329 2975 1477 3011 inferos.
1509 2973 1548 3010 Si
1568 2972 1634 3022 qui
1654 2980 1782 3009 autem
1801 2972 1943 3008 inventi
1963 2980 2050 3008 sunt
2069 2972 2120 3009 ibi
2139 2974 2229 3009 tales
2248 2974 2378 3022 quales

1329 3027 1442 3064 etiam
1470 3037 1573 3062 nunc
1592 3025 1728 3061 virtute
1756 3024 1941 3073 passionis
1962 3024 2100 3061 Christi
2119 3037 2141 3061 a
2159 3025 2377 3074 purgatorio

1328 3080 1550 3123 liberantur,
1579 3078 1669 3114 tales
1688 3075 1701 3098 δ
1730 3077 1822 3113 nihil
1848 3077 2024 3126 prohibet
2055 3089 2124 3126 per
2150 3077 2377 3115 descensum
2412 3116 2425 3119 ,

1330 3130 1467 3168 Christi
1495 3130 1543 3167 ad
1571 3129 1709 3166 inferos
1736 3142 1758 3166 a
1786 3129 2003 3178 purgatorio
2030 3141 2110 3166 esse
2138 3129 2323 3167 liberatos.

1381 3185 1438 3219 AD
1458 3194 1591 3219 PRIMUM
1615 3194 1712 3219 ERGO
1731 3194 1910 3218 DICENDUM
1933 3182 2038 3230 quod
2059 3194 2104 3218 ex
2132 3181 2191 3218 illa
2219 3183 2376 3220 auctori-

1329 3243 1401 3272 tate
1421 3234 1621 3283 Augustini
1649 3246 1728 3271 non
1755 3241 1878 3282 potest
1905 3234 2081 3270 concludi
2108 3234 2214 3283 quod
2242 3247 2378 3273 omnes

1330 3288 1380 3325 illi
1408 3287 1473 3336 qui
1502 3287 1541 3323 in
1563 3285 1781 3335 purgatorio
1810 3294 1926 3332 erant,
1946 3286 2083 3323 suerint
2110 3299 2132 3323 a
2158 3288 2377 3335 purgatorio

1330 3339 1491 3386 liberati,
1530 3339 1596 3375 sed
1624 3338 1730 3387 quod
1765 3338 1953 3387 aliquibus
1990 3351 2126 3376 eorum
2160 3339 2270 3376 fuerit
2303 3341 2379 3378 hoc

1379 3470 1406 3503 γ)
1425 3470 1524 3495 habuit.
1542 3484 1560 3488 -
1578 3470 1656 3494 habet
1674 3469 1716 3494 Pc.

1379 3505 1404 3539 ὃ)
1424 3506 1497 3530 tales.
1506 3519 1525 3524 -
1536 3505 1598 3530 Om.
1614 3505 1747 3530 editiones.
1756 3518 1775 3523 —
1788 3511 1843 3530 esse
1857 3505 2006 3538 PF3su1'sse
2019 3511 2079 3538 post
2093 3505 2191 3539 inferos
2201 3506 2217 3536 1,
2231 3514 2283 3532 om.
2294 3509 2378 3533 ceteri.
