2872 3970
252 1093 262 1103 ⁸
277 1091 341 1113 Vei-s.
357 1097 391 1118 29.

256 2357 265 2366 ’
276 2355 312 2377 Cf.
326 2361 372 2382 arg.
390 2362 408 2380 ι,
423 2360 442 2382 3.

257 2533 266 2541 ¹
282 2531 317 2553 Cf.
333 2537 397 2553 num.
416 2537 465 2558 seq.

491 287 567 324 332

490 366 793 417 Melchisedech,
831 366 899 403 sed
935 365 1064 402 minus
1105 363 1316 401 sacerdotio
1352 361 1552 399 Melchise-

490 420 588 457 dech
607 425 634 456 Υ.
665 420 713 457 Et
731 419 819 457 ideo
844 418 1052 456 dicendum
1071 425 1127 454 est
1154 416 1261 466 quod
1281 414 1454 452 Christus
1473 425 1554 450 non

490 479 545 509 est
572 472 784 510 decimatus
811 471 850 508 in
877 470 1019 508 lumbis
1046 469 1235 514 Abrahae,
1256 467 1352 504 sicut
1378 466 1484 504 Levi.

542 524 645 571 Quia
668 524 772 562 enim
790 523 850 562 ille
869 523 936 573 qui
954 522 1122 560 decimas
1145 521 1219 567 dat,
1239 531 1383 557 novem
1403 518 1474 556 sibi
1497 530 1553 555 re-

488 577 580 614 tinet
595 585 631 614 et
644 577 840 614 decimum
854 574 868 598 δ
883 575 944 613 alii
963 574 1140 620 attribuit,
1157 573 1264 622 quod
1284 580 1339 609 est
1357 571 1553 621 perfectio-

490 629 548 666 nis
577 629 740 678 signum,
767 629 999 678 inquantum
1025 634 1080 664 est
1105 625 1400 676 quodammodo
1427 623 1553 661 termi-

489 694 563 719 nus
578 682 755 719 omnium
774 693 1039 727 numerorum,
1056 679 1122 728 qui
1136 678 1351 728 procedunt
1364 689 1488 726 usque
1503 676 1552 713 ad

489 735 642 781 decem;
671 734 761 772 inde
785 741 840 771 est
859 733 967 782 quod
989 733 1050 770 ille
1079 731 1147 781 qui
1169 730 1338 768 decimas
1369 730 1442 776 dat,
1464 741 1552 778 pro-

489 795 646 825 testatur
663 799 703 824 se
722 787 989 836 imperfectum
1009 793 1044 822 et
1062 783 1336 834 perfectionem
1364 781 1426 819 alii
1451 781 1551 819 attri-

490 841 619 877 buere.
640 839 876 888 Imperfectio
896 845 1026 876 autem
1045 836 1207 874 humani
1225 835 1373 884 generis
1393 842 1447 872 est
1465 846 1551 884 pro·

489 901 572 941 pter
598 899 816 941 peccatum:
847 891 954 940 quod
973 889 1115 937 indiget
1133 888 1363 938 perfectione
1383 887 1466 924 eius
1485 887 1551 936 qui

490 958 512 982 a
540 952 696 994 peccato
725 952 841 981 curat.
873 944 1017 981 Curare
1042 949 1173 979 autem
1191 954 1214 978 a
1232 948 1389 990 peccato
1418 947 1473 977 est
1491 952 1551 977 so-

490 998 560 1034 lius
590 996 745 1034 Christi:
782 996 863 1045 ipse
892 995 995 1032 enirn
1024 1002 1078 1031 est
1105 995 1239 1044 Agnus
1267 995 1331 1043 qui
1355 993 1445 1030 tollit
1466 1005 1551 1043 pec-

490 1056 611 1087 catum
632 1054 642 1070 ⁸
672 1050 811 1095 mundi,
842 1056 883 1085 ut
911 1048 1047 1085 dicitur
1074 1046 1253 1084 Ioan.1*.
1284 1046 1466 1094 Figuram
1485 1058 1551 1083 au-

489 1110 566 1139 tern
587 1101 668 1139 eius
687 1101 840 1150 gerebat
858 1099 1160 1138 Melchisedech:
1181 1106 1224 1137 ut
1241 1099 1449 1148 Apostolus
1463 1110 1551 1148 pro-

490 1157 563 1201 bat,
583 1156 682 1192 Heb.
707 1167 764 1191 vn.
794 1155 867 1191 Per
894 1155 970 1191 hoc
998 1164 1087 1201 ergo
1114 1152 1221 1202 quod
1240 1152 1438 1189 Abraham
1456 1152 1551 1188 Mel-

490 1207 693 1246 chisedech
721 1206 890 1244 decimas
918 1205 1039 1252 dedit,
1068 1204 1339 1255 praefiguravit
1367 1217 1418 1251 se,
1433 1205 1551 1241 ·velut

490 1261 530 1298 in
557 1267 714 1310 peccato
742 1267 986 1309 conceptum,
1015 1266 1052 1295 et
1079 1270 1216 1296 omnes
1243 1257 1311 1307 qui
1338 1257 1387 1294 ab
1410 1269 1458 1294 eo
1486 1256 1551 1294 de-

490 1313 660 1351 scensuri
688 1321 795 1350 erant
827 1325 873 1350 ea
900 1312 1045 1349 ratione
1073 1319 1116 1349 ut
1140 1318 1344 1360 peccatum
1371 1309 1551 1358 originale

490 1367 769 1413 contraherent,
785 1365 952 1414 indigere
967 1363 1164 1402 curatione
1179 1375 1278 1413 quae
1293 1370 1349 1400 est
1366 1375 1436 1412 per
1446 1362 1552 1400 Chri-

491 1428 603 1456 stum.
641 1420 744 1456 Isaac
772 1425 901 1456 autem
930 1425 966 1454 et
993 1417 1106 1461 Iacob
1139 1424 1175 1454 et
1202 1416 1315 1463 Levi,
1352 1423 1388 1453 et
1415 1427 1552 1453 omnes

491 1472 563 1518 alii,
584 1471 637 1509 sic
655 1471 808 1508 fuerunt
827 1470 866 1508 in
885 1470 1082 1507 Abraham
1101 1477 1144 1507 ut
1163 1481 1208 1506 ex
1223 1481 1270 1506 eo
1289 1468 1553 1506 derivarentur

490 1537 570 1562 non
599 1525 725 1561 solum
760 1523 973 1561 secundum
1011 1523 1265 1572 corpulentam
1292 1522 1550 1569 substantiam,

490 1578 557 1615 sed
595 1577 709 1614 etiam
751 1577 967 1614 secundum
1003 1578 1185 1613 rationem
1217 1575 1456 1621 seminalem,
1483 1586 1554 1624 per

490 1643 610 1680 quarn
637 1629 817 1678 originale
842 1629 853 1654 ζ
882 1628 1128 1667 contrahitur.
1159 1629 1207 1665 Et
1232 1627 1320 1665 ideo
1349 1639 1485 1664 omnes
1513 1627 1552 1664 in

491 1683 688 1720 Abraham
717 1690 804 1719 sunt
834 1682 1029 1729 decimati,
1059 1681 1155 1718 idest
1182 1679 1425 1731 praefigurati
1457 1679 1553 1717 indi-

490 1748 578 1784 gere
598 1735 793 1772 curatione
813 1747 912 1784 quae
942 1742 997 1771 est
1022 1746 1091 1784 per
1115 1733 1323 1771 Christum.
1354 1734 1468 1771 Solus
1487 1745 1553 1770 au-

492 1797 570 1826 tem
600 1787 774 1825 Christus
802 1788 855 1825 sic
882 1787 951 1825 fuit
979 1787 1018 1824 in
1042 1787 1241 1824 Abraham
1267 1793 1310 1823 ut
1337 1786 1385 1823 ab
1414 1798 1461 1823 eo
1490 1785 1554 1823 de-

493 1841 681 1878 rivaretur
715 1853 795 1878 non
837 1841 1053 1877 secundum
1083 1839 1271 1877 rationem
1311 1838 1554 1885 seminalem,

494 1894 561 1931 sed
581 1894 797 1931 secundum
817 1894 1081 1942 corpulentam
1108 1891 1368 1929 substantiam.
1399 1892 1447 1928 Et
1466 1890 1553 1928 ideo

546 2023 572 2056 γ)
592 2023 665 2049 sed...
685 2022 884 2048 Melchisedech.
898 2037 917 2041 —
935 2022 997 2047 Om.
1015 2022 1067 2054 IpG
1086 2026 1111 2046 et
1129 2029 1154 2047 a.

545 2058 570 2093 δ)
590 2058 727 2084 decimum.
746 2073 765 2077 -
785 2058 914 2083 decimam
937 2057 1070 2082 editiones.
1088 2071 1107 2075 -
1125 2057 1176 2082 Pro
1197 2057 1330 2085 attribuit,
1355 2055 1448 2081 tribuit
1470 2055 1509 2080 Fa
1528 2060 1553 2080 et

493 2095 580 2124 tertia;
599 2101 660 2118 mox
678 2094 726 2119 alii
744 2093 861 2118 tribuere
878 2093 898 2117 F
918 2098 943 2117 et
960 2093 1041 2118 tertia.

545 2129 568 2163 ε)
583 2132 731 2161 peccatum.
749 2144 768 2148 -
783 2132 894 2161 peccata
913 2128 1084 2153 BCFGHabc.

1164 2214 1503 2247 Commentario.
1525 2213 1778 2247 Cardinalis
1799 2213 1999 2247 Caietam

553 2314 658 2335 nurus
682 2314 719 2335 ex
742 2305 844 2334 verbis
872 2303 1021 2343 Apostoli
1046 2302 1089 2333 ad
1117 2303 1296 2339 Hebraeos,
1319 2308 1351 2333 et
1372 2303 1553 2343 Augustini,

495 2317 755 2380 Toccasionem
787 2349 881 2378 habet
906 2349 932 2378 *ἱ
975 2348 1016 2378 Et
1051 2346 1206 2387 significat
1238 2357 1305 2379 esse
1343 2346 1555 2378 decimatum:

496 2407 509 2420 α
529 2393 659 2424 solvisse
682 2392 820 2423 decimas
842 2401 900 2432 per
922 2392 1133 2423 ministerium
1155 2391 1301 2422 Abrahae
1320 2404 1348 2421 ».

546 2438 581 2468 In
613 2446 748 2477 corpore
779 2441 825 2467 est
848 2446 912 2467 una
935 2436 1120 2467 conclusio:
1157 2435 1304 2467 Christus
1331 2445 1396 2466 non
1417 2435 1492 2477 fuit
1521 2435 1554 2466 in

493 2482 606 2512 lumbis
621 2481 770 2512 Abrahae
785 2481 968 2511 decimatus.
994 2480 1148 2510 Probatur
1165 2479 1348 2520 dupliciter:
1365 2480 1480 2520 primo,
1498 2489 1554 2510 au-

493 2526 635 2557 ctoritate
658 2525 821 2566 Apostoli;
855 2523 1014 2560 secundo,
1039 2525 1161 2555 ratione
1176 2525 1203 2555 *.
1237 2523 1278 2555 Et
1306 2534 1344 2555 ex
1367 2524 1553 2554 auctoritate

493 2570 623 2610 quidem
646 2570 794 2610 Apostoli
819 2569 960 2609 arguitur
983 2567 1132 2599 ducendo
1156 2564 1195 2599 ad
1218 2568 1424 2609 impossibile,
1441 2568 1496 2598 sic.
1520 2568 1553 2599 Si

494 2615 637 2645 Christus
660 2613 770 2644 fuisset
792 2613 967 2644 decimatus
990 2613 1023 2643 in
1046 2613 1163 2643 lumbis
1181 2613 1337 2648 Abrahae,
1362 2613 1430 2643 eius
1453 2621 1554 2643 sacer-

493 2658 618 2689 dotium
640 2667 708 2688 non
732 2663 814 2688 esset
840 2657 1018 2688 secundum
1043 2656 1189 2687 ordinem
1211 2656 1464 2692 Melchisedech,
1499 2656 1555 2687 sed

493 2703 598 2733 minus
622 2703 702 2742 ipso,
727 2702 807 2732 sicut
828 2701 915 2732 Levi.
938 2719 962 2724 —
983 2701 1138 2732 Probatur
1154 2701 1293 2741 sequela.
1318 2701 1404 2739 Quia
1418 2710 1475 2741 per
1490 2701 1554 2731 hoc

494 2746 599 2786 quod,
623 2746 701 2776 Levi
726 2746 877 2776 existente
900 2746 934 2776 in
957 2745 1074 2776 lumbis
1097 2746 1259 2781 Abrahae,
1282 2745 1444 2776 Abraham
1468 2744 1554 2775 dedit

495 2790 631 2821 decimas
655 2789 899 2826 Melchisedech,
923 2789 1075 2829 probatur
1098 2789 1136 2819 ab
1158 2789 1317 2830 Apostolo
1341 2787 1553 2820 sacerdotium

494 2835 571 2864 Levi
595 2843 662 2864 esse
685 2835 791 2864 minus
814 2833 991 2864 sacerdotio
1016 2833 1261 2864 Melchisedech.

550 2878 586 2908 11.
611 2879 657 2909 Ex
685 2879 806 2908 ratione
833 2883 939 2908 autem
965 2878 1097 2919 mystica
1116 2878 1277 2918 probatur.
1303 2877 1390 2908 Dans
1416 2877 1554 2908 decimas

494 2927 684 2962 protestatur
706 2932 738 2952 se
761 2921 985 2962 imperfectum
1018 2927 1049 2952 et
1076 2921 1307 2962 perfectionem
1330 2922 1382 2952 alii
1405 2922 1552 2952 tribuere.

494 2967 578 3007 Ergo
602 2966 771 3002 Abraham,
789 2965 895 2996 dando
919 2966 1067 3002 decimas,
1091 2972 1283 3007 protestatus
1302 2972 1348 2997 est
1371 2976 1414 3002 se,
1432 2971 1463 2996 et
1477 2975 1553 2996 suos

495 3015 710 3041 contracturos
733 3011 883 3050 originale
899 3016 1076 3050 peccatum.
1095 3011 1257 3041 curatione
1272 3009 1414 3051 indigere
1429 3020 1447 3041 a
1463 3009 1554 3041 Chri-

494 3059 552 3085 sto.
577 3054 661 3095 Ergo
685 3063 796 3085 omnes
812 3056 867 3095 qui
884 3053 1011 3085 fuerunt
1026 3055 1058 3085 in
1074 3054 1190 3085 lumbis
1206 3054 1350 3085 Abrahae
1366 3064 1433 3085 non
1449 3054 1554 3085 solum

1100 3293 2054 3375 maffia——

1146 282 1408 331 QUAESTIO
1438 282 1580 329 XXXI,
1610 281 1902 319 ARTICULUS
1929 281 2010 318 VIII

1608 373 1688 398 non
1715 361 1784 398 fuit
1814 361 1854 398 in
1881 361 2079 398 Abraham
2116 360 2212 398 sicut
2245 360 2442 398 curatione
2473 360 2664 409 indigens}
2762 394 2778 407 „

1608 414 1676 451 sed
1695 413 1815 462 magis
1842 413 1939 451 sicut
1960 414 2123 452 vulneris
2150 414 2334 451 medicina
2351 413 2382 451 *.
2412 414 2462 451 Et
2479 412 2566 451 ideo
2586 423 2667 451 non
2692 421 2775 456 *cr-ji

1607 465 1677 503 fuit
1703 465 1744 503 in
1771 465 1913 503 lumbis
1940 466 2119 503 Abrahae
2147 465 2370 503 decimatus.
2692 454 2742 478 η’
2768 462 2773 486 3

1660 519 1708 556 Et
1735 530 1805 568 per
1831 519 1907 556 hoc
1933 525 2036 568 patet
2061 518 2260 568 responsio
2287 518 2337 556 ad
2363 517 2547 568 primum.
2642 545 2645 547 Α

1659 572 1717 608 An
1744 583 1932 609 SECUNDUM
1951 582 2132 609 Diei-:nuum
2160 571 2278 620 quod,
2307 570 2399 620 quia
2416 571 2534 608 Beata
2550 569 2667 620 Virgo
2774 610 2778 611 ⁷

1606 623 1674 660 fuit
1693 623 1732 660 in
1751 623 1921 672 originali
1941 631 2125 672 concepta
2142 623 2173 671 *,
2202 623 2270 661 suit
2289 623 2328 660 in
2346 623 2544 661 Abraham
2571 622 2668 662 sicut
2693 623 2773 672 ⁸an

1606 676 1802 714 curatione
1817 676 2002 724 indigens.
2022 677 2071 713 Et
2089 675 2177 714 ideo
2195 675 2266 714 fuit
2283 675 2335 713 ibi
2349 675 2548 722 decimata,
2562 677 2668 714 velut

1606 728 1695 766 inde
1724 729 1960 766 descendens
1983 729 2200 766 secundum
2222 728 2447 766 seminalem
2465 727 2665 767 rationem.
2740 733 2766 778 ,j-

1605 782 1664 818 De
1699 793 1860 831 corpore
1893 788 2023 818 autem
2058 780 2198 818 Christi
2234 793 2315 818 non
2349 789 2404 818 est
2431 780 2503 828 sic,
2537 788 2588 818 ut.
2611 780 2667 819 di,
2703 794 2705 796 ·
2730 784 2758 817 ,ἔ

1605 841 1712 871 ctum
1740 842 1795 871 est
1812 834 1843 871 *.
2533 836 2536 840 ’
2694 830 2770 874 ,sii-'⁷

1658 887 1715 924 Ao
1742 898 1901 924 Tannum
1922 898 2103 924 DICENDUM
2122 886 2229 936 quod
2257 898 2346 924 caro
2366 885 2505 924 Christi
2531 885 2668 925 didm

1604 939 1718 977 fuisse
1747 939 1787 976 in
1814 939 1978 989 antiquis
2005 938 2177 988 patribus
2203 947 2360 989 peccato
2389 938 2592 985 obnoxia,
2606 951 2667 977 se·
2689 934 2751 977 ἐξ

1605 993 1779 1030 cundum
1813 991 2035 1041 qualitatem
2062 1004 2183 1041 quam
2210 992 2344 1030 habuit
2378 991 2419 1029 in
2446 990 2536 1041 ipsis
2555 997 2574 1020 η
2599 1003 2667 1042 pq

2834 784 2841 847 ἐ

1606 1045 1796 1092 rentibus,
1830 1045 1898 1094 qui
1924 1045 2078 1082 fuerunt
2105 1044 2294 1082 decimati.
2332 1046 2425 1083 Non
2453 1052 2583 1085 autem
2609 1056 2669 1094 ae.-x

1605 1098 1780 1135 cundum
1808 1096 2030 1147 qualitatem
2058 1109 2178 1147 quam
2213 1098 2330 1135 habet
2355 1105 2471 1148 prout
2498 1105 2554 1135 est
2579 1103 2669 1146 actu

1606 1150 1645 1188 in
1675 1150 1837 1198 Christo,
1858 1150 1925 1200 qui
1953 1162 2033 1188 non
2061 1157 2116 1188 est
2143 1149 2365 1188 decimatus.
2664 1180 2666 1182 .

1658 1205 1716 1241 An
1751 1214 1924 1247 QUARTUM
1957 1214 2139 1241 monimum
2167 1203 2274 1253 quo'd
2311 1199 2568 1250 sacerdotium
2582 1197 2669 1261 §EF

1605 1256 1763 1294 viticum
1797 1256 2014 1294 secundum
2041 1255 2165 1293 carnis
2192 1255 2379 1304 originem
2411 1251 2669 1317 derivabamzj.
2730 1285 2766 1302 .:

1605 1310 1716 1348 Unde
1745 1321 1826 1346 non
1844 1309 1973 1347 minus
1991 1309 2061 1347 fuit
2078 1308 2118 1346 in
2136 1309 2334 1347 Abraham
2362 1320 2483 1358 quam
2499 1308 2668 1353 inlaevi.
2839 1309 2844 1340 i

1606 1362 1717 1401 Unde
1736 1374 1806 1412 per
1825 1362 1900 1400 hoc
1923 1362 2031 1412 quod
2048 1361 2244 1400 Abraham
2265 1361 2434 1400 decimas
2452 1360 2669 1404 deffitm
2730 1356 2746 1365 “’
2836 1343 2845 1432 ἲ

1605 1415 1782 1453 chisedec
1808 1422 1995 1465 tanquam
2013 1414 2161 1462 maiori,
2181 1414 2392 1452 ostenditur
2413 1413 2670 1460 sacerdotiis&
2834 1415 2845 1463 ἐς

1605 1468 1872 1515 Melchisedec,
1889 1467 2119 1518 inquantum
2133 1467 2226 1517 gerit
2239 1467 2405 1517 figuram
2421 1456 2669 1523 Chdsssegses
2716 1465 2773 1519 fg
2842 1471 2844 1495 ἓ

1605 1521 1731 1558 maius
1766 1520 1978 1558 sacerdotio
2011 1520 2195 1559 Levitico.
2239 1519 2506 1566 Sacerdotium
2525 1518 2670 1569 auten}

1607 1574 1747 1612 Christi
1766 1585 1848 1611 non
1866 1573 2038 1624 sequitur
2056 1573 2179 1612 carnis
2198 1573 2397 1623 originem,
2425 1573 2493 1612 sed
2505 1563 2670 1622 grimm

1607 1626 1854 1677 spiritualem.
1885 1627 1934 1664 Et
1961 1626 2049 1664 ideo
2077 1633 2202 1676 potest
2229 1639 2311 1664 esse
2339 1626 2447 1676 quod
2472 1624 2671 1677 pawr‘fiet
2692 1663 2695 1667 ,
2720 1656 2756 1675 1.

1608 1679 1662 1717 dit
1687 1677 1700 1702 ⁰
1744 1679 1914 1717 decimas
1950 1678 2062 1717 alicui
2098 1679 2286 1717 sacerdoti
2320 1673 2672 1730 tanquam·³tfflflfii‘·

1608 1732 1762 1779 maiori,
1792 1740 1828 1770 et
1855 1740 1986 1771 tamen
2014 1731 2117 1771 filius
2145 1732 2238 1781 eius,
2267 1731 2299 1770 si
2326 1733 2374 1770 sit
2399 1724 2672 1793 poani’gffl

1608 1785 1732 1824 maior
1758 1785 1822 1823 illo
1857 1785 2071 1833 sacerdote,
2105 1797 2186 1828 non
2212 1793 2371 1836 propter
2404 1787 2535 1833 cartus,
2553 1782 2670 1834 m

1609 1850 1711 1885 nem,
1736 1839 1804 1876 sed
1822 1846 1979 1888 propter
2005 1838 2165 1886 gratiam
2191 1838 2439 1888 spiritualem,
2457 1834 2580 1889 (μκή
2602 1837 2671 1879 hm
2731 1841 2769 1887 15⁴:-

1609 1892 1673 1928 bet
1700 1904 1723 1928 a
1751 1891 1914 1928 Christo.
2547 1900 2669 1961 ’,ἃ
2757 1887 2763 1904 ”

2460 1996 2481 2005 μ
2500 1998 2507 2005 1
2543 1969 2665 2009 mxx-&nu

1659 2019 1685 2054 ζ)
1704 2020 1845 2054 originale.
1863 2035 1883 2040 —
1896 2025 2035 2054 peccatum
2057 2021 2191 2055 originale
2209 2022 2249 2047 ed.
2268 2029 2293 2051 a,
2313 2021 2444 2056 ore'ginale
2458 2025 2614 2055 peceatum
2650 2023 2670 2048 ἰ·

1606 2057 1699 2082 tiones.
1719 2056 1757 2082 Cf.
1776 2056 1807 2081 ad
1828 2063 1851 2082 2.

1660 2090 1688 2123 η)
1708 2092 1759 2123 ipsi
1774 2110 1780 2117 .
1797 2105 1816 2110 -
1834 2092 1889 2116 suis
1907 2091 1950 2117 Pe.

1659 2125 1685 2160 Θ)
1705 2127 1738 2152 de
1758 2127 1787 2152 it.
1804 2141 1825 2146 -
1841 2127 1887 2152 det
1905 2127 1986 2152 tertia.

1607 2302 1786 2333 secundum
1809 2303 2032 2344 corpulentam
2055 2303 2262 2334 substantiam
2288 2303 2463 2335 sedetiam
2491 2300 2676 2337 sem

1607 2348 1764 2378 rationem
1787 2348 1983 2383 seminalem,
2007 2347 2138 2378 fuerunt
2160 2346 2318 2379 decimati.
2341 2348 2428 2390 Ergo
2443 2342 2680 2391 cannia&

1607 2390 1667 2421 fuit
1690 2391 1875 2422 decimatus.
2466 2393 2531 2434 ‘t-ng'
2548 2402 2578 2418 ‚··«.
2607 2394 2610 2397 '
2659 2420 2662 2427 ,

1662 2435 1864 2467 Antecedens
1886 2436 2050 2476 probatur.
2085 2437 2171 2476 Quia
2197 2435 2456 2470 danssdecirmes
2471 2429 2531 2481 τ;.ι’ῗ

1605 2480 1719 2510 retinet
1741 2485 1773 2510 et
1795 2479 1969 2517 decimam,
1992 2479 2197 2522 perfectionis
2214 2481 2353 2524 signum,
2374 2481 2432 2518 3Ιῆ
2458 2480 2513 2524 οῃζ

1606 2524 1697 2554 batur
1720 2525 1847 2565 signum
1869 2523 2090 2565 perfectionis:
2115 2525 2191 2567 quia
2205 2524 2349 2557 decimus
2364 2530 2411 2557 est
2426 2534 2486 2567 qu·

1605 2569 1759 2598 terminus
1786 2578 2013 2606 numerorum;
2035 2579 2112 2600 nam
2134 2568 2334 2605 numerando
2357 2570 2525 2613 usque'
2564 2585 2579 2596 ιι

1606 2612 1820 2652 procedimus,
1845 2619 1878 2644 et
1894 2612 1969 2644 inde
1984 2611 2176 2654 replicamus
2188 2621 2299 2645 ’unum
2314 2605 2569 2654 suprtrtiecttiffi}¹
2593 2642 2656 2659 ε
2675 2610 2684 2656 j

1606 2657 1681 2692 cim,
1709 2662 1786 2693 etc.,
1816 2657 2054 2698 prosequendo.
2077 2676 2103 2682 -—
2128 2658 2234 2690 Prima
2263 2658 2541 2699 consequentum
2640 2659 2680 2698 'fg

1606 2700 1714 2741 quoad
1736 2702 1873 2742 primam
1894 2706 2034 2742 partem:
2066 2703 2142 2744 quia
2163 2701 2363 2743 imperfectio
2388 2702 2542 2736 huma-if:
2577 2698 2599 2743 ,¹

1606 2750 1653 2775 est
1674 2751 1805 2786 propter
1821 2751 1992 2786 peecatum
2006 2745 2152 2787 indigens
2168 2747 2342 2779 curatione.
2366 2746 2410 2781 Et
2420 2745 2517 2787 Salus·

1607 2795 1733 2820 curator
1757 2795 1803 2820 est
1825 2791 1962 2830 peccati,
1987 2790 2074 2822 iuxta
2096 2790 2192 2828 illud,
2215 2789 2300 2823 Ecce
2321 2790 2378 2832 qui
2399 2787 2487 2823 tollit
2505 2796 2520 2800 ·’
2569 2789 2586 2797 ”

1606 2833 1727 2864 mundi.
1752 2834 1793 2864 Et
1815 2835 1922 2874 ipsum
1938 2834 2170 2876 praefigurabat
2188 2833 2439 2866 Melchisedech:
2462 2829 2528 2878 iit-³

1606 2877 1776 2918 Apostolo.
1810 2878 1852 2908 Et
1881 2879 1960 2910 haec
1991 2879 2100 2919 quoad
2125 2878 2300 2911 secundam
2321 2880 2515 2920 partem.'·’—³
2564 2885 2566 2887 '

1607 2930 1683 2952 vero
1700 2923 1930 2962 consequentia
1944 2923 2106 2963 probatur.
2129 2923 2216 2962 Quia
2237 2933 2295 2964 per
2309 2914 2687 2959 ταήοαοιαιδω

1608 2966 1760 3006 originale
1775 2973 1944 3007 peccatum
1960 2968 2165 3000 contrahitur.
2183 2985 2208 2991 -—
2222 2967 2333 2999 Tertia
2345 2973 2455 3000 autem
2468 2970 2677 3012 enum}

1608 3010 1650 3040 tia
1673 3010 1834 3050 probatur.
1861 3010 1947 3049 Quia
1969 3011 2056 3042 solus
2081 3011 2224 3043 Christus
2246 3021 2315 3044 non
2337 3010 2398 3045 fuit
2419 3004 2680 3065 &emman-13&

1608 3054 1730 3085 tionem
1753 3055 1938 3087 seminalem
1961 3055 1994 3087 in
2016 3056 2167 3096 patribus.
2543 3094 2545 3096 ,
2596 3072 2602 3093 ς,

2575 3131 2622 3163 ἀὶ
