2872 3970
67 1534 69 1536 .
77 1522 87 1530 .
99 1516 108 1527 t
115 1518 182 1537 ιιιιιιι.
195 1519 235 1536 vn.

20 2416 26 2425 ι

22 2437 27 2447 ³
77 2441 87 2452 -ι
115 2433 180 2459 bum.
192 2443 214 2459 v.

177 3372 183 3378 .
196 3362 226 3379 vt.

52 3618 73 3631 *n

55 3636 72 3650 ,τε

0 3688 8 3715 a:
0 3670 2 3676 ἡ
0 3654 6 3662 π
0 3558 7 3650 -ν-ωσφντ

74 569 252 633 &Atii-nalal:

142 631 251 654 Micam.

87 680 98 691 ᾗ
145 664 168 681 ιι.
172 657 252 684 ιδιΕά.

969 286 1231 332 QUAESTIO
1261 288 1363 335 XVI,

281 364 443 401 tandum
471 363 659 401 haeresim
687 363 787 411 Arii,
820 363 897 412 qui,
919 363 1014 399 sicut
1041 375 1227 412 personae
1256 364 1338 401 Filii

281 416 352 453 Dei
387 416 554 454 attribuit
581 417 688 465 quod
716 423 813 452 esset
840 423 1012 452 creatura
1040 424 1076 452 et
1103 417 1211 465 quod
1243 424 1339 453 esset

280 468 409 507 minor
436 470 557 516 Patre,
586 469 637 506 ita
663 468 830 506 attribuit
857 467 891 505 ei
919 468 1026 517 quod
1054 481 1135 506 esse
1164 469 1337 519 incoepe-

281 528 347 568 rat,
376 521 507 559 dicens
531 521 642 570 quod
669 527 748 558 erat
776 521 923 569 quando
952 533 1025 557 non
1055 527 1134 558 erat
1151 521 1182 558 ²¹².

333 575 390 611 Αι)
418 586 553 611 prunum
581 586 678 611 ERGO
706 585 887 611 mesanum
915 573 1022 622 quod
1050 574 1251 611 auctoritas
1277 574 1338 611 illa

281 635 336 664 est
363 626 603 674 intelligenda
630 638 722 663 cum
750 625 1083 663 determinatione:
1114 634 1155 663 ut
1183 626 1213 663 si
1238 632 1255 648 ‘²
1283 626 1336 674 diff

279 691 414 718 camus
441 679 548 730 quod
577 679 698 716 homo
727 678 900 716 Christus
927 679 1031 715 Iesus
1059 691 1139 715 non
1175 678 1243 715 fuit
1271 691 1336 716 an-

278 740 436 783 tequam
472 731 644 770 mundus
681 738 796 778 esset,
823 731 1023 768 secundum
1061 733 1334 769 humanitatem.

331 785 389 821 AD
416 796 605 822 SECUNDUM
632 795 812 821 mcnnnum
845 784 952 832 quod
986 796 1077 822 cum
1114 785 1188 821 hoc
1216 784 1335 822 verbo

279 838 436 886 incoepit
461 848 542 874 non
580 836 751 884 sequitur
787 844 1057 895 argumentum
1085 837 1133 873 ab
1170 836 1336 873 inferiori

279 890 328 926 ad
356 888 550 938 superius:
580 900 661 925 non
680 888 784 925 enim
812 888 984 938 sequitur
1002 888 1034 925 βε
1063 890 1152 926 Hoc
1180 891 1336 938 incoepit

278 953 355 979 esse
372 942 510 988 album,
530 943 637 991 Ergo
666 942 822 991 incoepit
850 953 925 978 esse
943 942 1159 978 coloratum.
1190 943 1237 978 Et
1261 943 1335 979 hoc

278 993 366 1031 ideo
394 994 485 1045 quia
519 995 682 1044 incipere
717 993 897 1053 importat
933 1006 1037 1031 nunc
1074 1007 1155 1032 esse
1184 1002 1220 1031 et
1257 1006 1336 1031 non

277 1047 404 1096 prius:
434 1058 514 1084 non
542 1054 672 1084 autern
700 1046 888 1096 sequitur:
918 1048 1007 1084 Hoc
1035 1059 1108 1084 non
1138 1053 1217 1084 erat
1229 1051 1337 1096 prius

329 1171 358 1205 α)
375 1171 407 1197 ³1⁸.
425 1185 444 1189 -
461 1169 560 1196 scilicet
577 1169 597 1195 F
617 1175 643 1194 et
660 1170 740 1195 tertia.

330 1205 356 1240 β)
374 1206 501 1239 sequitur.
518 1219 539 1224 —-
557 1204 622 1236 PF1;
641 1204 762 1237 sequitur
780 1205 860 1237 quod.

1393 287 1683 325 ARTICULUS
1711 289 1762 325 IX

1393 365 1529 411 album,
1559 367 1666 415 Ergo
1695 378 1767 402 non
1798 372 1876 402 erat
1889 367 1996 415 prius
2023 367 2238 404 coloratum.
2269 368 2361 404 Esse
2382 379 2448 403 au-

1393 425 1470 454 tem
1499 417 1716 467 simpliciter
1750 426 1805 454 est
1832 418 2006 467 superius
2039 419 2088 455 ad
2116 431 2197 456 esse
2235 419 2446 457 hominem.

1392 470 1503 507 Unde
1531 482 1611 507 non
1639 470 1828 520 sequitur:
1863 472 2024 508 Christus
2052 473 2207 522 incoepit
2226 485 2300 509 esse
2323 473 2446 519 homo,

1391 524 1497 572 Ergo
1526 524 1682 572 incoepit
1710 535 1796 560 esse.

1445 576 1502 611 AD
1530 587 1687 613 TERTmM
1714 588 1895 613 DICENDUM
1923 577 2029 625 quod
2058 577 2131 613 hoc
2159 589 2303 614 nomen
2323 578 2445 622 homo,

1392 628 1607 664 secundum
1635 628 1741 677 quod
1769 627 1951 677 accipitur
1986 641 2057 678 pro
2091 629 2260 675 Christo,
2290 629 2373 665 licet
2400 629 2447 665 si-

1391 679 1542 727 gnificet
1570 681 1783 717 humanam
1811 689 1998 727 naturam,
2028 694 2127 730 quae
2156 681 2320 730 incoepit
2352 693 2445 728 esse,

1391 740 1520 769 tamen
1547 733 1728 782 supponit
1747 733 1990 783 suppositum
2009 742 2219 781 aeternum,
2240 734 2345 783 quod
2365 746 2446 771 esse

1390 797 1470 821 non
1498 785 1673 834 incoepit.
1703 786 1751 822 Et
1773 785 1873 833 ideo,
1894 786 1996 835 quia,
2017 787 2231 824 secundum
2251 787 2357 836 quod
2377 798 2446 835 po-

1391 837 1492 874 nitur
1519 837 1558 874 in
1586 838 1767 882 subiecto,
1797 847 1946 875 tenetur
1972 851 2042 888 pro
2072 839 2282 888 supposito,
2312 851 2445 875 secun-

1391 889 1486 926 dum
1514 898 1644 927 autem
1663 891 1769 939 quod
1797 891 1952 940 ponitur
1979 892 2018 928 in
2039 890 2268 941 praedicato,
2290 892 2447 928 refertur

1391 943 1439 978 ad
1476 950 1652 980 naturam
1671 943 1707 980 *z
1745 951 1780 980 et
1808 944 1895 981 ideo
1915 950 1929 972 Υ
1958 945 2052 981 haec
2088 953 2142 981 est
2178 945 2285 992 falsa,
2315 946 2445 981 Homo

1394 996 1556 1032 Christus
1573 997 1730 1045 incoepit
1757 1009 1851 1041 esse‚·
1879 997 1945 1033 sed
1965 998 2059 1034 haec
2085 1005 2139 1034 est
2158 1010 2259 1045 vera,
2284 999 2446 1035 Christus

1389 1049 1546 1097 incoepit
1574 1061 1650 1084 esse
1677 1050 1798 1085 homo.

2374 288 2447 326 213

1442 1168 1469 1203 γ)
1488 1173 1514 1194 et
1532 1170 1600 1195 ideo.
1618 1184 1637 1188 -
1655 1170 1713 1194 ideo
1732 1171 1752 1195 E
1772 1176 1796 1195 et
1815 1171 1894 1196 tertia.

945 1294 1280 1342 Commentaria
1302 1293 1554 1326 Cardinalis
1575 1295 1776 1328 Caietani

336 1393 443 1415 nunus
478 1389 516 1414 ut
545 1383 626 1414 iacet
653 1382 827 1413 sumendus
865 1387 911 1413 est
940 1381 979 1412 de
1009 1382 1068 1412 hac
1095 1382 1330 1421 propositione:

278 1395 402 1459 Tlste
423 1428 518 1458 homo
543 1427 682 1477 incoepit
703 1436 778 1458 esse.

1386 1390 1443 1411 seu
1469 1381 1623 1418 Christus,
1649 1389 1708 1413 stat
1730 1393 1789 1424 pro
1806 1384 1911 1414 Verbo
1936 1389 1971 1414 ut
1994 1390 2039 1414 est
2062 1386 2264 1425 suppositum
2287 1386 2445 1418 humanae

1386 1431 1525 1456 naturae.
1550 1444 1571 1448 -
1595 1427 1760 1468 Fovetque
1784 1437 1826 1463 se,
1851 1433 1920 1458 tum
1940 1429 2015 1469 quia
2038 1428 2126 1478 quod
2140 1435 2316 1468 generatur,
2334 1431 2445 1470 incipit

331 1473 367 1503 In
382 1481 516 1512 corpore
531 1471 627 1501 unica
642 1477 688 1501 est
704 1469 868 1501 conclusio
885 1471 1068 1510 responsiva
1084 1470 1244 1510 quaesito:
1269 1469 1333 1499 Iste
1387 1478 1464 1504 esse,
1481 1470 1510 1499 V
1525 1470 1652 1511 Physic.
1669 1472 1686 1487 ’θ
1700 1471 1824 1502 -Tum
1841 1472 1916 1511 quia
1931 1472 2073 1503 Verbum
2088 1473 2230 1513 incoepit
2245 1483 2311 1504 esse
2327 1474 2442 1504 homo:

275 1517 370 1547 homo
388 1525 452 1547 non
470 1515 608 1556 incoepit
622 1524 698 1546 esse.
713 1515 870 1545 Probatur
885 1514 1089 1555 dupliciter.
1063 1515 1080 1531 ⁴*
1114 1514 1230 1543 Primo.
1248 1513 1332 1550 Quia

275 1561 453 1602 propositio
477 1565 524 1590 est
547 1559 731 1599 simpliciter
753 1558 846 1588 falsa:
876 1559 951 1598 quia
969 1557 1163 1588 demonstrat
1186 1557 1332 1596 supposi-

275 1610 346 1635 tum
369 1609 543 1635 aeternum.

330 1648 399 1678 Nec
423 1648 527 1678 obstat
549 1645 639 1687 quod
656 1647 689 1688 ly
703 1647 798 1677 homo
823 1645 978 1686 significat
992 1651 1147 1676 naturam.
1172 1645 1256 1683 Quia
1271 1650 1332 1675 ter-

275 1693 382 1724 minus
405 1693 438 1722 in
461 1691 604 1722 subiecto
620 1691 742 1731 positus
764 1695 898 1726 tenetur,
914 1699 982 1721 non
1004 1689 1177 1720 formaliter
1199 1698 1257 1729 pro
1277 1699 1333 1719 na-

275 1742 355 1772 tura,
379 1735 435 1767 sed
458 1735 658 1766 materialiter
679 1744 738 1775 pro
762 1734 915 1764 subiecto.

331 1779 368 1810 11.
393 1779 487 1811 Circa
509 1779 596 1809 hunc
618 1787 804 1819 processum
828 1778 965 1808 occurrit
986 1778 1091 1817 primo
1115 1776 1284 1807 Durandus
1305 1778 1331 1812 ”‚

274 1825 308 1856 in
331 1833 374 1854 xn
390 1823 459 1855 dist.
485 1823 526 1853 111
541 1822 638 1858 Sent„
664 1832 718 1862 qu.
734 1832 755 1858 1,
772 1820 1005 1862 reprehendens
1029 1820 1274 1852 concludentem
1294 1830 1331 1850 ex

275 1878 314 1900 eo
339 1867 427 1908 quod
450 1867 630 1898 subiectum
652 1871 712 1896 stat
733 1865 934 1896 materialiter
956 1874 1014 1904 pro
1038 1865 1215 1904 supposito,
1239 1865 1332 1894 istam

232 1908 235 1910 ’
275 1922 343 1943 esse
365 1911 486 1947 falsam,
511 1911 575 1941 Iste
597 1910 703 1945 homo,
727 1909 807 1940 idest
831 1909 988 1944 Christus,
1014 1909 1152 1949 incoepit
1174 1917 1249 1938 esse.
1284 1908 1332 1938 Ex

274 1957 337 1988 hoc
360 1956 461 1991 enim,
484 1955 605 1995 inquit,
638 1953 726 1994 quod
754 1953 933 1984 subiectum
962 1958 1087 1983 tenetur
1116 1952 1331 1988 materialiter,

274 2001 349 2032 licet
369 1999 523 2030 habeatur
546 1997 635 2040 quod
658 1997 778 2038 aliquid
800 2002 905 2037 potest
928 1997 986 2027 sibi
1003 2006 1077 2027 vere
1093 1996 1220 2026 attribui
1244 1995 1332 2036 quod

274 2053 342 2075 non
365 2043 543 2074 attribuitur
565 2042 611 2073 illi
632 2042 754 2072 ratione
771 2040 904 2076 formae,
928 2042 1009 2071 sicut
1025 2049 1100 2071 cum
1116 2040 1260 2076 dicimus,
1277 2041 1332 2070 Al-

274 2089 348 2119 bum
371 2087 491 2124 currit;
517 2095 585 2117 non
607 2091 715 2116 tamen
737 2086 871 2116 habetur
897 2086 976 2126 quin
1003 2085 1099 2115 etiam
1122 2084 1247 2114 attribui
1274 2085 1332 2114 sibi

274 2141 348 2163 vere
370 2132 471 2172 possit
500 2129 589 2172 quod
616 2130 765 2160 convenit
790 2129 836 2159 illi
865 2130 986 2159 ratione
1014 2128 1150 2164 formae3
1182 2133 1218 2158 ut
1247 2133 1333 2167 patet

275 2175 422 2211 dicendo,
446 2174 521 2206 Hoc
544 2174 650 2204 album
674 2173 851 2215 disgregat.
875 2173 923 2203 Ac
941 2182 998 2213 per
1013 2173 1086 2208 hoc,
1103 2181 1178 2202 curn
1193 2172 1333 2212 incipere

275 2229 343 2251 esse
367 2219 536 2250 conveniat
559 2217 686 2248 Christo
709 2218 831 2247 ratione
846 2217 1004 2247 humanae
1020 2221 1160 2251 naturae,
1185 2216 1266 2246 sicut
1280 2216 1333 2246 illa

275 2270 322 2295 est
343 2273 427 2299 vera,
451 2262 518 2293 Hic
539 2262 645 2297 homo,
669 2260 886 2292 demonstrato
902 2260 1039 2295 Christo,
1059 2265 1106 2290 est
1128 2259 1266 2295 risibilis,
1290 2261 1334 2290 ita

274 2309 343 2344 ista,
362 2307 428 2338 Hic
443 2307 538 2337 homo
555 2305 693 2346 incoepit
707 2312 794 2336 esse:
815 2305 841 2335 si
855 2304 934 2334 nihil
950 2303 1035 2334 aliud
1051 2305 1155 2334 obstat
1169 2304 1230 2334 nisi
1246 2303 1334 2344 quod

275 2353 455 2383 subiectum
477 2355 602 2381 tenetur
623 2349 832 2380 materialiter.
857 2348 1035 2388 Utrobique
1059 2349 1144 2378 enim
1167 2349 1333 2388 supposito

275 2395 456 2427 attribuitur
478 2393 568 2435 quod
590 2394 712 2424 ratione
736 2392 856 2423 formae
881 2393 1039 2423 convenit.

331 2439 478 2471 Occurrit
501 2437 616 2469 deinde
639 2437 753 2468 Scotus
768 2437 795 2472 ’ζ
819 2437 853 2467 in
877 2436 917 2466 111
938 2436 1035 2471 Sent„
1059 2436 1129 2466 dist.
1146 2446 1187 2471 xr,
1212 2445 1266 2476 qu.
1283 2446 1333 2472 ιιι,

276 2484 430 2515 obiiciens
458 2481 547 2523 quod
575 2487 657 2512 stare
686 2490 745 2522 pro
769 2481 936 2521 supposito
968 2481 1123 2519 contingit
1149 2479 1332 2520 dupliciter:

276 2527 413 2563 scilicet,
435 2525 614 2558 secundum
639 2535 690 2561 se;
721 2525 771 2555 vel
798 2530 834 2554 ut
859 2525 954 2554 habet
984 2523 1103 2564 aliquid
1126 2523 1228 2558 aliud,
1253 2525 1335 2554 sicut

276 2572 426 2602 Socrates
448 2570 539 2601 albus
562 2575 621 2600 stat
643 2579 702 2609 pro
726 2569 892 2609 supposito
907 2569 1031 2608 generis
1047 2569 1247 2603 substantiae,
1267 2578 1334 2598 non

277 2614 455 2646 secundum
482 2623 532 2650 se,
563 2613 618 2644 sed
646 2618 682 2643 ut
707 2613 802 2643 habet
828 2612 1016 2643 albedinem.
1052 2612 1092 2642 Et
1120 2612 1262 2642 similiter
1283 2613 1335 2642 hic

276 2660 383 2694 homo,
413 2658 494 2688 idest
517 2657 671 2693 Christus,
694 2662 754 2687 stat
779 2666 837 2696 pro
861 2657 1027 2696 supposito
1051 2655 1173 2692 divino,
1197 2666 1264 2686 non
1288 2666 1335 2686 se-

277 2702 420 2734 cundum
443 2712 486 2737 se,
511 2700 567 2732 sed
588 2706 625 2731 ut
647 2706 694 2731 est
715 2701 918 2740 suppositum
933 2701 1091 2730 humanae
1107 2706 1246 2730 naturae.
1271 2700 1334 2730 De-

277 2747 343 2778 ficit
366 2756 441 2786 ergo
465 2754 631 2786 processus
653 2745 783 2780 litterae,
807 2754 874 2774 non
890 2743 1112 2784 distinguendo
1133 2743 1248 2774 modos
1264 2745 1334 2784 qui-

277 2792 336 2822 bus
362 2795 469 2830 potest
491 2798 550 2829 pro
574 2789 740 2828 supposito
764 2789 865 2828 accipi
887 2788 938 2818 hic
959 2788 1071 2823 homo,
1095 2797 1152 2818 seu
1178 2788 1333 2819 Christus.

333 2834 426 2865 Circa
449 2832 588 2864 eundern
609 2841 805 2872 processum,
830 2841 888 2871 pro
905 2837 1025 2872 quanto
1049 2831 1160 2862 fundat
1183 2841 1216 2862 se
1240 2842 1335 2872 super

277 2879 350 2913 hoc,
375 2877 464 2918 quod
486 2878 544 2907 ista
564 2876 754 2916 propositio,
772 2876 919 2906 Christus
934 2875 1073 2916 incoepit
1087 2885 1163 2911 esse,
1180 2875 1335 2915 significat

276 2923 310 2953 in
334 2922 501 2962 supposito
525 2926 653 2950 aeterno
684 2919 804 2959 aliquid
826 2929 1006 2959 repugnans
1034 2919 1118 2949 illius
1142 2920 1333 2955 aeternitati,

217 2979 223 2985 ·
277 2966 396 2996 scilicet
419 2965 559 3004 incipere
583 2973 660 2999 esse,
685 2962 854 2993 Durandus
870 2964 886 2979 ⁴*
910 2972 1052 3003 quoque,
1076 2962 1204 2999 ibidem,
1222 2973 1334 2993 occur-

277 3011 334 3046 rit,
363 3018 497 3049 arguens
527 3007 617 3048 quod
642 3016 702 3038 nec
728 3006 813 3037 istud
835 3006 958 3036 videtur
983 3007 1097 3037 valere.
1132 3007 1233 3044 Quia,
1260 3007 1334 3038 licet

276 3053 429 3095 ponendo
452 3053 486 3082 in
502 3052 628 3083 Christo
652 3060 755 3081 unum
771 3060 839 3081 esse
854 3056 978 3080 tantum
994 3050 1119 3086 valeret,
1143 3060 1211 3082 non
1226 3056 1333 3081 tamen

276 3096 429 3138 ponendo
451 3097 486 3126 in
508 3096 579 3136 ipso
605 3095 697 3135 plura
720 3103 804 3124 esse:
834 3094 917 3124 sicut
942 3098 1070 3135 oportet
1099 3094 1207 3134 aliquo
1234 3094 1332 3125 modo

277 3149 408 3181 ponere.
443 3140 606 3178 Quoniam
629 3148 696 3168 non
719 3138 862 3178 sequitur
885 3137 973 3177 quod
1002 3147 1069 3168 non
1092 3147 1218 3178 semper
1240 3138 1334 3168 fuerit

277 3185 403 3217 nullum
426 3194 493 3215 esse
516 3182 680 3214 habendo:
705 3181 760 3212 sed
783 3181 873 3222 quod
890 3191 956 3212 non
971 3190 1097 3221 semper
1112 3181 1206 3212 fuerit
1220 3191 1334 3213 secun-

277 3227 356 3260 dum
378 3237 446 3260 esse
469 3227 548 3258 illud
569 3225 747 3258 secundum
770 3225 858 3266 quod
880 3226 1023 3264 incoepit
1045 3234 1122 3255 esse.
1158 3225 1243 3256 Cum
1267 3235 1332 3265 quo

277 3277 337 3303 stat
360 3271 450 3313 quod
472 3280 597 3312 semper
620 3269 715 3301 fuerit
737 3268 915 3300 secundum
938 3268 1024 3299 aliud
1047 3278 1123 3299 esse.

332 3315 384 3347 ΙΙΙ.
409 3315 503 3347 Circa
523 3315 775 3350 conclusionem,
792 3313 907 3344 Scotus
929 3313 1047 3353 primo,
1071 3313 1127 3342 ubi
1150 3322 1260 3352 supra,
1278 3323 1332 3343 oc-

279 3360 375 3390 currit
389 3359 416 3396 *‚
439 3359 551 3390 volens
575 3357 663 3399 quod
690 3359 749 3388 ista
771 3357 871 3397 possit
893 3355 1042 3386 concedi:
1080 3356 1235 3391 Christus,
1260 3366 1332 3392 seu,

279 3402 344 3433 Iste
364 3403 460 3434 homo
475 3403 615 3443 incoepit
635 3411 713 3433 esse.
738 3401 778 3431 Et
799 3401 878 3431 ratio
895 3401 962 3430 eius
982 3405 1028 3430 est
1051 3400 1126 3439 quia
1147 3400 1180 3440 ly
1192 3409 1259 3431 esse
1273 3401 1332 3430 im-

279 3451 383 3486 portat
398 3455 465 3479 esse
476 3447 669 3487 simpliciter,
682 3446 745 3476 hoc
762 3451 817 3481 est,
834 3444 874 3475 de
889 3453 1004 3484 genere
1019 3444 1220 3474 substantiae.
1245 3443 1332 3475 Con-

279 3494 339 3520 stat
360 3495 467 3521 autem
490 3490 652 3521 Christum
674 3490 851 3529 incoepisse
876 3498 943 3518 esse
965 3488 1146 3523 hominem,
1175 3487 1263 3527 quod
1287 3494 1333 3518 est

281 3541 348 3563 esse
370 3532 410 3564 de
431 3543 546 3574 genere
578 3534 778 3564 substantiae.
813 3533 1000 3572 Tueturque
1030 3532 1111 3562 hanc
1135 3541 1225 3561 suam
1247 3533 1333 3572 posi-

125 3577 252 3604 ..praeced
279 3575 400 3607 tionem
423 3586 461 3608 ex
482 3578 691 3631 praeallegato
716 3578 732 3594 ’θ
756 3576 857 3612 dicto,
882 3576 999 3606 scilicet
1023 3575 1112 3615 quod
1141 3576 1198 3606 iste
1220 3576 1331 3612 homo,

1387 1523 1461 1553 ergo
1475 1513 1618 1544 Christus
1634 1515 1775 1556 incoepit
1791 1525 1868 1546 esse.
1885 1516 2038 1546 Probatur
2050 1517 2287 1556 consequentia.
2305 1517 2443 1555 Quando

1386 1556 1425 1587 de
1449 1557 1556 1597 aliquo
1581 1558 1694 1589 dicitur
1718 1559 1856 1599 incipere
1872 1559 2115 1591 determinatum
2137 1570 2194 1601 per
2210 1561 2339 1601 aliquod
2354 1571 2443 1601 prae-

1386 1600 1542 1638 dicatum,
1574 1601 1613 1633 de
1641 1603 1695 1632 illo
1719 1608 1787 1633 toto
1811 1603 1924 1634 dicitur
1947 1604 2103 1644 incipere:
2132 1605 2226 1640 sicut,
2251 1606 2276 1634 si
2300 1605 2443 1636 Socrates

1385 1646 1496 1685 incipit
1518 1655 1585 1676 esse
1609 1647 1707 1682 albus,
1732 1647 1881 1678 Socrates
1903 1648 1994 1678 albus
2018 1648 2128 1688 incipit
2150 1658 2224 1679 esse.
2249 1649 2333 1688 Ergo
2358 1650 2443 1681 simi-

1386 1689 1455 1719 liter
1478 1695 1524 1719 est
1547 1691 1579 1720 in
1602 1691 1778 1730 proposito.

1441 1733 1587 1764 Occurrit
1611 1734 1725 1764 deinde
1741 1734 1910 1765 Durandus
1926 1736 1942 1752 ⁴*
1967 1735 2160 1766 concludens
2184 1736 2443 1776 distinguendum

1386 1787 1462 1812 esse,
1488 1783 1519 1807 et
1541 1787 1608 1808 non
1632 1778 1815 1818 simpliciter
1837 1779 2096 1818 respondendum
2116 1789 2156 1809 an
2173 1779 2315 1810 Christus
2334 1781 2443 1811 incoe-

1385 1822 1466 1861 perit
1497 1831 1564 1851 esse
1591 1823 1617 1851 *.
1653 1821 1816 1859 Quoniam
1845 1828 1979 1862 utraque
2010 1832 2081 1862 pars
2112 1823 2367 1854 contradictionis
2398 1830 2444 1854 est

1385 1874 1468 1899 vera,
1485 1865 1524 1895 ad
1540 1865 1661 1895 diversa
1681 1865 1856 1902 referendo,
1872 1872 2017 1896 naturam
2033 1867 2150 1897 scilicet
2165 1867 2215 1897 vel
2231 1869 2441 1908 suppositum.

1442 1909 1493 1939 1V.
1518 1908 1568 1939 Ad
1591 1910 1694 1949 primo
1719 1910 1842 1940 obiecta
1866 1919 1903 1940 ex
1927 1910 2079 1940 Durando
2095 1912 2112 1927 ⁴*
2136 1910 2248 1941 dicitur
2272 1911 2360 1951 quod
2375 1921 2443 1944 non

1386 1952 1521 1982 militant
1545 1959 1653 1984 contra
1671 1960 1869 1994 praesentem
1885 1954 2029 1984 litteram.
2054 1954 2270 1986 Concedimus
2286 1955 2443 1995 siquidem

1386 1997 1495 2026 omnia
1518 2006 1599 2037 quae
1624 1997 1804 2028 obiiciendo
1828 1998 1976 2028 dicuntur
1999 1999 2031 2028 in
2056 2000 2221 2030 communi
2245 1998 2283 2029 de
2299 2000 2442 2030 subiecto

1386 2046 1486 2070 stante
1508 2041 1718 2077 materialiter,
1743 2043 1876 2072 scientes
1901 2042 1989 2081 quod
2012 2043 2097 2073 aliud
2113 2049 2158 2073 est
2182 2044 2351 2073 convenire
2368 2053 2443 2085 sup-

1386 2085 1491 2124 posito
1514 2085 1636 2115 ratione
1659 2086 1824 2125 suppositi,
1850 2091 1880 2116 et
1896 2086 1981 2116 aliud
1997 2087 2167 2117 convenire
2183 2088 2348 2127 supposito
2365 2097 2443 2127 qua-

1387 2137 1526 2170 cumque
1549 2128 1628 2159 illud
1651 2130 1772 2159 ratione
1796 2130 1973 2160 conveniat.
1998 2130 2091 2162 Unde
2114 2141 2173 2161 nec
2193 2131 2361 2161 somniavit
2376 2132 2444 2161 Au-

1387 2177 1455 2202 ctor
1478 2172 1576 2212 quod,
1602 2173 1676 2212 quia
1692 2173 1870 2203 subiectum
1885 2179 2011 2203 tenetur
2026 2175 2234 2210 materialiter,
2259 2174 2331 2205 ideo
2348 2185 2443 2215 opor-

1386 2222 1449 2246 teat
1477 2216 1633 2256 quidquid
1659 2216 1703 2246 illi
1727 2217 1904 2248 attribuitur
1926 2227 2015 2253 vere,
2048 2219 2217 2248 convenire
2247 2218 2292 2248 illi
2322 2220 2442 2249 ratione

1387 2261 1553 2300 suppositi.
1589 2260 1651 2290 Sed
1675 2260 1783 2291 docuit
1806 2261 1894 2301 quod
1917 2267 2042 2300 oportet
2067 2262 2146 2292 illud
2170 2271 2234 2292 non
2260 2271 2443 2303 repugnare

1387 2305 1559 2345 supposito.
1585 2304 1630 2334 Ita
1653 2304 1740 2344 quod
1763 2304 1913 2335 fundatur
1933 2314 2099 2344 processus
2117 2306 2237 2336 litterae
2260 2315 2355 2346 super
2369 2307 2442 2343 hoc,

1388 2348 1490 2389 quod,
1515 2349 1589 2388 quia
1612 2349 1790 2378 subiectum
1813 2354 1938 2379 tenetur
1960 2349 2159 2379 materialiter
2181 2359 2240 2389 pro
2264 2351 2441 2390 supposito,

1387 2392 1460 2423 ideo
1485 2397 1611 2432 oportet
1634 2393 1818 2422 attributum
1841 2393 2007 2433 supposito
2035 2402 2102 2423 non
2125 2403 2299 2434 repugnare
2323 2403 2442 2434 suppo-

1387 2438 1465 2472 sito,
1490 2445 1549 2466 nec
1572 2435 1687 2466 sufficit
1709 2446 1776 2466 non
1798 2445 1974 2477 repugnare
1997 2442 2126 2467 naturae
2149 2446 2206 2467 seu
2229 2436 2359 2467 formae.
2383 2437 2443 2467 Per

1387 2481 1450 2511 hoc
1474 2481 1560 2510 enim
1590 2479 1727 2511 excludit
1750 2481 1871 2510 Auctor
1900 2480 2114 2510 obiectionem
2138 2480 2311 2510 dicentium
2335 2480 2440 2520 quod,

1389 2525 1473 2565 quia,
1491 2523 1636 2560 dicendo,
1657 2524 1721 2554 Iste
1742 2524 1837 2554 homo
1862 2524 1999 2564 incoepit
2021 2534 2100 2560 esse,
2124 2525 2262 2564 incipere
2286 2534 2352 2554 esse
2374 2534 2441 2555 non

1388 2573 1543 2610 repugnat
1558 2573 1686 2598 naturae
1702 2569 1860 2598 humanae
1877 2567 1993 2598 Christi
2008 2567 2198 2608 significatae
2217 2577 2273 2608 per
2288 2568 2320 2608 ly
2335 2569 2440 2603 homo,

1389 2622 1588 2652 consequens
1612 2618 1658 2642 est
1681 2611 1769 2652 quod
1792 2612 1831 2641 sit
1853 2621 1935 2642 vera.
1968 2611 2153 2642 Excluditur
2176 2611 2342 2651 siquidem,
2367 2613 2442 2652 quia

1389 2662 1515 2697 oportet
1546 2656 1635 2695 quod
1657 2656 1796 2696 incipere
1820 2665 1886 2686 esse
1914 2665 1981 2685 non
2007 2661 2161 2695 repugnet
2187 2656 2351 2695 supposito
2382 2657 2441 2686 im-

1388 2706 1513 2741 portato
1537 2710 1593 2740 per
1616 2700 1649 2740 ly
1672 2700 1729 2730 iste
1751 2700 1855 2729 homo.
1881 2699 1965 2737 Quia
1988 2699 2019 2740 ly
2035 2700 2128 2729 homo
2153 2709 2190 2729 ex
2206 2705 2292 2739 parte
2309 2700 2441 2730 subiecti

1388 2751 1448 2776 stat
1462 2754 1520 2784 pro
1536 2744 1671 2774 habente
1687 2749 1831 2773 naturam
1847 2744 2042 2783 hypostatice
2051 2752 2058 2778 ;
2075 2742 2229 2782 significat
2245 2744 2328 2773 enim
2345 2744 2440 2773 istum

1387 2790 1557 2819 habentem
1579 2793 1725 2817 naturam
1747 2788 1937 2823 humanam;
1963 2793 2085 2816 constat
2109 2787 2194 2817 enirn
2210 2786 2298 2826 quod
2313 2788 2369 2816 iste
2386 2787 2440 2816 ha-

1387 2834 1465 2863 bens
1488 2832 1718 2862 humanitatem
1742 2837 1787 2861 est
1803 2831 2013 2870 suppositum.
2038 2831 2079 2860 Et
2095 2831 2168 2870 quia
2183 2831 2216 2860 in
2233 2829 2358 2860 Christo
2374 2840 2440 2861 non

1388 2882 1434 2907 est
1457 2875 1542 2906 aliud
1565 2875 1766 2915 suppositum
1789 2875 1848 2904 nisi
1868 2879 2040 2909 aeternum,
2065 2875 2116 2904 cui
2132 2879 2286 2913 repugnat
2301 2874 2440 2914 incipere

1387 2930 1464 2955 esse,
1489 2919 1562 2950 ideo
1587 2919 1763 2958 propositio
1788 2917 1988 2948 concluditur
2011 2917 2096 2947 falsa.

1441 2965 1479 2993 V.
1504 2963 1555 2993 Ad
1585 2963 1708 2992 obiecta
1739 2961 1851 2991 deinde
1883 2967 1991 2991 contra
2021 2960 2158 2991 eundem
2188 2970 2371 3000 processum
2403 2971 2440 2992 ex

1387 3008 1483 3038 Scoto
1502 3008 1535 3042 ⁴⁶,
1568 3005 1681 3036 dicitur
1711 3004 1798 3044 quod
1820 3014 1987 3044 processus
2017 3014 2083 3034 non
2106 3010 2217 3044 peccat
2243 3014 2280 3034 ex
2304 3011 2439 3045 praeter-

1386 3052 1480 3082 missa
1504 3050 1704 3080 distinctione
1726 3050 1807 3078 inter
1822 3049 2022 3088 suppositum
2039 3048 2181 3078 divinum
2204 3048 2380 3079 secundum
2396 3059 2438 3085 se,

1387 3101 1418 3125 et
1432 3100 1468 3125 ut
1482 3093 1684 3133 suppositum
1699 3093 1857 3122 humanae
1872 3097 2011 3122 naturae.
2036 3091 2199 3129 Quoniam
2214 3092 2267 3122 illa
2282 3091 2440 3124 distinctio

1386 3137 1546 3178 superflua
1570 3141 1615 3166 est
1637 3137 1671 3166 in
1694 3137 1872 3175 proposito:
1898 3137 2051 3175 quoniam
2076 3136 2218 3175 quaestio
2242 3145 2308 3166 non
2332 3142 2378 3167 est
2401 3137 2440 3167 de

1386 3182 1605 3222 propositione
1628 3180 1733 3219 aliqua
1755 3180 1788 3210 in
1812 3189 1875 3219 qua
1897 3180 2075 3210 subiectum
2100 3185 2146 3210 est
2168 3181 2370 3219 suppositum
2393 3180 2440 3211 di-

1386 3227 1497 3256 vinum
1520 3223 1697 3255 secundum
1719 3233 1763 3254 se.
1798 3223 1872 3254 Non
1897 3224 1982 3254 enim
2005 3224 2135 3254 vertitur
2156 3223 2208 3254 hie
2231 3224 2264 3254 in
2287 3223 2439 3261 dubium,

1386 3280 1426 3300 an
1449 3269 1601 3303 Verbum,
1618 3277 1674 3298 seu
1690 3267 1788 3298 Filius
1803 3267 1873 3303 Dei,
1893 3268 2034 3307 incoepit
2050 3277 2131 3298 esse:
2151 3269 2440 3308 praesupponimus

1386 3313 1471 3344 enim
1495 3312 1696 3352 suppositum
1712 3311 1855 3341 divinum
1877 3317 2040 3341 aeternum
2057 3320 2132 3342 esse.
2157 3310 2219 3341 Sed
2235 3312 2377 3351 quaestio
2394 3318 2441 3342 est

1386 3357 1425 3387 de
1455 3356 1673 3396 propositione
1703 3356 1736 3385 in
1763 3364 1827 3395 qua
1854 3355 2017 3385 subiicitur
2044 3355 2246 3395 suppositum
2277 3360 2440 3386 aeternum

1385 3401 1507 3430 habens
1527 3400 1700 3430 humanam
1723 3404 1883 3429 naturam:
1908 3405 1944 3429 ut
1960 3405 2006 3429 est
2021 3400 2087 3434 ista,
2104 3398 2168 3428 Iste
2182 3399 2287 3433 homo,
2308 3398 2441 3430 demon-

1385 3449 1480 3474 strato
1505 3443 1641 3478 Christo,
1667 3443 1804 3483 incoepit
1826 3450 1908 3478 esse;
1932 3449 1962 3473 et
1985 3443 2126 3473 similiter
2144 3443 2211 3478 ista,
2231 3442 2376 3474 Christus
2392 3443 2442 3473 in-

1386 3487 1488 3528 coepit
1503 3497 1578 3518 esse.
1598 3487 1639 3517 Et
1653 3492 1820 3527 propterea
1835 3497 1900 3517 non
1917 3487 2058 3526 oportuit
2074 3485 2273 3526 distinguere,
2291 3486 2346 3517 sed
2361 3486 2441 3517 infra

1386 3532 1537 3562 terminos
1561 3531 1694 3571 quaesiti
1716 3530 1828 3561 stando
1851 3530 2032 3570 procedere.
2067 3530 2106 3559 Et
2130 3531 2173 3560 sic
2197 3529 2315 3560 factum
2339 3536 2385 3560 est
2407 3531 2441 3560 in

1386 3575 1487 3606 littera
1510 3574 1702 3615 procedente
1725 3584 1762 3605 ex
1787 3584 1824 3604 eo
1849 3574 1946 3614 quod,
1971 3575 1996 3604 si
2019 3573 2057 3604 de
2074 3574 2135 3604 hoc
2156 3574 2286 3604 homine
2309 3579 2442 3614 negatur

2473 957 2482 966 '⁸
2498 956 2523 977 Ι).
2541 960 2600 982 ¹05²-

2472 1501 2495 1523 5
2497 1475 2554 1523 Ti's.
2568 1481 2622 1523 i'eei‘.
2635 1482 2682 1523 1⁷12*

2471 1747 2480 1757 ·
2491 1746 2546 1768 Loc.
2554 1746 2592 1768 cit.
2601 1753 2680 1774 supra.

2470 1832 2525 1853 ⁸Cf.
2535 1838 2596 1853 num.
2605 1839 2634 1859 vr,
2644 1833 2682 1854 Ad

2470 1858 2614 1880 Durandum.

2470 1916 2563 1938 ·Νιιιιι.
2580 1922 2605 1938 ιι.

2468 3014 2477 3024 ”
2484 3013 2551 3041 Ιδίά.,
2559 3014 2677 3035 Occurrit.
