2872 3970
128 231 155 263 Τί

133 262 150 281 ,va
159 264 161 268 ¹
182 272 183 275 ,

129 359 170 394 s
183 365 277 417 *pter
303 371 368 396 nos
394 359 528 395 sistitur
554 358 737 402 Domino,
765 362 803 392 ut
830 356 1012 392 discamus
1039 357 1120 392 Deo
1142 367 1252 404 prae-

140 403 166 451 ἶ·
196 417 340 458 ,tentare
374 413 536 460 nosipsos
553 409 584 446 ²¹⁸.
620 409 667 446 Et
694 409 770 445 hoc
801 415 887 456 post
922 407 1253 444 circumcisionem

198 463 280 522 pius
313 463 455 500 factum
489 469 561 508 est,
590 468 633 498 ut
660 460 835 498 ostendat
869 461 1054 497 neminem
1087 461 1159 496 nisi
1184 461 1253 496 cir-

196 516 398 563 mmcisum
416 515 522 560 vitiis,
541 514 698 563 dignum
717 525 793 549 esse
810 513 941 550 divinis
960 514 1209 562 conspectibus
1221 512 1253 548 ³¹⁶.

147 564 210 618 :jas
249 569 306 605 An
333 578 490 605 ’reanum
517 578 697 603 montinum
725 565 831 615 quod
859 572 1015 614 propter
1032 566 1108 601 hoc
1126 564 1254 614 ipsum

138 617 318 665 ³ifflt
344 619 486 657 hostias
508 619 644 667 legales
670 629 742 666 pro
762 629 801 654 se
821 617 961 663 offerri,
982 617 1049 667 qui
1068 625 1147 654 erat
1163 628 1256 654 vera

193 670 340 721 m,
377 678 420 708 ut
449 670 572 719 figura
598 670 746 707 veritati
780 669 1095 718 coniungeretur‚
1125 677 1160 706 et
1187 681 1256 718 per

149 723 394 773 sstem
428 723 552 772 figura
578 722 871 772 approbaretur:
911 730 1042 760 contra
1069 722 1152 759 illos
1188 721 1255 770 qui

189 763 442 829 fiumglegis
461 782 607 824 >negant
633 787 656 812 a
676 775 828 812 Christo
855 775 969 812 fuisse
988 775 1028 812 in
1046 773 1254 822 Evangelio

171 823 179 839 ³
251 822 505 875 sedieatumfl‘.
534 828 624 865 Non
653 829 751 864 enim
773 828 981 877 putandum
1010 833 1071 874 est,
1099 834 1142 863 ut
1171 826 1255 864 Ori-

154 829 427 978 {perdicit
442 880 474 928 ¹⁸⁸,
503 881 602 930 quod
627 880 763 917 Filium
790 892 898 917 suum
926 882 1043 917 bonus
1062 881 1164 916 Deus
1189 880 1256 916 sub

154 931 284 1021 ff‘dge'
305 934 447 971 inimici
460 934 617 981 fecerit,
646 945 758 982 quam
785 934 862 982 ipse
888 945 963 969 non
992 933 1152 969 dederat.

227 983 306 1024 aa&
334 996 505 1028 QUARTUM
531 997 713 1023 mCENDUM
741 985 988 1034 quod-*Levia
1009 997 1055 1022 xn
1073 984 1093 1006 ’¹‘
1109 986 1255 1034 praeci-

158 1075 182 1090 1,,
192 1039 302 1096 ,ἢν
311 1043 356 1075 ἀῖ
381 1040 445 1088 qui
463 1043 625 1088 possent,
645 1050 788 1088 agnum
802 1050 877 1087 pro
894 1038 982 1085 filio
1009 1043 1073 1074 aut
1089 1037 1190 1085 filia,
1209 1038 1254 1073 si-

151 1089 279 1138 ’μή
291 1096 326 1128 et
340 1096 520 1128 turturem
538 1092 615 1128 sive
632 1091 843 1127 columbam
863 1089 1061 1139 offerrent:
1087 1091 1151 1139 qui
1166 1101 1255 1127 vero

153 1137 510 1193 ·ffin-sufficerent
536 1143 588 1180 ad
613 1142 845 1192 offerendum
873 1154 1035 1192 agnum,
1062 1142 1154 1179 duos
1180 1147 1255 1179 tur-

162 1190 294 1250 {Q
319 1201 383 1233 aut
409 1196 501 1233 duos
526 1195 720 1232 columbae
738 1193 751 1219 ἶ
772 1195 896 1245 pullos
924 1194 1102 1244 offerrent
1119 1194 1150 1230 ²⁸.
1180 1195 1255 1230 Do-

343 1258 448 1298 ergo,
469 1249 541 1297 qui,
574 1262 594 1282 «
614 1259 700 1285 cum
733 1248 832 1285 dives
863 1253 971 1293 esset,
999 1252 1155 1296 propter
1188 1259 1255 1283 nos

155 1300 470 1355 :ssifvffdnusfactus
488 1306 549 1346 est,
570 1306 608 1337 ut
629 1301 724 1337 illius
743 1301 870 1350 inopia
892 1300 1018 1338 divites
1039 1311 1198 1336 essemus
1218 1314 1252 1345 »‚

284 1352 392 1390 ’citur
409 1354 439 1390 II
461 1354 548 1390 Cor.
569 1365 625 1390 vm
642 1352 674 1399 ²¹⁶,
702 1365 772 1402 pro
798 1365 839 1390 se
859 1364 1070 1402 pauperum
1098 1353 1253 1389 hostiam

288 1465 435 1493 mambae.
451 1479 472 1485 -
488 1466 671 1491 columbarum
689 1466 718 1497 P,
737 1466 874 1492 columbae
891 1471 952 1499 post
965 1466 1055 1498 pullos
1073 1456 1110 1492 bd.

292 1538 299 1543 Ρ
319 1500 455 1539 Lacimum.
470 1515 490 1520 —
507 1505 624 1527 secretas
642 1502 794 1527 orationum
814 1502 856 1526 EF
875 1507 902 1527 et
920 1502 1000 1527 tertia.

307 1694 309 1698 Α
325 1670 362 1692 us
385 1659 496 1691 clarus.
519 1678 543 1683 -
576 1659 614 1690 In
636 1670 771 1701 corpore
800 1661 895 1691 unica
923 1661 1088 1692 conclusio
1122 1669 1254 1700 respon-

280 1713 321 1736 νο.
343 1705 505 1745 quaesito:
533 1703 679 1735 Christus
705 1704 932 1735 convenienter
954 1705 987 1735 in
1014 1705 1144 1745 Templo
1167 1704 1255 1734 obla-

300 1753 315 1779 t
334 1756 407 1779 cum
431 1747 602 1778 oblatione.
627 1748 791 1779 Probatur.
816 1748 960 1779 Christus
982 1748 1084 1779 voluit
1107 1749 1165 1778 sub
1186 1747 1255 1788 lege

246 1791 336 1823 siet
359 1800 397 1822 ex
419 1792 553 1822 muliere
575 1797 668 1822 natus
690 1792 922 1832 primogenitus
949 1798 1004 1823 est.
1029 1792 1114 1832 Ergo
1139 1801 1256 1822 conve-

343 1841 404 1867 ete.

177 1915 188 1921 ⁴.
228 1873 260 1894 ”
278 1894 295 1907 ιο
312 1879 462 1918 cedens,
485 1879 595 1920 quoad
616 1880 752 1920 primam
773 1885 906 1920 partem,
930 1879 1106 1910 declaratur
1120 1889 1158 1910 ex
1174 1878 1255 1909 fine:

171 1911 223 1948 ‘³⁴⁸
281 1929 330 1964 gut
347 1933 406 1956 eos
427 1924 483 1965 qui
504 1924 562 1954 sub
580 1924 652 1965 lege
675 1929 777 1960 erant,
802 1923 980 1960 redimeret,
1005 1929 1036 1954 et
1058 1923 1257 1965 iustificatio-

182 1965 223 1984 ’Ψ
290 1968 486 2016 spirimalem
514 1968 549 1999 in
570 1968 722 1999 membris
744 1968 809 1998 suis
836 1968 990 2009 impleret.
1017 1986 1041 1990 —-
1063 1967 1181 2006 Quoad
1208 1976 1256 1999 se-

230 2055 322 2096 [nge
344 2061 433 2087 erant
455 2056 537 2087 circa
552 2056 803 2095 primogenitum
819 2055 885 2086 duo
901 2060 1087 2096 praecepta:
1111 2055 1255 2091 alterum,

293 2105 387 2130 ·tum
402 2101 560 2140 genitum;
581 2105 612 2130 et
627 2099 771 2135 alterum,
788 2100 980 2139 inquantum
996 2100 1256 2139 primogenitum.

259 2149 433 2184 utrumque
455 2144 489 2174 in
513 2143 640 2174 Christo
663 2149 823 2174 servatum
839 2149 895 2175 est.
918 2161 942 2166 —
964 2144 1083 2173 Littera
1099 2149 1145 2174 est
1164 2143 1256 2174 clara.

281 2211 290 2219 .
313 2187 376 2219 Sed
399 2188 482 2218 circa
503 2188 660 2218 rationem
683 2188 716 2217 in
738 2187 840 2219 littera
862 2186 1017 2219 redditam
1040 2187 1080 2217 de
1102 2186 1257 2217 sacrificio

308 2298 338 2317 st
363 2275 497 2306 dubium
521 2276 668 2306 occurrit.
703 2275 791 2309 Tum
815 2275 890 2316 quia
913 2281 1081 2315 peccatum
1106 2275 1258 2314 originale

280 2323 296 2350 s
317 2320 382 2350 iam
405 2320 567 2359 expiatum
593 2324 659 2349 erat
681 2324 796 2349 octavo
819 2319 870 2350 die
892 2327 948 2359 per
970 2319 1257 2349 circumcisionem.

281 2372 339 2394 um
357 2363 433 2407 quia
447 2363 481 2394 in
496 2368 584 2394 textu
600 2363 656 2394 illo
668 2364 685 2380 ⁴*
707 2372 853 2403 expresse
869 2362 993 2399 dicitur,
1016 2363 1060 2393 Et
1075 2363 1182 2393 orabit
1193 2372 1258 2403 pro

262 2405 382 2442 scilieet
403 2412 513 2444 matre,
529 2406 690 2443 sacerdos,
707 2411 739 2437 et
752 2407 979 2438 mundabitur:
1002 2412 1034 2437 et
1047 2415 1115 2437 non
1135 2405 1258 2442 dicitur,

154 2463 168 2490 :g
256 2462 283 2475 ¹-
330 2447 397 2492 ‘pro
409 2446 499 2493 filio.
523 2450 607 2482 Male
630 2460 706 2491 ergo
729 2451 763 2481 in
779 2451 880 2482 littera
896 2450 1010 2482 dicitur
1034 2449 1123 2491 quod
1146 2450 1259 2481 offere-

154 2491 166 2520 =²'-‘
220 2486 290 2527 &ur
311 2503 370 2535 pro
392 2500 525 2536 peccato
549 2495 658 2535 prolis.
1203 2503 1206 2506 ·

231 2536 306 2570 ἮΙ.
328 2538 380 2570 Ad
401 2539 497 2570 huius
517 2538 718 2573 evidentiam,
743 2538 1010 2569 considerandum
1027 2543 1074 2568 est
1097 2538 1186 2578 quod
1208 2538 1258 2569 lit-

199 2582 269 2618 ῌῡι
284 2582 370 2614 illius
383 2588 497 2619 textus,
516 2588 554 2613 ut
570 2583 675 2623 glossa
691 2592 729 2613 ex
744 2583 926 2622 Augustino
942 2583 958 2599 θ
982 2582 1067 2618 dicit,
1091 2582 1260 2622 dupliciter

200 2624 265 2669 Q
283 2632 398 2667 potest.
428 2627 547 2663 Primo,
563 2633 599 2657 ut
622 2627 654 2668 ly
671 2636 736 2667 pro
749 2627 828 2667 filio
852 2627 902 2657 vel
913 2626 993 2667 filia
1008 2627 1024 2643 *
1046 2626 1198 2656 referatur
1220 2626 1260 2656 ad

221 2668 406 2709 Rationem.
429 2671 472 2702 Et
492 2671 579 2703 hunc
601 2680 731 2702 sensum
754 2676 881 2701 secutus
905 2676 951 2700 est
973 2671 1106 2706 Auctor,
1123 2680 1260 2710 sequens

199 2710 415 2755 &agustinum
444 2715 633 2755 probantem
656 2715 743 2745 hunc
773 2724 919 2748 sensum,
944 2724 982 2744 ex
1009 2715 1111 2744 verbis
1141 2715 1260 2745 scilicet

152 2776 172 2788 :2
200 2752 307 2791 [ἔκαε
325 2757 457 2789 dicentis
472 2759 505 2788 ἐ
532 2759 613 2789 Cum
629 2758 818 2789 inducerent
826 2768 966 2799 puerum
982 2758 1089 2788 Iesum
1107 2763 1260 2799 parentes

200 2801 270 2834 eius
283 2803 480 2844 utsacerent
492 2802 666 2833 secundum
682 2802 942 2833 consuetudinem
959 2802 1041 2843 legis
1057 2812 1122 2843 pro
1139 2812 1188 2833 eo.
1212 2803 1260 2832 Ex

158 2837 264 2878 ⁷³11:oe
284 2847 371 2877 enim
393 2846 483 2887 quod
505 2846 583 2876 dixit
599 2856 665 2887 pro
689 2856 737 2881 eo,
763 2851 794 2876 et
816 2855 883 2876 non
900 2856 966 2886 pro
990 2851 1102 2882 matre,
1122 2846 1260 2877 ostendit

193 2888 292 2930 'wod
311 2889 390 2921 illud
406 2890 496 2930 quod
510 2895 587 2921 tunc
603 2889 770 2926 faciebant,
786 2899 845 2930 pro
861 2899 964 2930 puero
980 2890 1146 2921 faciebant.
1171 2890 1259 2921 Con-

158 2938 388 2975 mautarn
412 2933 502 2974 quod
523 2939 601 2964 tunc
624 2933 814 2968 offerebant,
839 2939 875 2964 ut
897 2934 1092 2974 praedixerat
1115 2934 1260 2974 Evange-

159 2975 311 3015 «sclusam
341 2977 437 3018 Ergo.
452 2995 476 3000 —
498 2978 572 3008 Alio
595 2977 706 3014 modo,
726 2978 759 3018 ly
776 2987 841 3017 pro
855 2978 933 3018 filio
957 2982 1016 3008 aut
1026 2978 1105 3018 filia
1128 2978 1261 3008 refertur

159 3019 244 3054 ..ud
260 3022 459 3063 purgationis
482 3022 748 3053 terminationem.
773 3021 814 3051 Et
836 3021 1014 3052 secundum
1029 3022 1115 3052 hunc
1131 3031 1260 3052 sensum

190 3073 193 3075 ’
224 3060 226 3063 ¹
247 3064 324 3096 aliis
334 3066 351 3082 θ
367 3066 546 3105 exponitur.
570 3065 611 3095 Et
625 3071 767 3095 remanet
781 3064 959 3095 indecisum
974 3074 1033 3106 pro
1051 3075 1117 3106 quo
1133 3065 1188 3095 fiat
1203 3065 1260 3095 ob-

171 3120 181 3127 *
200 3106 288 3144 ffio,
302 3118 344 3139 an
363 3118 423 3149 pro
442 3108 510 3139 filio
535 3118 576 3138 an
595 3118 655 3148 pro
673 3114 783 3144 matre,
800 3117 882 3148 quae
903 3109 946 3139 ibi
966 3108 1113 3139 mundari
1135 3108 1259 3139 dicitur.

166 3145 197 3184 fs
229 3151 298 3185 ·2Et
311 3153 387 3193 quia
401 3153 503 3183 littera
517 3152 570 3182 illa
586 3153 751 3192 utriusque
774 3153 982 3191 expositionis
998 3157 1044 3182 est
1060 3162 1168 3192 capax,
1186 3153 1261 3192 quia

213 3211 234 3233 ‘.
268 3201 308 3226 ›-t
329 3205 404 3227 cum
427 3202 561 3236 utraque
585 3196 737 3232 oratione,
762 3201 827 3226 tam
849 3196 969 3226 scilicet
992 3196 1197 3226 antecedente
1221 3196 1260 3226 de

170 3237 338 3281 “wmo
359 3240 557 3280 purgationis
580 3241 678 3280 quam
700 3240 913 3279 subsequente
937 3239 975 3270 de
992 3239 1163 3275 oblatione,
1184 3249 1261 3270 con-

166 3287 239 3325 51‘
269 3283 282 3314 ἰ
300 3280 333 3324 ly
350 3293 414 3325 pro
419 3284 498 3326 filio
522 3283 573 3314 vel
579 3283 658 3324 filia
681 3283 822 3323 positum
837 3284 870 3313 in
886 3283 993 3314 medio
1010 3284 1175 3323 utriusque
1192 3293 1261 3313 ora-

163 3328 174 3341 *
202 3321 314 3366 m?
340 3327 414 3358 ideo
438 3327 605 3367 ambiguus
628 3332 722 3357 restat
745 3336 869 3362 sensuS,
901 3332 1056 3366 quantum
1080 3332 1127 3357 est
1151 3337 1188 3357 ex
1211 3327 1260 3356 lit-

201 3367 351 3402 mdssa.
375 3371 488 3402 Libera
510 3370 634 3401 videtur
657 3371 775 3410 cuique
799 3380 855 3401 sua
870 3371 992 3411 opinio,
1017 3370 1106 3410 quod
1127 3371 1178 3400 vel
1201 3379 1260 3410 pro

202 3419 335 3455 peccato
357 3415 464 3455 prolis,
487 3415 538 3445 vel
561 3415 677 3451 matris,
702 3414 859 3445 offeratur.

258 3457 310 3496 IV.
333 3458 374 3490 Et
396 3458 526 3500 quidem
550 3458 639 3499 quod
661 3468 720 3499 pro
743 3464 877 3498 peccato
901 3458 1019 3489 oblatio
1043 3457 1141 3492 fieret,
1159 3463 1261 3488 textus

205 3496 286 3534 elme
300 3501 384 3533 dicit.
412 3503 453 3533 Et
470 3503 544 3534 ideo
559 3503 663 3534 dicere
679 3502 768 3542 quod
783 3511 842 3542 pro
865 3502 932 3532 sola
947 3502 1169 3542 irregularitate
1192 3511 1262 3532 cor-

839 278 1102 324 QUAESTIO
1130 278 1323 325 XXXVII,
1351 278 1643 316 ARTICULUS
1670 278 1716 314 111

247 2027 261 2037 a
286 2028 292 2037 ’-
308 2026 326 2039 ιι
344 2006 347 2012 '
361 2010 408 2042 est
422 2009 480 2052 per
494 2021 527 2042 se
544 2010 682 2042 evidens.
698 2030 721 2033 —
737 2011 977 2052 Consequentia
990 2011 1152 2052 probatur.
1173 2011 1258 2049 Quia
1283 2013 1285 2034 ι’

309 2237 367 2272 pto
390 2232 490 2262 Levit.
507 2241 560 2267 xn,
574 2232 660 2271 quia
678 2231 797 2261 scilicet
819 2240 878 2271 pro
901 2237 1034 2271 peccato
1058 2231 1156 2270 prolis
1180 2230 1258 2260 offe-
1284 2247 1286 2260 2

2289 279 2363 326 379

1307 357 1420 393 voluit
1447 355 1579 404 offerri
1594 356 1631 392 *ε
1663 355 1759 392 sicut
1783 364 1818 392 et
1841 355 1879 392 in
1907 355 1989 404 ipsa
2017 356 2207 394 nativitate
2229 360 2367 406 pannis

1309 409 1506 446 involvitur
1532 414 1565 445 et
1593 409 1794 445 reclinatur
1821 410 1857 444 in
1881 411 2078 457 praesepio
2096 409 2126 445 ³⁶.

1360 460 1623 498 Nihilominus
1660 469 1790 497 tamen
1831 460 2055 497 huiusmodi
2092 474 2182 498 aves
2223 462 2367 510 figurae

1309 520 1525 561 congruunt
1542 512 1573 549 ³¹⁸.
1603 514 1750 549 Turtur
1773 512 1888 559 enim,
1909 513 1999 561 quia
2024 520 2079 549 est
2107 514 2186 550 avis
2215 516 2366 563 loquax,

1307 565 1632 614 praedicationem
1668 573 1703 602 et
1735 565 2013 602 confessionem
2043 565 2133 602 fidei
2166 566 2365 614 significat3

1309 617 1400 666 quia
1427 629 1520 654 vero
1554 625 1608 654 est
1641 618 1783 654 animal
1810 625 1978 663 castum,
2008 618 2193 666 significat
2224 619 2367 656 castita-

1307 667 1404 715 tem3
1439 670 1529 718 quia
1556 681 1650 706 vero
1678 677 1734 706 est
1761 670 1901 706 animal
1929 670 2155 718 solitarium,
2185 670 2369 720 significat

1308 722 1683 771 contemplationem.
1706 723 1897 759 Columba
1916 735 2008 759 vero
2029 731 2084 760 est
2102 723 2243 760 animal
2261 736 2368 761 man-

1309 782 1462 811 suetum
1490 782 1527 811 et
1554 774 1731 823 simplex,
1761 775 2099 812 mansuetudinem
2128 783 2164 812 et
2191 775 2368 826 simplici-

1308 835 1424 864 tatem
1445 826 1671 875 significanS.
1693 828 1761 864 Est
1774 835 1903 864 autem
1923 827 2063 865 animal
2081 830 2243 877 gregale:
2264 829 2368 865 unde

1309 879 1494 927 significat
1521 879 1639 916 vitam
1658 879 1833 917 activam.
1863 881 1911 917 Et
1939 880 2026 917 ideo
2054 881 2280 918 huiusmodi
2299 882 2368 918 ho-

1310 932 1378 968 stia
1406 932 1639 980 significabat
1657 932 1930 981 perfectionem
1950 933 2088 970 Christi
2116 941 2152 970 et
2175 933 2369 970 membro-

1309 996 1398 1021 rum
1417 985 1510 1021 eius.
1527 1006 1552 1011 -
1571 987 1773 1034 Utrumque
1792 992 1921 1022 autem
1940 986 2092 1032 animal,
2108 992 2263 1035 propter
2281 999 2368 1023 con-

1307 1037 1534 1074 suetudinem
1561 1038 1750 1086 gemendi,
1773 1044 1987 1086 praesentes
2013 1044 2225 1075 sanctorum
2253 1039 2369 1076 luctus

1309 1090 1498 1139 designat:
1523 1090 1588 1126 sed
1613 1095 1745 1136 turtur,
1774 1103 1868 1140 quae
1895 1097 1946 1127 est
1971 1091 2154 1137 solitaria,
2183 1093 2370 1141 significat

1310 1144 1519 1179 orationum
1535 1148 1553 1169 η
1573 1143 1769 1186 lacrimas‚·
1796 1143 1967 1180 columba
1986 1155 2086 1189 vero,
2103 1156 2197 1192 quae
2215 1150 2265 1180 est
2283 1156 2368 1193 gre-

1307 1194 1422 1244 galis,
1450 1196 1636 1244 significat
1662 1195 1832 1242 publicas
1866 1198 2050 1232 orationes
2077 1196 2265 1233 Ecclesiae
2281 1196 2312 1232 ³¹².
2344 1218 2368 1222 —

1308 1247 1524 1295 Utrumque
1557 1254 1686 1283 tamen
1706 1245 1718 1268 ⁰
1747 1247 1888 1284 animal
1921 1248 2158 1296 duplicatum
2193 1249 2367 1285 offertur:
2419 1269 2424 1274 ·
2466 1269 2471 1274 ·

1307 1307 1350 1336 ut
1377 1299 1551 1336 sanctitas
1580 1299 1625 1336 sit
1652 1311 1732 1336 non
1761 1301 1887 1336 solum
1915 1300 1955 1336 in
1983 1300 2131 1347 anima,
2162 1302 2228 1338 sed
2257 1301 2370 1337 etiam

1306 1351 1345 1388 in
1373 1363 1534 1401 corpore
1553 1352 1583 1388 ³⁸.

1364 1464 1390 1499 θ)
1409 1469 1506 1491 tamen.
1525 1480 1544 1485 —
1561 1469 1649 1490 autem
1669 1466 1716 1496 Ba,
1736 1473 1798 1491 vero
1818 1466 1845 1491 P.

866 1581 1199 1614 Commentario.
1223 1579 1476 1613 cardinalis
1497 1581 1698 1614 Caietam

1310 1669 1408 1700 porea
1439 1661 1502 1690 hoc
1533 1660 1623 1691 fieret
1645 1662 1680 1697 ἕ,
1705 1662 1844 1692 alienum
1867 1671 1885 1691 a
1907 1662 2009 1692 littera
2032 1667 2078 1691 est
2101 1661 2224 1692 dicente
2255 1662 2371 1692 animal

1311 1714 1412 1734 unum
1429 1714 1494 1744 pro
1512 1710 1647 1744 peccato
1671 1711 1702 1735 et
1724 1705 1810 1736 aliud
1827 1715 1892 1745 pro
1915 1706 2104 1736 holocausto
2128 1705 2232 1736 offerri
2251 1707 2278 1736 ἦ

1365 1748 1479 1778 Dicere
1503 1754 1610 1778 autem
1634 1749 1723 1788 quod
1746 1758 1804 1790 pro
1823 1755 1956 1789 peccato
1973 1750 2080 1779 matris
2104 1749 2202 1789 quod,
2226 1759 2294 1780 non
2315 1759 2371 1789 pa-

1311 1791 1438 1827 riendo,
1470 1791 1525 1822 sed
1555 1792 1802 1822 concumbendo
1834 1793 1994 1822 commisit
2009 1793 2036 1829 *‚
2061 1793 2135 1832 quia
2159 1794 2372 1823 communiter

1311 1835 1442 1875 aliquod
1465 1836 1587 1866 veniale
1610 1842 1779 1875 peccatum
1802 1837 1834 1866 in
1858 1842 1931 1866 actu
1953 1836 2009 1866 illo
2033 1837 2210 1872 intervenit,
2237 1838 2371 1867 omnino

1310 1879 1523 1909 irrationabile
1547 1889 1614 1909 non
1637 1885 1699 1910 est:
1725 1890 1762 1910 ex
1786 1881 1886 1910 littera
1909 1885 2016 1910 tamen
2039 1890 2106 1910 non
2129 1881 2272 1916 habetur,
2290 1890 2372 1921 quae

1311 1923 1490 1953 orationem
1514 1923 1645 1963 quidem
1669 1933 1727 1963 pro
1754 1929 1854 1954 matre
1878 1923 1946 1954 fieri
1968 1924 2097 1954 mandat
2119 1925 2152 1959 ὕ,
2177 1924 2373 1955 oblationem

1311 1971 1419 1997 autem
1434 1976 1502 1997 non
1522 1967 1598 1998 dicit
1620 1967 1689 1998 fieri
1711 1978 1771 2008 pro
1793 1973 1903 1998 matre.
1927 1968 2097 2008 Habetque
2122 1973 2231 1998 contra
2247 1978 2279 1998 se
2295 1970 2373 1999 haec

1312 2011 1423 2050 opinio
1440 2010 1573 2042 verbum
1595 2011 1763 2043 inductum
1779 2013 1795 2028 ⁴*
1819 2021 1856 2042 ex
1880 2012 2088 2051 Evangelista.
2104 2030 2127 2034 —
2149 2012 2248 2049 Quod
2269 2018 2374 2053 potest

1311 2054 1442 2094 glossari
1466 2054 1555 2094 quod
1578 2055 1763 2095 intelligitur
1785 2056 1906 2086 ratione
1929 2056 2190 2096 praesentationis
2213 2057 2373 2096 primoge-

1310 2098 1369 2128 niti
1392 2104 1424 2128 et
1446 2099 1616 2129 oblationis
1639 2109 1698 2138 pro
1721 2100 1922 2134 holocausto,
1948 2100 2028 2129 Cum
2045 2099 2233 2130 inducerent
2247 2110 2318 2131 eum
2339 2106 2375 2131 ut

1303 2142 1459 2183 facerent
1473 2153 1539 2182 pro
1563 2152 1600 2174 eo
1624 2143 1703 2173 haec
1724 2143 1898 2174 secundum
1921 2143 2182 2174 consuetudinem
2205 2144 2307 2185 Iegis:
2337 2150 2374 2175 ut

1312 2186 1357 2216 sic
1380 2186 1499 2216 oblatio
1523 2196 1582 2226 pro
1607 2192 1739 2227 peccato
1763 2193 1924 2218 remaneat
1948 2186 2043 2217 dubia
2064 2197 2124 2227 pro
2148 2197 2214 2227 quo
2238 2187 2302 2218 fiat.

1368 2230 1408 2259 Et
1431 2230 1505 2260 licet
1527 2230 1605 2260 haec
1628 2230 1732 2270 glossa
1755 2240 1822 2261 non
1846 2236 1995 2271 appareat
2018 2231 2237 2261 convincibilis
2261 2231 2300 2262 de
2316 2231 2373 2262 fal-

1313 2274 1419 2309 sitate,
1445 2275 1470 2303 si
1499 2279 1623 2310 tamen,
1647 2275 1776 2305 Patrum
1803 2275 1925 2314 regulas
1955 2274 2137 2314 sequendo,
2161 2275 2195 2305 in
2221 2276 2372 2305 tutiorem

1313 2317 1470 2347 declinare
1493 2317 1647 2348 debemus
1670 2324 1808 2358 partem,
1833 2318 2004 2349 dicendum
2028 2324 2074 2349 est
2103 2318 2192 2358 quod
2222 2329 2281 2359 pro
2304 2319 2371 2349 filio

1313 2371 1370 2392 seu
1393 2361 1457 2391 filia
1480 2362 1599 2392 oblatio
1622 2361 1719 2392 fiebat
1742 2368 1772 2392 et
1795 2363 1827 2392 in
1851 2363 2076 2393 holocaustum
2099 2368 2130 2392 et
2152 2372 2211 2403 pro
2227 2369 2371 2402 peccato.

1314 2405 1401 2436 Tum
1425 2406 1499 2446 quia
1523 2406 1740 2445 Evangelistae
1764 2407 1932 2437 auctoritas
1962 2406 2140 2437 indistincte
2169 2406 2261 2437 tradit
2283 2406 2372 2446 quod

1313 2459 1371 2490 pro
1395 2458 1496 2490 puero
1520 2450 1598 2480 haec
1622 2449 1786 2480 faciebant.
1810 2469 1833 2472 —
1856 2450 1943 2481 Tum
1966 2451 2042 2490 quia
2063 2451 2261 2491 Augustinus
2294 2451 2372 2481 tanti

1313 2492 1388 2523 facit
1405 2494 1483 2524 haec
1499 2494 1716 2533 Evangelistae
1730 2494 1825 2524 verba
1841 2500 1876 2524 ut
1892 2493 1975 2524 dicat
1991 2495 2139 2537 convinci
2154 2504 2191 2524 ex
2206 2494 2254 2524 his
2270 2495 2372 2524 verbis

1314 2537 1510 2567 oblationem
1533 2537 1600 2568 fieri
1624 2547 1682 2577 pro
1700 2537 1766 2568 filio
1789 2548 1845 2570 seu
1861 2537 1934 2568 filia.
1957 2557 1981 2560 —
2003 2538 2090 2568 Tum
2107 2538 2180 2578 quia
2198 2539 2260 2568 hoc
2277 2539 2372 2568 etiam

1314 2582 1408 2611 sentit
1431 2581 1545 2612 Glossa
1562 2581 1736 2618 ordinaria,
1754 2582 1872 2612 ibidem
1888 2583 1914 2617 ἦ
1931 2582 2011 2612 ultra
2034 2582 2120 2612 illam
2137 2591 2174 2612 ex
2190 2582 2371 2621 Augustino

1314 2625 1439 2656 allatam
1462 2627 1496 2655 ἰ
1528 2631 1559 2656 et
1582 2625 1646 2656 divi
1669 2626 1815 2656 Thomae
1838 2626 1960 2656 accedit
1986 2635 2053 2656 non
2076 2626 2293 2666 posthabenda
2316 2636 2372 2656 au-

1315 2670 1451 2700 ctoritas.

1369 2714 1431 2743 Pro
1449 2714 1556 2744 matris
1575 2719 1681 2744 autem
1705 2719 1837 2754 peccato
1862 2714 2057 2744 oblationem
2081 2713 2148 2744 fieri
2171 2714 2257 2744 nulla
2281 2713 2372 2744 tradit

1315 2758 1493 2797 Scripturae
1517 2757 1695 2793 auctoritas,
1721 2758 1844 2788 dicente
1861 2767 2004 2797 expresse
2021 2763 2107 2787 textu
2130 2757 2371 2787 mundationem

1313 2803 1420 2832 matris
1444 2811 1511 2831 esse
1531 2811 1728 2841 corpoream,
1746 2801 1823 2831 dum
1847 2802 1922 2832 dicit
1937 2803 1963 2837 ’ἢ
1979 2802 2023 2831 Et
2045 2801 2174 2842 rogabit
2182 2811 2246 2841 pro
2267 2811 2304 2831 ea
2319 2811 2371 2831 sa-

1314 2846 1443 2881 cerdos,
1468 2850 1499 2876 et
1519 2845 1566 2875 sic
1592 2845 1799 2876 mundabitur
1821 2855 1840 2875 a
1859 2846 2025 2885 profluvio
2049 2845 2220 2885 sanguinis
2241 2845 2308 2875 sui:
2341 2851 2372 2875 et

1313 2899 1381 2928 non
1404 2889 1490 2924 dixit,
1514 2899 1534 2919 a
1552 2894 1706 2929 peccato;
1727 2898 1786 2928 pro
1807 2898 1873 2928 quo
1896 2894 2003 2919 tamen
2027 2889 2130 2919 offerri
2153 2888 2290 2919 mandat.

1318 2931 1319 2934 ’
1369 2934 1407 2963 V.
1432 2933 1482 2963 Ad
1499 2933 1714 2963 obiectionem
1730 2938 1837 2962 autern
1853 2932 1942 2972 quod
1958 2933 2109 2973 originale
2125 2938 2292 2972 peccatum
2308 2933 2372 2964 iarn

1315 2978 1476 3017 expiatum
1500 2982 1565 3006 erat
1587 2986 1644 3016 per
1674 2977 1950 3006 circumcisionem
1973 2977 2005 3012 θ’,
2031 2976 2144 3006 dicitur
2167 2976 2272 3016 quod,
2297 2978 2372 3016 quia

1314 3026 1483 3061 peccatum
1505 3020 1656 3060 originale
1680 3020 1770 3060 plura
1792 3021 1824 3049 in
1841 3030 1874 3050 se
1896 3021 2047 3055 continet,
2072 3020 2190 3050 scilicet
2213 3021 2371 3051 maculam

1315 3073 1390 3095 cum
1413 3069 1500 3094 reatu
1524 3070 1668 3094 aeternae
1691 3073 1815 3103 poenae
1839 3063 1963 3099 damni,
1988 3069 2018 3094 et
2041 3063 2202 3100 fomitem
2233 3074 2300 3094 non
2322 3065 2371 3094 in-

1315 3108 1465 3138 convenit
1495 3117 1553 3147 pro
1577 3113 1709 3147 peccato
1738 3108 1882 3147 originali
1918 3108 2049 3138 remisso
2078 3107 2186 3147 quoad
2213 3108 2371 3138 maculam

1315 3161 1389 3182 cum
1420 3157 1508 3181 reatu
1539 3157 1682 3181 aeternae
1712 3160 1836 3191 poenae
1867 3151 1989 3187 damni,
2015 3151 2143 3188 offerre,
2167 3157 2202 3182 ut
2229 3152 2372 3192 expietur

1315 3195 1490 3235 aliqualiter
1510 3195 1617 3234 quoad
1641 3195 1796 3231 fomitem,
1813 3200 1849 3225 ut
1871 3195 1990 3226 scilicet
2013 3195 2118 3235 proles
2141 3196 2246 3226 minus
2270 3205 2371 3236 prona

1314 3240 1353 3269 sit
1376 3238 1415 3269 ad
1438 3239 1568 3269 malum.
1594 3239 1633 3268 Et
1656 3244 1743 3268 tanto
1760 3239 1859 3279 magis
1878 3239 1941 3269 hoc
1965 3245 2029 3269 erat
2051 3245 2128 3269 tunc
2148 3240 2370 3275 necessarium,

1315 3287 1435 3322 quanto
1452 3292 1508 3322 per
1521 3282 1797 3312 circumcisionem
1812 3283 1918 3313 minor
1928 3284 2026 3323 gratia
2038 3283 2258 3314 conferebatur
2274 3293 2371 3323 quarn

1314 3335 1401 3356 nunc
1424 3335 1480 3366 per
1502 3326 1708 3366 baptismum:
1740 3332 1776 3356 ut
1807 3327 1851 3357 sic
1881 3326 2065 3357 adiunctum
2096 3327 2159 3357 hoc
2182 3326 2371 3359 sacrificium

1315 3370 1558 3405 circumcisioni,
1575 3370 1776 3400 accederetur
1791 3370 1830 3401 ad
1845 3371 1976 3410 gratiam
1991 3371 2219 3411 baptismalem,
2235 3371 2285 3401 vel
2296 3381 2371 3411 pro-

1314 3415 1386 3454 pius
1410 3413 1450 3443 ad
1472 3414 1573 3450 illam,
1597 3424 1664 3444 non
1688 3424 1725 3444 ex
1749 3424 1846 3454 opere
1869 3415 1977 3455 aliquo
2001 3415 2230 3451 sacramentali,
2255 3415 2309 3445 sed
2333 3425 2370 3445 ex

1315 3457 1487 3488 devotione
1512 3464 1542 3488 et
1565 3457 1627 3488 fide
1650 3459 1747 3489 oblati
1771 3458 1932 3494 sacrificii,
1957 3459 2053 3489 Patre
2076 3459 2370 3489 misericordiarum

1315 3501 1475 3541 largiente.

2395 367 2403 377 “
2419 367 2472 388 Bed.
2483 366 2520 388 Ex
2536 373 2571 389 os.
2579 368 2604 389 in

2393 392 2445 414 Luc.
2461 393 2500 414 lib.
2528 409 2533 415 .

2395 421 2404 431 ·
2424 419 2479 441 Luc.
2505 426 2554 447 cap.
2579 426 2604 446 ιι,

2395 452 2453 467 vera.
2467 451 2488 473 7.
2546 457 2549 459 -

2394 520 2404 529 ⁴
2415 518 2450 540 cf.
2457 518 2508 540 Cat.
2517 518 2573 539 Aur.
2580 519 2604 540 in

2393 545 2445 566 Luc.
2456 550 2506 571 cap.
2517 550 2605 569 invers.

2394 571 2478 597 24,sub
2488 577 2550 592 nom.
2559 571 2605 598 Cy-

2395 598 2437 619 ιίΙΙ.
2454 601 2476 619 et
2490 597 2545 618 Bed.

2493 1158 2508 1180 η

2398 1201 2461 1222 'Bed.
2467 1200 2607 1227 Homilxv,

2396 1227 2420 1274 Ἅι
2427 1227 2498 1274 siano
2511 1227 2607 1254 Purific.

2494 1280 2506 1304 θ

2402 1315 2410 1325 “
2422 1314 2531 1335 Amanus.
2548 1314 2607 1335 Fra-

2395 1343 2483 1368 gment.
2502 1341 2525 1361 in
2540 1341 2594 1362 Luc.
2599 1357 2608 1367 ‚

2398 1373 2447 1394 cap.
2463 1373 2485 1394 n,
2497 1373 2555 1388 verS.
2571 1373 2606 1393 24.

2399 1671 2408 1682 ⁶
2426 1671 2460 1693 Cf.
2481 1671 2559 1692 Addit.
2575 1671 2607 1692 2¹¹¹

2398 1697 2507 1724 Burgens.
2529 1701 2609 1722 contra

2398 1724 2480 1751 Lyran.
2495 1724 2517 1744 in
2536 1723 2607 1745 Levit.

2398 1756 2484 1797 ἕψει-ε.
2501 1776 2521 1799 6.
2538 1776 2558 1797 8.

2399 1803 2459 1850 eigs.
2471 1802 2552 1830 Lyran.
2562 1802 2607 1823 loc.

2401 1934 2409 1943 ·
2424 1932 2490 1953 Vers.
2506 1938 2525 1959 7,
2541 1932 2562 1954 8.

2401 2020 2410 2029 ⁸
2424 2018 2494 2040 Num.
2506 2017 2609 2046 praeced.

2400 2588 2409 2598 ·
2420 2587 2492 2609 Levit.
2508 2593 2559 2615 cap.
2570 2593 2608 2609 ιιι.

2401 2633 2408 2641 ·
2424 2631 2492 2652 Num.
2504 2632 2608 2659 praeced.

2400 2807 2409 2817 ⁸
2424 2806 2489 2828 Vers.
2505 2812 2525 2834 7.

2401 2983 2410 2992 ⁸
2423 2981 2485 3003 Num
2509 2987 2533 3003 ιι,
