2872 3970
160 2571 170 2581 ⁸
185 2571 231 2598 Qu.
247 2577 282 2597 ιν,
298 2573 339 2591 art.
350 2575 369 2598 3.

164 2994 280 3018 ·11·11¹¹⁰,
292 2999 372 3021 qu.1v.

162 3025 203 3042 art.
220 3020 242 3042 6.

166 3359 176 3368 ⁸
190 3358 256 3379 vers.
272 3364 292 3385 9.

409 293 480 340 164

1105 292 1369 339 QUAESTIO
1400 293 1470 340 XI,
1500 293 1794 331 ARTICULUS
1821 295 1872 331 Vl

1078 406 1415 444 Commentario
1435 411 1689 444 cardinalis
1709 412 1911 446 Caietam

461 516 566 537 :rurus
595 506 696 536 clarus
720 511 775 536 est.
792 524 815 528 —
839 506 873 535 ln
898 514 1033 545 corpore
1057 505 1180 534 articuli
1203 505 1297 534 unica
1321 509 1368 534 est
1391 513 1469 534 con-

402 517 579 582 Tclusio:
610 550 750 580 Scientia
775 549 877 580 indita
904 550 1033 580 animae
1058 548 1179 578 Christi
1193 548 1268 589 fuit
1284 548 1468 579 habitualis.

399 596 564 626 Probatur.
590 594 708 625 Modus
732 594 882 625 scientiae
901 592 1020 623 inditae
1040 593 1164 623 animae
1182 592 1299 622 Christi
1315 592 1376 622 fuit
1392 602 1469 623 con—

399 641 530 670 veniens
561 639 705 669 subiecto
735 637 911 678 recipienti.
943 637 1029 676 Ergo
1061 637 1193 666 scientia
1222 636 1320 666 indita
1344 637 1468 666 animae

401 684 519 715 Christi
543 683 604 713 fuit
626 682 805 713 habitualis.

454 727 657 759 Antecedens
679 726 841 766 probatur.
873 725 957 764 Quia
981 730 1146 765 receptum
1170 729 1217 754 est
1239 725 1272 754 in
1296 725 1469 764 recipiente

399 782 456 812 per
478 771 614 803 modum
638 770 828 810 recipientis.

455 815 695 855 Consequentia
718 824 794 844 vero
818 814 980 853 probatur.
1004 813 1090 851 Quia
1113 812 1230 842 modus
1255 813 1469 843 connaturalis

399 861 523 891 animae
546 860 706 890 humanae
731 864 776 888 est
800 864 835 888 ut
854 858 985 897 recipiat
1001 858 1165 887 scientiam
1190 867 1246 897 per
1261 857 1397 887 modum
1414 857 1468 887 ha-

399 906 492 935 bitus.
516 923 539 926 —
562 904 718 934 Probatur
741 903 813 932 hoc.
840 901 956 932 Modus
973 902 1188 932 connaturalis
1212 902 1336 931 animae
1356 901 1469 931 huma-

398 959 457 979 nae
482 954 528 979 est
544 954 579 978 ut
603 946 799 987 quandoque
821 947 859 976 sit
875 946 1054 985 intelligens
1070 946 1102 975 in
1119 951 1202 981 actu,
1217 951 1247 975 et
1271 945 1468 986 quandoque

398 995 430 1023 in
446 993 599 1033 potentia.
621 992 706 1031 Ergo
723 990 840 1021 modus
857 990 1071 1020 connaturalis
1089 989 1232 1020 eiusdem
1249 995 1295 1020 est
1311 994 1347 1020 ut
1367 999 1468 1030 quan-

398 1038 506 1077 doque
531 1038 569 1066 sit
592 1037 625 1066 in
648 1036 774 1065 habitu:
801 1035 876 1074 quia
899 1033 1043 1064 medium
1062 1034 1144 1064 inter
1159 1043 1273 1073 puram
1290 1034 1468 1074 potentiam

398 1088 428 1112 et
452 1087 559 1112 actum
583 1080 783 1120 completum
806 1084 853 1109 est
875 1079 1019 1114 habitus;
1044 1083 1075 1108 et
1093 1078 1238 1108 medium
1254 1083 1301 1108 est
1324 1077 1468 1109 eiusdem

397 1126 520 1165 generis
545 1134 619 1155 cum
644 1124 807 1160 extremis;
832 1123 895 1153 hoc
912 1128 968 1158 est,
993 1123 1018 1152 si
1043 1128 1182 1152 extrema
1205 1128 1279 1153 sunt
1302 1123 1467 1159 naturalia,

397 1170 541 1201 medium
565 1175 612 1200 est
634 1168 790 1204 naturale‚·
812 1173 843 1197 et
866 1167 891 1197 si
908 1172 1047 1197 extrema
1063 1172 1137 1197 sunt
1153 1167 1380 1203 connaturalia,
1401 1176 1468 1197 me-

398 1215 487 1246 dium
511 1220 558 1244 est
581 1212 798 1244 connaturale.
834 1212 907 1241 Hoc
939 1211 1025 1241 enirn
1056 1210 1096 1241 ad
1123 1210 1321 1242 identitatem
1344 1212 1468 1250 generis

397 1263 535 1299 spectat:
561 1257 636 1299 quia
659 1266 758 1297 penes
782 1256 937 1286 unitatem
961 1254 1094 1286 subiecti
1114 1255 1297 1286 communis
1321 1256 1468 1286 extremis

398 1309 429 1334 et
451 1302 571 1338 medio,
596 1300 767 1332 attenditur
790 1309 907 1341 genus:
933 1304 964 1329 et
987 1299 1069 1330 sicut
1085 1305 1132 1329 est
1147 1299 1298 1330 naturalis
1313 1299 1364 1329 via
1386 1299 1469 1330 inter

398 1354 537 1378 extrema
560 1356 617 1387 per
639 1345 793 1379 medium,
818 1345 861 1374 ita
884 1349 1012 1384 oportet
1035 1353 1102 1374 esse
1127 1343 1368 1374 connaturalem
1384 1344 1467 1374 viam

397 1402 454 1433 per
477 1391 621 1422 medium
644 1391 678 1420 in
701 1389 757 1419 illo
782 1389 834 1419 cui
857 1394 1033 1428 utrumque
1057 1394 1235 1418 extremum
1259 1393 1307 1418 est
1329 1388 1468 1418 vicissim

397 1435 614 1467 connaturale.
639 1434 805 1473 Alioquin,
822 1432 970 1462 transitus
986 1431 1026 1462 de
1042 1432 1242 1462 connaturali
1265 1438 1408 1462 extremo
1429 1432 1469 1463 ad

397 1478 483 1511 aliud
513 1477 720 1509 connaturale
749 1483 926 1507 extremum
956 1485 1024 1506 non
1053 1482 1134 1506 esset
1157 1475 1390 1512 connaturalis;
1415 1482 1470 1506 aut

397 1526 464 1556 sine
488 1523 613 1559 medio,
639 1522 786 1552 extremis
816 1530 884 1551 non
911 1520 1102 1550 habentibus
1132 1519 1285 1550 medium.
1317 1520 1468 1558 Quorum

397 1575 571 1608 utrumque
595 1577 612 1597 a
635 1572 766 1597 naturae
790 1562 902 1595 ordine
926 1563 1091 1594 exorbitat.

453 1613 489 1643 11.
515 1613 548 1642 In
573 1610 783 1651 responsione
807 1609 847 1639 ad
870 1609 1025 1649 primum,
1051 1607 1178 1638 adverte
1202 1607 1292 1648 quod
1315 1607 1389 1638 ideo
1414 1617 1469 1639 co-

396 1658 498 1698 gnitio
523 1657 647 1687 animae
667 1654 785 1685 Christi
809 1663 873 1694 qua
888 1653 974 1684 videt
989 1653 1143 1688 Verbum,
1168 1652 1283 1683 dicitur
1306 1652 1468 1692 perfectis-

397 1704 477 1733 sima
507 1700 708 1740 simpliciter,
734 1699 825 1738 quia,
855 1703 920 1727 tam
944 1697 1090 1736 negative
1115 1706 1213 1736 quam
1236 1697 1389 1737 positive,
1422 1703 1469 1727 est

397 1746 625 1787 perfectissima
648 1744 729 1774 inter
753 1751 866 1772 omnes
885 1747 1003 1772 creatas
1021 1741 1231 1781 cognitiones.
1256 1741 1311 1771 Est
1327 1751 1468 1782 namque

397 1792 441 1821 ita
456 1789 597 1831 perfecta
613 1787 702 1828 quod
718 1786 806 1817 nulla
822 1791 869 1816 est
884 1785 1055 1826 perfectior
1070 1786 1155 1825 ipsa:
1181 1790 1212 1815 et
1230 1785 1298 1825 ipsa
1315 1790 1362 1815 est
1378 1786 1467 1816 omni

398 1835 458 1865 alia
481 1832 668 1874 perfectior,
701 1830 776 1871 quia
799 1838 866 1860 non
890 1829 985 1860 habet
1008 1838 1127 1869 parem.
1151 1847 1174 1851 -
1197 1829 1335 1859 Scientia
1359 1835 1466 1860 autem

398 1879 497 1919 ipsius
520 1876 624 1908 infusa
655 1875 770 1906 dicitur
799 1874 1044 1914 perfectissima,
1076 1883 1144 1903 non
1167 1873 1363 1913 simpliciter,
1391 1875 1466 1913 quia

1525 510 1640 535 neutro
1664 505 1764 536 modo
1789 511 1836 543 ‚est
1858 507 2102 547 perfectissima:
2127 508 2183 539 sed
2201 509 2234 539 in
2255 518 2381 549 genere,
2397 510 2461 541 hoc
2483 515 2540 546 est,
2556 511 2591 542 in

1523 558 1640 588 genere
1663 550 1856 590 cognitionis
1878 559 1985 582 rerum
2008 552 2041 582 in
2064 553 2195 592 proprio
2211 561 2338 593 genere.
2363 553 2398 584 ln
2413 554 2478 585 hoc
2491 554 2590 596 siqui-

1525 591 1598 623 dem
1613 601 1730 633 genere
1746 599 1793 624 est
1808 594 2036 635 perfectissima
2052 602 2083 626 et
2097 597 2253 636 negative,
2266 598 2342 637 quia
2357 598 2445 628 nulla
2460 599 2591 630 scientia

1524 637 1557 666 in
1581 638 1713 677 proprio
1737 646 1853 678 genere
1881 639 2041 670 invenitur
2070 639 2241 680 perfectior
2262 641 2317 672 illa
2344 650 2427 682 quae
2449 642 2522 673 data
2545 649 2592 674 est

1525 681 1650 711 animae
1674 681 1807 712 Christi:
1834 688 1866 713 et
1887 684 2034 723 positive,
2058 684 2134 724 quia
2157 685 2225 725 ipsa
2248 691 2295 716 est
2318 685 2490 726 perfectior
2512 694 2591 727 qua—

1523 724 1600 755 libet
1623 725 1683 756 alia
1698 726 1829 756 scientia
1851 727 1885 757 in
1900 728 2031 767 proprio
2051 737 2168 768 genere
2190 729 2319 760 inventa
2341 735 2407 760 tam
2429 730 2464 761 in
2486 731 2591 762 homi—

1523 769 1618 799 nibus
1642 778 1740 809 quam
1763 770 1796 800 in
1820 770 1950 810 angelis.

1580 813 1630 844 111.
1657 814 1691 844 ln
1714 815 1926 854 responsione
1953 815 1993 846 ad
2015 816 2211 854 secundum,
2241 823 2318 848 nota
2348 819 2454 858 prim0
2483 818 2590 859 quod,

1525 867 1600 887 cum
1621 857 1840 898 multipliciter
1857 859 2015 898 potuisset
2029 866 2219 900 argumento
2235 862 2378 893 secundo
2394 862 2552 894 satisfieri:
2568 881 2592 886 —

1523 907 1602 942 puta
1618 911 1656 932 ex
1671 907 1760 942 parte
1777 902 1876 942 ipsius
1891 903 2028 939 habitus,
2046 903 2183 935 dicendo
2200 905 2300 945 quod,
2316 905 2390 937 licet
2408 916 2476 937 non
2491 908 2592 947 possit

1523 945 1578 976 tali
1601 946 1712 982 modo,
1737 947 1799 976 hoc
1824 952 1870 976 est
1892 947 2092 978 numerando
2116 958 2219 979 unum
2242 956 2316 990 post
2339 950 2434 986 aliud,
2459 951 2542 982 exire
2557 952 2591 982 in

1524 994 1631 1021 actum
1648 990 1842 1031 cognitionis
1857 990 2057 1022 infinitorum
2070 1001 2153 1032 quae
2164 993 2363 1024 habitualiter
2374 995 2474 1031 novit,
2486 1001 2592 1035 potest

1523 1039 1631 1064 tamen
1655 1035 1739 1065 exire
1769 1035 1803 1065 in
1827 1040 1934 1065 actum
1965 1037 2158 1076 cognitionis
2181 1037 2359 1068 eorundem
2386 1038 2449 1069 alio
2473 1039 2590 1076 modo,

1523 1078 1643 1109 scilicet
1669 1078 1765 1109 simul
1796 1078 2024 1119 cognoscendo
2055 1085 2128 1111 actu
2159 1089 2385 1122 quaecumque
2413 1092 2471 1123 per
2493 1093 2592 1114 unam

1523 1123 1665 1163 speciem
1688 1128 1980 1163 repraesentantur,
2008 1124 2051 1154 ita
2074 1124 2164 1164 quod
2187 1126 2329 1166 cognitio
2354 1126 2393 1157 sit
2415 1128 2592 1158 successiva

1524 1167 1632 1207 quoad
1655 1176 1827 1198 numerum
1851 1168 2031 1208 specierum
2054 1168 2317 1209 intelligibilium,
2349 1179 2432 1211 quae
2458 1176 2534 1202 sunt
2554 1171 2592 1202 fi-

1523 1212 1618 1248 nitae,
1643 1217 1674 1242 et
1696 1221 1764 1242 non
1788 1211 1897 1251 quoad
1918 1221 2091 1244 numerum
2114 1222 2172 1254 per
2186 1213 2254 1244 illas
2270 1215 2485 1255 cognitorum,
2509 1224 2592 1256 quae

1523 1260 1598 1286 sunt
1620 1254 1760 1286 infinita:
1785 1265 1845 1286 nec
1869 1255 1965 1296 exigit
1986 1257 2155 1288 habitualis
2174 1258 2316 1299 cognitio
2333 1257 2534 1291 infinitorum
2554 1265 2593 1292 ut

1523 1300 1626 1340 possit
1648 1300 1732 1330 exire
1755 1299 1789 1330 in
1813 1305 1920 1330 actum
1942 1299 1997 1331 tali
2019 1300 2138 1338 modo,
2169 1301 2290 1333 scilicet
2311 1303 2513 1335 numerando
2535 1307 2592 1336 σο-

1523 1345 1610 1384 gnita
1633 1353 1736 1375 unum
1760 1350 1834 1384 post
1857 1343 1958 1381 aliud,
1984 1346 2139 1385 quoniam
2162 1354 2230 1377 non
2253 1347 2297 1378 sic
2321 1352 2368 1378 est
2379 1346 2424 1379 'in
2446 1349 2592 1388 potentia

1523 1388 1564 1420 ad
1575 1394 1683 1419 actum
1699 1388 2004 1425 consummandum,
2015 1389 2072 1420 sed
2087 1390 2127 1421 ad
2138 1395 2227 1421 actus
2238 1391 2556 1424 inconsummabiles:
2567 1408 2592 1416 —

1523 1433 1637 1464 maluit
1659 1438 1767 1463 tamen
1790 1433 1915 1463 Auctor
1944 1433 2005 1464 alia
2027 1434 2078 1464 via
2101 1434 2241 1471 solvere,
2265 1435 2329 1466 hoc
2353 1441 2416 1472 est,
2441 1446 2480 1467 ex
2502 1442 2591 1478 parte

1523 1477 1707 1514 voluntatis,
1732 1486 1815 1517 quae
1839 1482 1886 1507 est
1908 1477 2071 1508 reductiva
2093 1478 2218 1509 habitus
2240 1479 2279 1510 de
2295 1480 2363 1511 otio
2382 1481 2416 1511 in
2432 1481 2592 1521 operatio-

1522 1530 1617 1556 nem;
1642 1526 1673 1551 et
1689 1520 1805 1551 docere
1821 1520 1921 1561 quod,
1938 1521 2013 1562 quia
2028 1522 2176 1553 voluntas
2191 1523 2432 1555 indeterminate
2448 1534 2482 1556 se
2497 1524 2593 1556 habet

1523 1565 1563 1595 ad
1581 1564 1715 1601 infinita,
1733 1564 1772 1595 ad
1787 1565 1851 1595 hoc
1863 1564 1999 1596 deservit
2013 1565 2152 1597 infinitas
2163 1567 2364 1598 habitualiter
2375 1570 2591 1609 cognitorum,

1522 1615 1558 1639 ut
1581 1609 1730 1639 voluntas
1761 1608 1800 1639 ad
1824 1608 2056 1650 quodcumque
2079 1609 2279 1642 infinitorum
2309 1612 2457 1643 maluerit
2481 1611 2592 1645 habitu

1522 1659 1645 1690 utatur3
1671 1652 1761 1693 quod
1783 1662 1852 1684 non
1875 1659 1957 1684 esset
1979 1654 2014 1684 in
2037 1660 2194 1694 potestate
2217 1664 2275 1686 sua
2297 1657 2324 1686 si
2346 1657 2515 1688 habitualis
2537 1667 2592 1689 co-

1522 1698 1623 1738 gnitio
1648 1697 1688 1727 ad
1710 1696 1834 1728 infinita
1857 1706 1890 1727 se
1913 1706 1982 1728 non
2005 1698 2198 1730 extenderet.
2223 1699 2300 1737 Quo
2323 1699 2360 1731 fit
2382 1706 2419 1732 ut
2440 1710 2509 1732 non
2526 1700 2592 1735 fru—

1521 1748 1583 1772 stra
1606 1742 1646 1772 sit
1668 1740 1807 1772 infinitas
1831 1742 2036 1782 cognitorum
2058 1743 2268 1780 habitualiter‚
2296 1744 2370 1776 licet
2391 1755 2459 1776 non
2482 1747 2593 1778 omnia

1522 1785 1686 1816 actualiter
1712 1785 1745 1815 in
1769 1795 1865 1816 usum
1889 1787 2082 1826 cognitionis
2105 1787 2251 1818 veniant:
2285 1787 2360 1829 quia
2390 1787 2430 1820 ad
2455 1790 2520 1821 hoc
2545 1796 2594 1822 est

1521 1830 1699 1860 necessaria
1729 1835 1765 1860 ut
1799 1829 1839 1860 ad
1871 1829 2103 1871 quodcumque
2132 1832 2281 1863 maluerit
2311 1833 2462 1874 applicari
2491 1833 2594 1875 possit

1521 1874 1658 1910 habitus,
1682 1883 1742 1914 pro
1766 1874 1851 1910 loco,
1876 1879 2036 1915 tempore,
2060 1876 2209 1916 negotio,
2234 1875 2316 1914 fine,
2341 1883 2373 1908 et
2394 1876 2591 1910 huiusmodi.

1215 2023 1536 2078 Aancmus
1566 2034 1776 2078 SEXTUS

443 2134 599 2166 UTRUM
624 2132 826 2164 SCIENTIA
850 2131 1001 2162 INDITA
1024 2130 1193 2161 ANIMAE
1217 2129 1392 2160 CHRISTI
1417 2130 1577 2161 FUERIT
1602 2130 1838 2161 DISTINCTA
1860 2130 2099 2161 SECUNDUM
2124 2130 2334 2163 DIVERSOS
2356 2131 2548 2164 HABiTUS

1240 2209 1271 2234 111
1292 2209 1375 2238 Sent„
1396 2210 1454 2235 dist.
1474 2217 1524 2240 xiv,
1545 2215 1591 2235 art.
1613 2210 1636 2239 3.
1655 2210 1706 2243 qu·
1724 2218 1750 2242 4.

610 2310 632 2334 D
661 2308 803 2334 saxrum
832 2308 884 2333 s1c
909 2307 1148 2333 moeson-ua.
1179 2294 1341 2332 Videtur
1359 2295 1467 2343 quod

536 2381 764 2441 Ὶ”“Ῐιειὶ)ἱῖιιε
784 2401 975 2439 scientiae.
1006 2402 1166 2449 Quanto
1186 2400 1291 2438 enim
1311 2400 1468 2438 scientia

471 2419 529 2445 ‘w
558 2410 579 2446 r

454 2424 666 2494 ffi'ffiylsest
693 2456 913 2506 perfectior,
944 2462 1050 2492 tanto
1089 2463 1144 2491 est
1182 2453 1302 2502 magis
1340 2454 1464 2491 unita:

398 2511 503 2548 unde
533 2518 568 2546 et
588 2510 710 2558 angeli
739 2509 956 2558 superiores
975 2520 1045 2557 per
1072 2508 1215 2544 formas
1234 2507 1355 2555 magis
1383 2507 1467 2544 uni-

398 2565 565 2601 versales
585 2570 834 2611 cognoscunt,
855 2569 897 2598 ut
925 2562 964 2598 in
994 2561 1124 2598 Prima
1143 2562 1254 2597 Parte
1273 2560 1294 2582 '¹‘
1321 2560 1467 2597 dictum

399 2625 464 2655 est.
497 2616 574 2654 Sed
601 2615 757 2653 scientia
786 2614 926 2652 Christi
954 2614 1023 2651 fuit
1050 2613 1334 2663 perfectissima.
1365 2614 1466 2661 Ergo

398 2671 467 2708 fuit
505 2662 673 2707 maxime
701 2681 792 2706 una.
832 2669 925 2704 Non
964 2679 1053 2715 ergo
1081 2667 1151 2704 fuit
1188 2666 1362 2703 distincta
1398 2678 1468 2716 per

399 2725 529 2773 plures
557 2722 722 2760 habitus.

454 2788 488 2813 2.
519 2778 752 2821 Pam-raam,
773 2775 870 2812 fides
899 2782 1027 2811 nostra
1057 2773 1252 2810 derivatur
1270 2785 1291 2809 a
1312 2772 1467 2810 scientia

401 2829 558 2867 Christi:
588 2829 694 2866 unde
715 2828 851 2866 dicitur
869 2829 968 2865 Heh.
985 2826 1077 2864 xn*:
1099 2828 1325 2876 Aspicientes
1343 2827 1380 2862 in
1401 2838 1466 2863 au-

399 2890 538 2920 ctorem
555 2883 655 2932 fidei
678 2888 711 2919 et
730 2887 1080 2927 consummatorem,
1100 2882 1236 2917 Iesum.
1268 2879 1345 2916 Sed
1364 2890 1467 2916 unus

401 2944 455 2974 est
483 2936 636 2973 habitus
664 2935 755 2973 fidei
783 2935 831 2972 de
861 2933 1044 2971 omnibus
1072 2933 1327 2979 credibilibus,
1357 2939 1399 2969 ut
1427 2932 1466 2969 in

402 2990 580 3027 Secunda
609 2990 719 3026 Parte
738 2989 758 3010 ’¹‘
786 2988 932 3025 dictum
961 2995 1027 3024 est.
1062 2988 1164 3035 Ergo
1194 2988 1317 3024 multo
1346 2985 1466 3033 magis

401 3043 439 3080 in
470 3043 622 3079 Christo
651 3053 731 3079 non
759 3041 828 3078 fuit
856 3040 927 3078 nisi
956 3052 1058 3078 unus
1087 3039 1240 3078 habitus
1275 3038 1464 3076 scientiae.

457 3096 490 3132 3.
512 3097 744 3141 PRAETEREA,
756 3094 932 3131 scientiae
952 3094 1237 3142 distinguuntur
1250 3092 1466 3130 secundum

402 3148 571 3186 diversas
607 3147 772 3185 rationes
810 3147 1010 3184 scibilium.
1051 3147 1127 3184 Sed
1160 3146 1289 3184 anima
1328 3145 1467 3183 Christi

403 3201 535 3239 omnia
563 3201 671 3238 scivit
699 3200 915 3237 secundum
941 3211 1062 3237 unam
1092 3200 1298 3237 rationem:
1328 3198 1468 3236 scilicet

403 3254 620 3291 secundum
662 3255 794 3290 lumen
837 3253 1019 3291 divinitus
1057 3253 1239 3290 infusum.
1288 3253 1390 3300 Ergo
1428 3249 1467 3288 in

405 3306 556 3344 Christo
585 3306 653 3343 fuit
680 3313 829 3344 tantum
858 3318 960 3343 unus
989 3306 1141 3343 habitus
1170 3304 1358 3343 scientiae.

458 3361 531 3397 SED
561 3371 703 3397 CONTRA
734 3372 798 3396 EST
826 3359 933 3408 quod
962 3360 1078 3396 Zach.
1100 3371 1132 3396 111
1151 3359 1171 3381 ’¹‘
1200 3358 1336 3396 dicitur
1359 3359 1466 3408 quod

403 3425 514 3461 super·
532 3412 690 3461 lapidem
711 3425 826 3449 unum
842 3418 869 3459 ²,
891 3411 986 3448 idest
1006 3411 1213 3457 Christum,
1229 3417 1313 3448 sunt
1329 3417 1465 3462 septem

406 3466 512 3502 oculi.
534 3467 606 3502 Per
625 3466 783 3502 oculum
799 3473 929 3502 autem
949 3462 1103 3501 seientia
1119 3463 1343 3512 intelligitur.
1365 3465 1466 3512 Ergo

460 3597 487 3630 α)
508 3605 596 3622 unum.
615 3612 632 3615 -
652 3597 762 3626 ΡΕΟΙα;
782 3597 878 3622 vivum.

516 2335 581 2394 ”·ἷῆ
610 2351 649 2387 in
678 2349 808 2387 anima
837 2348 977 2386 Christi
1006 2360 1087 2386 non
1116 2347 1229 2385 fuerit
1263 2347 1336 2384 nisi
1364 2358 1468 2384 unus
1521 2347 1714 2386 scientiae.

1575 2403 1802 2439 RESPONDEO
1830 2413 2012 2439 mesanum
2041 2402 2160 2450 quod,
2185 2400 2282 2438 sicut
2309 2402 2455 2440 dictum
2482 2410 2539 2441 est
2554 2404 2587 2452 ·,
2615 2407 2626 2417 ”

1521 2294 1675 2332 videtur
1704 2295 1812 2344 quod
1841 2295 1880 2332 in
1910 2294 2064 2332 Christo
2091 2295 2247 2333 fuerunt
2277 2295 2408 2346 plures
2436 2297 2591 2349 habitus

1522 2453 1679 2491 scientia
1698 2454 1816 2492 indita
1836 2454 1988 2492 animae
2005 2454 2145 2491 Christi
2164 2454 2299 2491 habuit
2317 2456 2483 2493 modum
2496 2465 2589 2494 con-

1521 2509 1738 2545 naturalem
1766 2507 1919 2545 animae
1947 2507 2154 2544 humanae.
2191 2508 2259 2544 Est
2287 2515 2417 2546 autern
2445 2520 2588 2548 conna-

1521 2563 1642 2598 turale
1679 2561 1832 2598 animae
1869 2561 2064 2598 humanae
2101 2568 2143 2597 ut
2180 2560 2336 2610 recipiat
2371 2562 2518 2611 species
2548 2562 2589 2601 in

1522 2613 1664 2651 minori
1701 2613 1983 2650 universalitate
2019 2616 2141 2662 quam'
2177 2614 2322 2662 angeli:
2362 2614 2412 2652 ita
2447 2614 2590 2654 scilicet

1521 2667 1630 2716 quod
1656 2666 1827 2704 diversas
1855 2673 2010 2704 naturas
2029 2666 2228 2716 specificas
2246 2679 2316 2716 per
2335 2667 2506 2706 diversas
2532 2668 2588 2706 in-

1521 2719 1730 2768 telligibiles
1749 2719 1895 2768 species
1923 2728 2138 2768 cognoscat.
2169 2721 2227 2757 Ex
2246 2721 2323 2758 hoc
2342 2727 2472 2758 autem
2495 2730 2588 2760 con—

1520 2772 1628 2821 tingit
1656 2773 1764 2821 quod
1792 2772 1831 2809 in
1860 2772 1973 2809 nobis
2001 2781 2090 2810 sunt
2118 2772 2259 2810 diversi
2286 2773 2440 2812 habitus
2467 2773 2588 2813 scien-

1521 2825 1673 2872 tiarum,
1702 2825 1794 2874 quia
1822 2833 1910 2862 sunt
1938 2825 2089 2863 diversa
2118 2826 2310 2864 scibilium
2336 2838 2493 2876 genera:
2529 2826 2587 2866 in-

1521 2886 1712 2928 quantum
1742 2878 1882 2915 scilicet
1916 2890 1961 2916 ea
1989 2890 2090 2928 quae
2119 2880 2358 2917 reducuntur
2393 2880 2433 2918 in
2459 2888 2586 2919 unum

1520 2943 1662 2980 genus,
1701 2932 1842 2969 eodem
1879 2931 2014 2969 habitu
2047 2932 2235 2970 scientiae
2276 2939 2584 2982 cognoscuntur3

1521 2985 1617 3022 sicut
1645 2984 1782 3022 dicitur
1810 2984 1848 3021 in
1876 2986 1890 3021 Ι
1915 2986 2055 3022 Poster.
2076 2985 2096 3007 ’¹‘
2123 2986 2232 3035 quod
2260 2996 2336 3023 una
2361 2987 2513 3024 scientia
2535 2992 2588 3024 est

1521 3050 1616 3088 quae
1643 3043 1694 3075 est
1720 3040 1829 3075 unius
1855 3039 2005 3088 generis
2037 3040 2197 3076 subiecti.
2241 3039 2290 3076 Et
2315 3037 2404 3076 ideo
2431 3038 2585 3077 scientia

1520 3091 1638 3129 indita
1666 3091 1817 3129 animae
1838 3091 1978 3129 Christi
1996 3091 2065 3129 fuit
2090 3091 2263 3129 distincta
2286 3091 2502 3130 secundum
2528 3091 2584 3129 di-

1520 3155 1654 3182 versos
1682 3145 1836 3182 habitus
1854 3144 1885 3181 ⁸¹⁸.

1575 3199 1633 3235 An
1661 3209 1797 3236 Palmum
1826 3209 1924 3235 saco
1952 3209 2133 3236 oretanum
2162 3197 2280 3247 quod,
2307 3196 2403 3234 sicut
2429 3207 2547 3246 supra
2564 3197 2585 3220 ⁸²
2613 3202 2622 3212 “

1522 3251 1668 3289 dictum
1696 3259 1763 3298 est,
1793 3249 1949 3288 scientia
1977 3250 2129 3288 animae
2155 3249 2293 3287 Christi
2321 3256 2376 3286 est
2394 3250 2583 3299 perfectis-

1523 3305 1636 3351 sima,
1667 3312 1703 3341 et
1731 3304 1920 3341 excedens
1954 3303 2150 3341 scientiam
2187 3302 2432 3352 angelorum,
2461 3313 2583 3352 quan-

1522 3366 1606 3395 tum
1635 3358 1683 3395 ad
1704 3356 1742 3394 id
1762 3355 2157 3406 quodconsideratur
2177 3354 2216 3392 in
2240 3367 2286 3392 ea
2309 3367 2354 3392 ex
2382 3363 2487 3404 parte
2511 3356 2583 3393 Dei

1523 3410 1736 3448 influentis:
1774 3418 1830 3447 est
1856 3417 1985 3447 tamen
2014 3407 2108 3446 infra
2141 3406 2337 3445 scientiam
2373 3408 2582 3456 angelicam

1522 3470 1712 3513 quantum
1733 3462 1781 3500 ad
1801 3461 1966 3499 modum
1985 3459 2208 3510 recipientis.
2230 3461 2278 3498 Et
2295 3459 2344 3497 ad
2359 3460 2583 3500 huiusmodi

2610 3149 2620 3159 ⁸
2634 3148 2662 3171 D.
2682 3150 2744 3172 1210.
