2872 3970
0 3443 3 3483 ὲ
54 3442 55 3446 ,

0 3484 14 3576 ἔ

0 3577 13 3604 i

12 3679 45 3793 ,Ἣρἶὴ
29 3670 37 3675 ;

30 3857 41 3869 *1
22 3837 30 3846 '¹'
25 3792 41 3830 *τιὴ

945 265 1205 311 QUAESTIO
1234 266 1331 313 VIII,
1361 265 1652 303 ARTICULUS
1680 267 1715 302 V
2336 265 2406 302 133

244 345 283 381 in
304 344 453 381 Christo
473 344 701 392 distinguere
721 343 914 391 duplicem
933 341 1101 390 gratiam,
1131 354 1297 390 quarum

1404 344 1460 379 An
1487 354 1644 380 TERTIUM
1672 355 1851 379 mensuum
1879 343 1985 391 quod
2008 343 2124 391 gratia
2143 343 2350 392 personalis
2369 351 2407 380 et

243 409 321 434 una
348 396 576 445 respondeat
603 403 771 438 naturae,
801 394 872 431 alia
898 406 1101 443 personae,
1136 394 1231 430 sicut
1258 394 1297 430 in
1350 394 1466 442 gratia
1484 394 1614 443 capitis
1634 395 1858 431 ordinantur
1877 395 1925 431 ad
1944 395 2110 444 aliquem
2125 403 2268 432 actum:
2289 395 2406 443 gratia

242 449 369 486 Adam
390 448 630 496 distinguitur
646 454 848 496 peccatum
867 454 1024 483 naturae
1044 453 1079 482 et
1097 458 1295 494 personae.

295 502 352 538 An
379 512 567 538 SECUNDUM
586 511 765 536 monimum
785 498 891 547 quod
910 497 1049 534 diversi
1068 505 1173 535 actus
1201 510 1296 546 quo-

243 565 331 589 rum
358 565 460 590 unus
488 559 543 588 est
570 551 664 588 ratio
693 558 729 587 et
747 563 862 587 causa
881 550 1043 596 alterius,
1072 562 1152 586 non
1174 549 1297 586 diver-

242 604 390 642 sificant
417 604 591 641 habitum
609 603 640 639 *.
679 604 796 640 Actus
823 609 954 639 autem
980 602 1189 650 personalis
1216 614 1297 649 gra-

242 657 326 704 tiae,
354 656 422 705 qui
441 664 495 694 est
522 663 696 693 sanctum
714 655 836 692 facere
855 654 1062 691 formaliter
1079 654 1296 700 habentem,

243 715 298 745 est
324 708 419 746 ratio
454 706 729 745 iustificationis
762 707 943 753 aliorum,
977 718 1077 755 quae
1105 706 1268 754 pertinet
1285 711 1298 727 ⁸

241 761 291 798 ad
314 760 475 809 gratiam
501 759 644 809 capitis.
674 759 722 796 Et
749 759 837 796 inde
857 766 912 796 est
939 759 1045 807 quod
1073 770 1143 807 per
1169 758 1298 794 huius-

242 812 349 850 modi
375 813 629 850 differentiam
656 823 736 849 non
759 810 1035 848 diversificatur
1053 810 1214 847 essentia
1232 811 1298 847 ha-

241 865 352 902 bitus.

293 1004 315 1038 ε)
330 1006 457 1038 pertinet.
474 1020 493 1024 —
511 1006 544 1037 1²3
559 1005 705 1037 pertinent.

1351 454 1480 483 autem
1508 446 1661 483 unionis
1689 459 1769 483 non
1797 446 1993 483 ordinatur
2020 447 2067 483 ad
2096 455 2233 494 actum,
2263 449 2328 484 sed
2357 448 2405 484 ad

1352 509 1432 534 esse
1461 500 1671 546 personale.
1702 499 1750 535 Et
1768 498 1855 535 ideo
1874 499 1990 546 gratia
2009 500 2216 547 personalis
2236 507 2271 536 et
2289 500 2406 547 gratia

1351 550 1482 598 capitis
1509 550 1744 587 conveniunt
1772 551 1810 587 in
1839 551 1998 587 essentia
2026 551 2193 587 habitus:
2233 563 2311 587 non
2339 564 2405 588 au-

1351 609 1430 638 tem
1457 602 1573 650 gratia
1600 603 1764 639 unionis.
1794 625 1827 651 -,
1848 603 2037 649 Quamvis
2065 603 2179 650 gratia
2199 603 2406 651 personalis

1352 654 1472 702 possit
1498 655 1790 703 quodammodo
1819 654 1892 691 dici
1920 655 2036 702 gratia
2062 655 2215 692 unionis
2235 655 2264 702 ζ,
2293 664 2407 703 prout

1352 706 1437 742 facit
1463 707 1738 754 congruitatem
1767 707 1963 756 quandam
1981 708 2030 743 ad
2050 707 2245 744 unionem.
2276 708 2323 743 Et
2351 720 2406 744 se-

1353 758 1525 795 cundum
1545 760 1630 806 hoc,
1649 771 1727 796 una
1745 771 1814 808 per
1827 759 2026 796 essentiam
2048 767 2103 796 est
2120 759 2236 807 gratia
2254 759 2407 796 unionis

1353 818 1389 847 et
1416 811 1532 858 gratia
1554 811 1684 860 capitis
1711 819 1747 847 et
1774 811 1890 859 gratia
1909 811 2104 859 singularis
2123 823 2319 861 personae,
2340 812 2407 849 sed

1353 862 1534 899 differens
1562 865 1642 900 sola
1670 863 1825 900 ratione.

1403 1002 1429 1035 ζ)
1451 1002 1578 1032 Quamvis
1596 1004 1713 1036 gratia...
1733 1005 1845 1030 unionis.
1864 1019 1882 1023 -
1900 1005 1920 1029 F
1940 1010 1965 1029 et
1983 1005 2068 1035 tertia3
2088 1012 2141 1029 om.

911 1094 1245 1128 Commentario.
1265 1093 1517 1126 Oardjnalis
1539 1095 1738 1128 Caietani

301 1194 408 1216 rrums
439 1184 540 1215 clarus
563 1189 627 1214 est:
657 1183 697 1214 de
723 1183 885 1213 identitate
909 1183 994 1212 enim
1024 1182 1100 1212 reali
1126 1180 1297 1221 quaeritur.

244 1196 298 1258 T
345 1229 382 1259 ln
412 1237 546 1268 corpore
569 1227 691 1258 articuli
713 1228 808 1257 unica
834 1232 881 1257 est
910 1226 1091 1261 conclusio,
1115 1225 1299 1264 responsiva

242 1273 386 1313 quaesito
410 1271 607 1302 affirmative:
634 1271 749 1302 Gratia
767 1270 951 1310 personalis
973 1279 1036 1310 qua
1052 1269 1161 1299 anima
1180 1267 1300 1298 Christi

242 1315 413 1357 iustificata
436 1320 498 1351 est,
529 1320 560 1345 et
579 1314 691 1356 gratia
714 1314 782 1345 eius
811 1313 985 1344 secundum
1008 1322 1103 1353 quam
1133 1317 1180 1342 est
1205 1316 1302 1351 caput

240 1359 404 1391 Ecclesiae
426 1358 602 1400 iustificans
625 1359 717 1394 alios,
741 1362 788 1388 est
805 1357 914 1388 eadem
932 1357 1105 1387 secundum
1122 1355 1298 1391 essentiam,

242 1403 351 1444 differt
365 1408 469 1434 tamen
485 1401 658 1433 secundum
674 1401 832 1432 rationem
847 1402 874 1431 ἦ
898 1401 1062 1431 Probatur.
1087 1400 1163 1437 Quo
1180 1398 1300 1439 aliquid

243 1452 289 1478 est
312 1452 394 1482 actu,
414 1452 446 1477 et
468 1455 534 1486 quo
558 1446 630 1485 agit,
655 1450 702 1476 est
724 1455 808 1476 unus
831 1450 936 1475 actus:
968 1448 1095 1484 oportet
1118 1449 1235 1478 tamen,
1259 1443 1300 1473 ad

242 1492 306 1521 hoc
328 1496 364 1521 ut
386 1491 426 1521 sit
449 1499 515 1530 quo
539 1495 610 1529 agat
632 1490 666 1519 in
688 1489 764 1525 alia,
796 1488 885 1529 quod
908 1493 996 1518 actus
1020 1487 1198 1518 secundum
1222 1487 1299 1517 emi-

241 1535 383 1565 nentiam
398 1533 559 1574 quandam
573 1533 734 1563 habeatur.
750 1533 836 1573 Ergo
851 1533 948 1572 gratia
964 1531 1081 1562 Christi
1095 1531 1190 1561 habet
1205 1531 1300 1561 etiam

243 1577 333 1619 quod
355 1579 394 1609 sit
409 1578 510 1608 activa
524 1577 558 1607 in
573 1577 670 1607 alios:
695 1575 784 1616 quod
802 1577 938 1616 pertinet
953 1575 992 1605 ad
1007 1576 1163 1605 rationem
1179 1575 1299 1614 capitis.

242 1622 328 1662 Ergo
351 1622 449 1662 gratia
471 1620 645 1661 personalis
669 1629 733 1660 qua
755 1621 860 1650 anima
876 1619 992 1650 Christi
1008 1618 1174 1649 iustificata
1189 1623 1245 1653 est,
1270 1623 1301 1648 et

243 1666 340 1706 gratia
363 1664 505 1696 eiusdem
526 1673 590 1704 qua
605 1669 652 1694 est
667 1669 762 1704 caput
777 1663 939 1694 Ecclesiae
953 1662 1125 1693 iustificans
1141 1662 1229 1697 alios,
1255 1667 1301 1692 est

244 1709 364 1741 eadem.

250 1778 255 1783 .
298 1751 508 1787 Antecedens‚
533 1750 641 1792 quoad
670 1751 806 1791 primam
831 1756 963 1790 partem,
987 1750 1139 1789 probatur
1161 1750 1299 1779 ratione:

244 1797 319 1838 quia
341 1795 598 1836 unumquodque
622 1796 685 1835 agit
706 1794 884 1825 secundum
906 1793 996 1833 quod
1011 1799 1058 1823 est
1076 1802 1131 1823 ens
1154 1798 1236 1823 actu.
1261 1793 1301 1822 Et

245 1840 402 1880 exemplo,
418 1839 452 1869 in
468 1839 572 1869 calore
587 1839 678 1878 ignis.
698 1857 721 1860 -
741 1837 859 1876 Quoad
874 1837 1047 1868 secundam
1062 1846 1138 1867 vero
1161 1841 1299 1875 partem:

244 1884 319 1924 quia
330 1892 432 1925 agens
447 1887 573 1923 oportet
586 1891 654 1913 esse
662 1881 883 1922 praestantius
892 1881 1045 1921 patiente,
1058 1885 1093 1910 ut
1104 1880 1302 1919 Augustinus

245 1933 276 1959 et
298 1926 482 1960 Aristoteles
511 1931 674 1956 testantur.
697 1943 721 1947 —
744 1925 983 1964 Consequentia
1004 1933 1080 1954 vero
1104 1924 1205 1963 prima
1227 1932 1302 1963 pro-

244 1973 345 2002 batur.
368 1971 454 2009 Quia
470 1970 504 2000 in
519 1970 625 2000 anima
647 1969 765 2000 Christi
787 1973 914 2008 recepta
937 1973 983 1998 est
1005 1967 1103 2007 gratia
1125 1966 1302 1997 secundum

243 2015 415 2046 maximam
431 2014 645 2045 eminentiam.
660 2032 683 2036 -
698 2012 844 2043 Secunda
859 2018 966 2043 autem
982 2017 1028 2042 est
1042 2020 1099 2051 per
1114 2021 1147 2041 se
1163 2011 1300 2042 evidens

300 2059 337 2089 11.
361 2057 425 2089 Sed
447 2058 585 2089 occurrit
606 2058 659 2087 hic
682 2057 816 2087 dubium
839 2061 995 2096 quantum
1010 2055 1112 2085 valeat
1134 2064 1302 2094 processus

244 2104 313 2139 iste,
338 2112 375 2132 ex
398 2102 462 2132 hoc
485 2100 574 2141 quod
589 2106 677 2131 actus
699 2101 832 2131 habetur
855 2099 1033 2130 secundum
1049 2098 1208 2139 quandam
1225 2099 1302 2128 emi-

244 2147 397 2181 nentiam,
420 2144 557 2175 inferens
581 2144 670 2184 quod
693 2145 732 2174 sit
754 2144 875 2174 activus
890 2144 1026 2174 aliorum
1050 2141 1192 2173 eiusdem
1208 2142 1302 2172 ratio-

245 2191 304 2220 nis.
320 2189 540 2229 Supponimus
563 2188 650 2218 enim
664 2187 856 2218 habitualem
871 2188 1002 2227 gratiam
1017 2187 1051 2216 in
1066 2186 1171 2216 anima
1187 2185 1303 2216 Christi

246 2238 279 2264 et
300 2233 334 2264 in
357 2233 424 2263 aliis
448 2241 516 2262 esse
537 2232 633 2262 unius
654 2232 771 2271 speciei
797 2231 1039 2271 specialissimae
1062 2229 1239 2260 secundum
1255 2239 1302 2260 es-

246 2278 390 2308 sentiam.
414 2276 455 2306 Et
477 2281 524 2306 est
546 2276 626 2306 ratio
649 2275 738 2306 dubii
761 2275 846 2314 quia,
870 2275 944 2306 licet
967 2284 1005 2305 ex
1020 2275 1083 2304 hoc
1107 2273 1196 2313 quod
1214 2279 1302 2304 actus

246 2321 360 2361 aliquis
383 2321 502 2350 eminet
525 2325 557 2349 et
578 2324 724 2359 praestat,
747 2319 860 2349 habeat
883 2318 972 2358 quod
993 2319 1032 2348 sit
1047 2318 1166 2348 activus
1189 2317 1247 2347 sibi
1262 2317 1302 2347 si-

246 2364 348 2401 milis;
378 2372 446 2394 non
476 2368 583 2393 tamen
614 2372 652 2393 ex
681 2363 745 2393 hoc
775 2362 834 2392 sibi
859 2361 997 2392 vindicat
1027 2361 1116 2401 quod
1142 2361 1181 2391 sit
1207 2367 1303 2400 caput

247 2408 394 2439 omnium
410 2407 545 2437 aliorum
565 2407 624 2436 sibi
647 2406 815 2442 similium,
839 2405 903 2436 hoe
926 2411 981 2441 est,
999 2404 1088 2445 quod
1110 2405 1149 2435 sit
1164 2405 1303 2435 activum

247 2452 395 2482 omnium
410 2451 469 2481 sibi
491 2450 653 2484 similium,
669 2455 705 2480 ut
719 2455 806 2490 patet
820 2449 998 2480 inductive:
1030 2449 1183 2488 alioquin,
1200 2448 1303 2488 quod-

247 2496 324 2526 libet
347 2495 486 2526 activum
501 2499 582 2525 esset
604 2495 743 2524 activum
759 2494 906 2524 omnium
927 2493 986 2523 sibi
1005 2493 1167 2523 similium.
1190 2493 1304 2523 Peccat

247 2548 324 2579 ergo
340 2547 508 2578 processus
530 2538 600 2574 iste,
617 2538 692 2578 quia
715 2537 800 2568 aliud
823 2543 870 2568 est
891 2538 1026 2577 probare
1053 2536 1143 2575 quod
1162 2542 1250 2566 actus
1265 2537 1305 2567 sit

249 2583 368 2613 activus
397 2581 455 2612 sibi
486 2582 610 2617 similis,
637 2581 727 2622 quod
749 2582 902 2622 probatur
931 2582 964 2610 in
991 2581 1108 2610 littera:
1141 2585 1172 2610 et
1202 2580 1303 2616 aliud,

249 2625 339 2666 quod
361 2625 401 2656 sit
415 2625 535 2656 activus
551 2626 655 2656 omnis
670 2625 730 2655 sibi
750 2625 877 2660 similis;
902 2623 990 2664 quod
1012 2630 1078 2654 erat
1091 2623 1303 2663 probandum,

249 2670 325 2710 quia
347 2669 410 2699 hoc
433 2669 621 2709 importatur
643 2668 775 2698 nomine
797 2669 913 2708 gratiae
933 2668 1083 2708 capitalis.

304 2711 355 2743 Ad
377 2713 440 2742 hoc
456 2711 570 2742 dicitur
592 2711 690 2752 quod,
716 2713 790 2752 quia
813 2721 917 2742 sermo
941 2712 1061 2742 litterae
1085 2711 1225 2742 formalis
1249 2717 1305 2747 est,

249 2765 317 2787 non
340 2761 461 2796 spectat
489 2755 529 2786 ad
550 2755 660 2786 locum
682 2756 769 2786 hunc
799 2756 949 2795 probare,
981 2754 1036 2785 sed
1059 2764 1241 2795 supponere
1268 2765 1305 2785 ex

250 2806 323 2831 ante
346 2799 492 2830 discussis
514 2799 646 2838 gratiam
667 2798 786 2829 Christi
809 2808 873 2838 qua
894 2798 1000 2829 influit
1022 2799 1105 2834 aliis,
1130 2808 1197 2829 esse
1221 2800 1306 2839 capi-

250 2844 357 2879 talem,
380 2843 443 2874 hoc
465 2848 520 2878 est,
545 2841 729 2872 influxivam
743 2843 777 2872 in
793 2851 914 2872 omnes.
939 2842 980 2872 Et
1002 2849 1170 2882 propterea
1192 2842 1307 2873 falsum

251 2886 433 2918 obiiciendo
464 2886 632 2916 assumitur
662 2885 751 2925 quod
774 2891 838 2916 erat
867 2886 919 2916 hic
945 2885 1147 2926 probandum
1176 2887 1307 2926 gratiam

253 2931 370 2962 Christi
393 2939 460 2960 esse
484 2930 616 2959 activam
640 2930 744 2959 omnis
763 2929 821 2958 sibi
837 2929 955 2965 similis,
972 2939 1028 2959 seu
1045 2929 1220 2969 capitalem.
1246 2929 1308 2960 Sed

252 2975 354 3005 littera
383 2982 561 3014 synonyme
584 2973 683 3003 utitur
712 2972 809 3011 gratia
832 2972 950 3002 Christi
980 2981 1043 3012 qua
1066 2973 1130 3012 agit
1154 2973 1188 3002 in
1211 2973 1305 3009 alios,

253 3023 284 3048 et
305 3018 403 3058 gratia
426 3016 543 3048 Christi
565 3021 601 3046 ut
624 3021 671 3046 est
693 3021 798 3055 caput,
817 3015 880 3045 hoc
896 3021 951 3052 est,
972 3025 1035 3055 qua
1050 3017 1113 3056 agit
1128 3017 1161 3046 in
1177 3025 1305 3046 omnes:

253 3061 328 3102 quia
351 3061 504 3101 supponit
526 3059 615 3100 quod
638 3068 730 3099 agere
751 3059 785 3088 in
803 3058 882 3089 alios
904 3059 1055 3089 coincidit
1077 3069 1152 3089 cum
1167 3069 1259 3099 agere
1274 3060 1308 3090 in

253 3114 365 3135 omnes
387 3109 533 3144 respectu
555 3103 670 3143 gratiae
694 3102 826 3137 Christi,
857 3111 954 3142 quam
976 3103 1120 3142 superius
1136 3104 1152 3119 *
1175 3102 1307 3132 manife—

253 3149 344 3179 stavit
367 3157 434 3178 esse
457 3147 586 3188 gratiam
611 3146 730 3186 capitis,
754 3146 844 3176 cuius
864 3150 910 3175 est
932 3146 965 3175 in
981 3146 1089 3176 omnia
1103 3146 1245 3176 membra
1259 3147 1307 3176 in—

253 3191 361 3222 fluere.
390 3191 475 3230 Quia
496 3191 591 3231 igitur
613 3195 648 3220 ut
671 3198 850 3230 synonyma
871 3189 949 3219 haec
971 3189 1023 3219 hic
1045 3189 1210 3224 habentur,
1232 3189 1306 3220 ideo

254 3236 376 3266 Auctor
398 3235 551 3265 sollicitus
573 3239 696 3264 tantum
712 3233 771 3263 fuit
794 3238 830 3262 ut
844 3233 991 3272 probaret
1009 3231 1204 3262 identitatem
1220 3238 1307 3262 actus

255 3288 321 3319 quo
345 3278 462 3309 Christi
484 3279 589 3308 anima
612 3283 658 3308 est
681 3277 713 3307 in
736 3286 769 3306 se
793 3281 915 3311 sancta,
947 3281 978 3305 et
1000 3284 1066 3315 quo
1090 3275 1168 3306 alios
1194 3276 1307 3305 sancti-

254 3322 337 3352 ficat.
361 3322 402 3352 Et
423 3322 504 3352 hanc
518 3321 715 3352 identitatem
737 3320 851 3360 probat
869 3318 1059 3349 sufficienter
1077 3328 1114 3349 ex
1133 3319 1195 3349 hoc
1219 3318 1308 3358 quod

254 3374 350 3406 posse
370 3375 463 3406 agere
485 3374 553 3395 non
574 3364 660 3395 addit
682 3373 777 3404 super
791 3369 898 3393 actum
914 3362 1041 3392 dantem
1057 3372 1124 3392 esse
1146 3363 1206 3392 nisi
1229 3363 1307 3392 emi-

255 3409 396 3440 nentiam
419 3408 594 3449 quandam:
626 3417 723 3448 quam
750 3412 873 3437 constat
902 3416 968 3436 non
994 3411 1116 3436 mutare
1141 3405 1307 3436 essentiam

256 3457 353 3483 actus.
377 3452 469 3483 Unde
492 3457 586 3482 restat
606 3460 774 3492 processus
797 3450 917 3481 solidus
941 3455 972 3480 et
994 3449 1112 3480 efficax.

311 3495 361 3526 111.
384 3495 471 3526 Cum
493 3496 541 3526 his
565 3505 697 3535 quoque
720 3496 798 3525 scito
823 3493 911 3534 quod
933 3494 966 3523 in
989 3493 1090 3523 littera
1112 3502 1178 3523 non
1194 3492 1307 3523 dicitur

257 3538 346 3578 quod
361 3539 512 3570 habeatur
525 3545 613 3570 actus
627 3539 846 3574 intensissime,
859 3537 914 3568 sed
926 3537 1039 3567 dicitur
1054 3536 1143 3576 quod
1158 3537 1308 3567 habeatur

1351 1181 1525 1212 secundum
1550 1183 1754 1213 eminentiam
1780 1184 1957 1224 quandam:
1989 1190 2021 1214 et
2044 1184 2082 1214 de
2107 1184 2233 1214 Christo
2264 1183 2409 1214 subditur

1353 1224 1442 1264 quod
1456 1226 1566 1256 habuit
1581 1228 1711 1266 gratiam
1726 1227 1898 1258 secundum
1914 1228 2117 1258 eminentiam
2131 1228 2314 1258 maximam.
2334 1228 2408 1258 Plus

1354 1269 1439 1299 enim
1470 1271 1748 1309 comprehenditur
1771 1272 1829 1301 sub
1858 1272 2046 1301 eminentiae
2077 1272 2208 1301 nomine
2239 1281 2335 1311 quam
2361 1272 2408 1301 in-

1353 1313 1505 1343 tensionis
1522 1319 1808 1354 quantaecumque.
1834 1315 1874 1344 Et
1895 1325 2003 1345 revera
2026 1314 2155 1355 quando
2172 1320 2259 1345 actus
2277 1315 2409 1345 habetur

1354 1355 1530 1387 secundum
1562 1358 1765 1388 eminentiam
1794 1359 1981 1389 intensionis
2012 1364 2043 1389 et
2068 1358 2157 1388 modi
2179 1357 2331 1394 habendi,
2363 1364 2410 1388 est

1354 1409 1447 1430 causa
1462 1401 1655 1437 universalis,
1679 1402 1881 1442 homogenea
1895 1407 2011 1438 tamen,
2027 1403 2241 1442 reliquorum:
2266 1407 2302 1432 ut
2323 1407 2410 1441 patet

1354 1444 1386 1473 in
1410 1444 1531 1480 calore,
1555 1446 1627 1484 qui,
1653 1446 1806 1485 quoniam
1833 1446 1866 1476 in
1889 1455 2016 1476 summo
2046 1446 2204 1476 invenitur
2226 1446 2258 1475 in
2281 1446 2354 1485 igne
2379 1451 2410 1475 et

1354 1487 1486 1518 habetur
1509 1489 1661 1518 eminenti
1683 1489 1799 1525 modo,
1831 1490 1906 1529 quia
1929 1490 2015 1519 calor
2037 1490 2070 1519 in
2094 1499 2221 1520 summo
2250 1495 2295 1519 est
2317 1494 2409 1519 natu-

1355 1531 1425 1560 ralis
1448 1533 1623 1571 proprietas
1646 1533 1726 1572 ignis
1749 1533 1861 1568 solius,
1884 1533 1958 1563 ideo
1983 1538 2029 1563 est
2051 1543 2146 1563 causa
2167 1533 2304 1563 univoca
2326 1538 2410 1563 cete-

1354 1584 1463 1605 rorum
1479 1575 1663 1606 calidorum.
1684 1576 1724 1606 Et
1738 1577 2027 1616 proportionaliter,
2041 1578 2116 1616 quia
2131 1578 2163 1606 in
2176 1577 2280 1606 anima
2292 1575 2409 1606 Christi

1354 1619 1451 1657 gratia
1474 1624 1520 1648 est
1540 1620 1573 1649 in
1589 1629 1716 1649 summo
1739 1625 1770 1650 et
1784 1621 1917 1650 habetur
1943 1621 2192 1650 eminentissimo
2208 1620 2318 1655 modo,
2336 1620 2410 1659 quia

1355 1667 1390 1691 ut
1411 1663 1560 1692 naturalis
1582 1664 1758 1703 proprietas
1788 1673 1988 1703 consequens
2014 1664 2169 1694 unionem
2192 1664 2408 1702 personalem,

1354 1706 1440 1735 iuxta
1455 1705 1533 1736 illud
1544 1707 1570 1742 *‚
1589 1707 1728 1737 Vidimus
1742 1708 1884 1748 gloriam
1900 1707 1967 1737 eius
1982 1707 2074 1747 quasi
2089 1707 2254 1747 Unigeniti
2268 1717 2288 1736 a
2303 1708 2409 1742 Patre,

1349 1749 1482 1788 plenum
1504 1750 1643 1790 gratiae,
1660 1755 1736 1781 etc.:
1761 1750 1834 1780 ideo
1850 1751 1947 1790 gratia
1962 1750 2088 1785 Christi,
2106 1760 2143 1780 ex
2162 1751 2332 1780 eminentia
2346 1751 2410 1785 tali,

1356 1798 1402 1822 est
1425 1794 1525 1823 activa
1547 1794 1581 1823 in
1604 1794 1699 1829 alios,
1724 1799 1755 1823 et
1781 1799 1827 1824 est
1854 1795 1953 1824 activa
1978 1795 2012 1823 in
2035 1803 2147 1824 omnes
2174 1800 2209 1824 ut
2233 1799 2344 1834 caput;
2375 1804 2412 1824 ac

1355 1845 1412 1876 per
1434 1837 1506 1872 hoc,
1531 1842 1567 1866 ut
1591 1837 1756 1867 conforme
1780 1847 1836 1867 seu
1859 1838 2109 1877 homogeneum.

1411 1879 1463 1910 1V.
1487 1880 1606 1911 Ultima
1631 1890 1702 1920 pars
1729 1881 1961 1916 conclusionis,
1985 1881 2048 1910 hoc
2081 1886 2136 1916 est,
2160 1881 2282 1921 Differt
2307 1886 2411 1911 tamen

1356 1924 1492 1959 ratione,
1516 1933 1583 1954 non
1599 1924 1686 1954 aliter
1701 1925 1852 1964 probatur
1866 1926 1899 1954 in
1921 1925 2031 1960 littera,
2048 1925 2123 1964 quia
2149 1924 2229 1954 clara
2245 1930 2300 1955 est.
2325 1924 2414 1955 Con-

1356 1973 1415 1998 stat
1438 1969 1524 1998 enim
1547 1968 1724 1998 secundum
1739 1969 1894 1998 rationem
1910 1967 2032 1998 differre
2049 1967 2138 2007 quod
2152 1969 2248 2007 gratia
2264 1973 2310 1998 est
2326 1974 2414 1998 actus

1356 2011 1473 2042 faciens
1485 2011 1658 2042 formaliter
1669 2021 1736 2042 esse
1748 2018 1882 2051 gratum,
1895 2018 1926 2042 et
1938 2011 2027 2052 quod
2039 2017 2085 2042 est
2096 2012 2288 2051 principium
2301 2011 2414 2051 agendi

1355 2056 1389 2085 in
1412 2056 1500 2085 alios.
1524 2055 1689 2095 Alioquin,
1709 2065 1775 2085 esse
1798 2061 1922 2096 gratum
1938 2061 1969 2086 et
1990 2065 2117 2086 causare
2141 2056 2271 2095 gratiam
2287 2056 2320 2085 in
2335 2056 2414 2086 alios

1357 2105 1462 2129 essent
1483 2098 1577 2129 idem.

1410 2143 1449 2172 V.
1474 2142 1510 2172 In
1532 2142 1739 2182 responsione
1763 2142 1802 2173 ad
1824 2144 1974 2183 primum,
1998 2143 2088 2179 scito,
2107 2142 2245 2178 Novitie,
2270 2141 2358 2182 quod
2381 2143 2414 2172 in

1356 2185 1459 2216 Adam
1490 2185 1691 2225 distinguitur
1720 2192 1887 2226 peccatum
1917 2196 2071 2226 personae
2102 2191 2133 2216 et
2162 2192 2307 2222 naturae,
2340 2186 2415 2225 quia

1356 2236 1523 2270 peecatum
1546 2239 1700 2269 personae
1723 2235 1854 2260 vocatur
1876 2235 2043 2270 peccatum
2066 2229 2145 2260 illud
2174 2229 2263 2269 quod
2285 2230 2319 2259 in
2342 2235 2414 2259 actu

1356 2274 1451 2314 primi
1473 2274 1595 2313 peccati
1616 2273 1705 2303 Adae
1729 2274 1887 2310 consistit;
1915 2279 2083 2313 peccatum
2105 2283 2181 2303 vero
2204 2279 2334 2303 naturae
2356 2283 2414 2303 vo-

1357 2324 1445 2348 catur
1467 2317 1570 2347 fomes
1593 2318 1714 2357 peccati
1737 2327 1812 2347 cum
1834 2318 2010 2357 privatione
2029 2317 2188 2356 originalis
2203 2317 2348 2347 iustitiae.
2373 2317 2414 2346 Et

1357 2362 1432 2401 quia
1454 2361 1516 2391 hoc
1538 2360 1717 2391 secundum
1733 2366 1896 2391 causatum
1912 2360 1972 2391 fuit
1986 2361 2020 2390 in
2034 2360 2138 2390 Adam
2155 2369 2191 2390 ex
2207 2361 2322 2400 primo,
2339 2359 2412 2390 ideo

1357 2405 1471 2435 dicitur
1495 2404 1583 2444 quod
1600 2414 1760 2445 persona,
1784 2405 1846 2434 hoc
1870 2409 1916 2434 est
1939 2410 2026 2434 actus
2052 2403 2244 2443 personaliS‚
2269 2402 2415 2443 corrupit

1358 2454 1525 2483 naturam,
1556 2449 1618 2478 hoc
1643 2454 1689 2478 est
1711 2448 1851 2478 naturale
1875 2448 1998 2478 bonum
2022 2457 2058 2477 ac
2081 2447 2223 2476 Donum.
2259 2447 2294 2476 In
2319 2447 2413 2476 nobis

1357 2498 1464 2523 autem
1487 2491 1601 2522 dicitur
1624 2491 1712 2531 quod
1734 2496 1851 2522 natura
1875 2491 2053 2531 corrumpit
2068 2499 2252 2530 personam,
2278 2491 2353 2529 quia
2374 2499 2414 2519 ex

1357 2536 1485 2571 fomite,
1506 2542 1582 2572 etc.‚
1615 2545 1712 2575 quem
1736 2545 1811 2566 cum
1834 2540 1944 2565 natura
1967 2535 2196 2569 contraitum,
2223 2542 2359 2573 persona
2382 2539 2414 2563 et

1358 2580 1554 2610 damnationi
1577 2580 1715 2610 obnoxia
1737 2589 1862 2618 semper
1881 2584 1927 2608 est
1950 2579 2023 2618 (nisi
2046 2587 2102 2617 per
2117 2578 2309 2617 baptismum
2324 2586 2413 2616 repa-

1357 2624 1470 2663 retur),
1496 2629 1526 2653 et
1548 2624 1582 2653 in
1604 2628 1772 2663 peccatum
1795 2623 1915 2652 actuale
1939 2622 2061 2652 labitur.
2094 2621 2169 2651 Non
2192 2621 2414 2660 proportiona—

1357 2668 1427 2698 liter
1450 2673 1556 2698 autem
1580 2676 1612 2696 se
1636 2667 1730 2696 habet
1753 2666 1869 2696 Christi
1883 2666 1990 2705 gratia,
2006 2671 2042 2695 ut
2057 2665 2175 2695 scilicet
2190 2665 2249 2694 alia
2264 2665 2302 2694 sit
2317 2664 2414 2703 gratia

1357 2717 1496 2746 naturae,
1521 2711 1580 2740 alia
1598 2719 1762 2750 personae.
1787 2709 1874 2739 Tum
1890 2710 1964 2748 quia
1979 2709 2076 2748 gratia
2090 2717 2158 2738 non
2174 2713 2220 2737 est
2235 2707 2305 2737 data
2322 2707 2413 2737 Chri-

1358 2761 1406 2785 sto
1430 2764 1469 2785 ex
1492 2755 1615 2784 animae
1638 2763 1712 2784 suae
1736 2753 1850 2783 actuali
1873 2753 2067 2792 operatione.
2103 2751 2189 2781 Turn
2216 2751 2290 2790 quia
2316 2751 2413 2790 gratia

1358 2807 1425 2829 non
1448 2798 1703 2828 communicatur
1725 2797 1817 2826 nobis
1841 2806 1859 2826 a
1877 2796 2004 2826 Christo
2028 2804 2084 2835 per
2099 2795 2256 2825 actionem
2271 2799 2412 2829 naturae,

1359 2852 1416 2872 seu
1431 2840 1699 2872 communicando
1715 2846 1875 2870 naturam:
1900 2839 1955 2869 sed
1969 2848 2026 2879 per
2040 2839 2198 2868 actionem
2213 2837 2414 2877 personalem

1360 2885 1486 2921 Christi,
1500 2894 1563 2924 qua
1578 2885 1693 2914 meruit
1708 2884 1800 2913 nobis
1813 2888 1843 2912 et
1854 2883 2030 2912 voluntarie
2045 2881 2149 2911 influit
2164 2881 2256 2910 nobis
2271 2881 2412 2920 gratiam.

1413 2929 1466 2958 VI.
1491 2929 1527 2958 In
1557 2928 1764 2967 responsione
1795 2926 1833 2956 ad
1863 2927 2006 2960 tertium,
2037 2924 2124 2960 vide,
2148 2924 2293 2960 Novitie,
2325 2924 2414 2964 quod

1359 2973 1482 3002 Auctor
1511 2972 1614 3011 primo
1642 2970 1778 3010 appellat
1803 2970 1932 3009 gratiam
1955 2969 2083 2998 unionis
2109 2967 2141 2998 id
2172 2967 2260 3007 quod
2286 2969 2413 3008 proprie

1360 3022 1406 3046 est
1428 3016 1525 3055 gratia
1547 3015 1691 3044 unionis:
1723 3019 1754 3043 et
1777 3013 1815 3043 de
1839 3013 1891 3042 illa
1914 3012 1988 3042 dicit
2018 3011 2107 3052 quod
2136 3021 2203 3042 non
2230 3016 2277 3041 est
2303 3011 2414 3041 eadem

1358 3060 1474 3099 gratiae
1489 3058 1646 3098 personali
1662 3067 1717 3087 seu
1733 3056 1892 3086 habituali.
1916 3055 2048 3091 Deinde,
2064 3061 2194 3095 propter
2208 3055 2414 3085 reverentiam

1360 3103 1503 3137 aliorum,
1523 3101 1674 3141 permittit
1689 3100 1839 3139 appellari
1853 3100 1954 3139 ipsam
1970 3099 2162 3129 habitualem
2176 3099 2306 3138 gratiam
2322 3098 2414 3128 Chri-

1359 3147 1397 3176 sti
1420 3146 1551 3175 nomine
1574 3144 1688 3183 gratiae
1711 3144 1849 3179 unionis,
1873 3153 1939 3173 non
1963 3143 2160 3182 simpliciter,
2184 3142 2239 3172 sed
2261 3141 2414 3182 quodam-

1359 3189 1475 3219 modo:
1496 3197 1555 3227 pro
1580 3192 1699 3227 quanto
1715 3187 1832 3217 scilicet
1855 3187 1922 3226 ipsa
1937 3186 2102 3221 habitualis
2117 3186 2214 3226 gratia
2236 3186 2269 3215 in
2286 3185 2412 3215 Christo

1360 3232 1433 3262 facit
1455 3232 1685 3270 congruitatem
1709 3230 1868 3270 quandam
1891 3230 1931 3260 ad
1954 3231 2117 3260 unionem.
2146 3229 2186 3259 Et
2208 3229 2351 3268 intelligit
2374 3228 2413 3259 de

1360 3275 1565 3315 congruitate,
1586 3283 1654 3304 non
1669 3273 1873 3304 antecedente
1887 3274 2053 3309 unionem,
2069 3273 2156 3304 velut
2172 3272 2358 3312 disponente
2375 3271 2414 3303 ad

1359 3319 1461 3348 illam:
1486 3317 1540 3348 sed
1560 3318 1598 3348 de
1615 3318 1810 3357 congruitate
1826 3322 2041 3357 consequente
2058 3317 2096 3347 ad
2112 3318 2275 3347 unionem.
2299 3314 2415 3346 Reddit

1360 3363 1445 3392 enim
1467 3362 1633 3392 habitualis
1656 3362 1752 3401 gratia
1772 3362 1912 3392 ‘animam
1936 3361 2052 3391 Christi
2075 3369 2248 3400 congruam
2271 3359 2414 3399 dignitati

1359 3406 1503 3441 unionis,
1536 3405 1574 3435 ad
1600 3414 1697 3445 quam
1724 3405 1918 3445 praeelevata
1940 3405 2139 3444 intelligitur:
2175 3404 2256 3433 sicut
2281 3403 2414 3442 gravitas

1359 3450 1506 3489 congruit
1528 3454 1643 3485 terrae;
1672 3454 1703 3479 et
1725 3450 1806 3479 sicut
1829 3448 2016 3488 desponsata
2039 3449 2101 3478 iam
2126 3447 2238 3477 mulier
2261 3447 2412 3486 principi,

1359 3501 1499 3532 congrua
1517 3492 1656 3523 redditur
1670 3493 1804 3532 principi
1825 3502 1862 3522 ex
1879 3497 1991 3522 ornatu
2006 3491 2156 3522 iocalium
2175 3499 2256 3530 quae
2272 3500 2310 3520 ex
2325 3489 2414 3520 dono

1361 3546 1469 3577 sponsi
1493 3537 1622 3576 accepit.

2438 1713 2447 1723 ⁸
2469 1711 2534 1733 loun.
2558 1717 2608 1740 cap.
2630 1718 2647 1738 ι,

2437 1744 2495 1759 vers.
2511 1745 2546 1765 «4.
