2872 3970
246 381 365 420 stituit
389 380 625 431 participatio
660 379 833 418 sacrificii
862 379 1011 417 Christi.
1053 381 1165 418 Unde
1194 381 1308 418 etiam

246 435 287 472 in
314 445 418 471 nova
444 435 525 482 lege
552 445 692 471 verum
712 431 851 470 Christi
879 432 1109 470 sacrificium
1133 445 1308 470 commu-

244 486 396 525 nicatur
420 485 599 524 fidelibus
627 485 700 522 sub
728 484 854 534 specie
881 485 991 534 panis
1020 493 1056 522 et
1082 485 1173 523 vini.

299 539 357 577 An
375 550 533 576 rem-mm
551 550 733 576 mcENDUM
752 537 859 586 quod
877 537 1161 575 Melchisedech
1185 538 1307 575 dictus

246 598 303 629 est
337 593 417 629 sine
436 597 548 641 patre
573 596 608 628 et
632 592 712 628 sine
742 596 863 627 matre
890 596 923 627 et
948 592 1028 627 sine
1059 591 1305 641 genealogia,

246 651 284 682 et
311 643 418 694 quod
446 655 520 680 non
549 644 658 680 hahet
684 644 828 680 initium
855 643 1000 680 dierum
1026 655 1144 692 neque
1159 646 1304 691 finem,

245 708 327 735 non
353 695 444 746 quia
470 695 541 733 ista
558 707 639 733 non
666 694 812 742 habuit,
832 695 900 732 sed
925 695 1017 745 quia
1043 695 1083 732 in
1112 695 1305 745 Scriptura

297 823 324 860 β)
342 825 397 859 qui.
414 839 434 844 -
452 826 540 851 Tertia
546 833 554 858 3
574 826 646 858 quia.

280 1007 282 1010 .
301 994 409 1015 rrimus
431 983 532 1015 clarus
549 989 612 1019 est.
632 1002 656 1006 -
684 985 721 1015 In
743 994 879 1025 corpore
901 985 1024 1015 articuli
1039 986 1134 1015 unica
1156 990 1203 1015 est
1225 994 1303 1015 con-

302 1029 420 1060 clusio:
457 1027 681 1059 Sacerdotium
717 1028 838 1059 Christi
873 1034 921 1059 est
949 1029 1124 1059 secundum
1157 1029 1302 1059 ordinem

239 1072 482 1104 Melchisedech.
505 1072 670 1102 Probatur.
694 1072 915 1103 Sacerdotium
931 1072 1048 1103 Christi
1070 1072 1131 1103 fuit
1144 1072 1302 1114 praefigu-

168 1129 174 1154 g
240 1122 345 1148 ratum
366 1126 424 1158 per
445 1116 546 1157 legale
566 1115 790 1153 sacerdotium,
808 1122 839 1148 et
859 1126 918 1157 per
939 1116 1153 1147 sacerdotium
1168 1117 1302 1148 Melchi-

237 1160 370 1192 sedech:
393 1159 450 1191 sed
466 1169 525 1200 per
538 1159 628 1196 illud,
648 1159 820 1197 defective;
844 1170 902 1200 per
925 1161 998 1197 hoc,
1016 1166 1173 1200 quantum
1193 1161 1233 1191 ad
1248 1171 1301 1191 ex-

143 1212 175 1247 -ζῖξ
237 1205 420 1237 cellentiam
434 1204 534 1245 ipsius
549 1213 645 1245 supra
658 1204 770 1244 legale.
794 1205 880 1245 Ergo
896 1210 943 1234 est
961 1204 1139 1236 secundum
1155 1204 1300 1236 ordinem

144 1246 157 1253 '¹
164 1252 172 1262 ³
186 1263 188 1267 r
240 1248 486 1280 Melchisedech.

151 1288 156 1295 ’
293 1292 497 1324 Antecedens
518 1292 615 1324 habet
635 1297 698 1322 tres
720 1297 834 1332 partes.
857 1292 963 1323 Prima
978 1293 1185 1333 supponitur:
1211 1292 1301 1333 quod

142 1351 175 1379 με
236 1336 454 1368 sacerdotium
485 1335 602 1368 Christi
633 1335 881 1376 praefiguratum
913 1336 1008 1367 fuerit
1038 1337 1072 1367 in
1103 1342 1251 1377 utroque.
1279 1355 1303 1359 -

153 1376 191 1418 ’ζῇ
240 1380 403 1418 Secunda,
433 1380 523 1421 quod
545 1379 700 1412 defective
726 1381 761 1410 in
779 1379 886 1420 legali,
911 1381 1073 1420 probatur.
1109 1381 1197 1411 Tum
1226 1381 1301 1421 quia

151 1422 181 1466 :j
238 1435 308 1457 non
336 1424 511 1456 mundabat
542 1429 721 1466 peccatum.
756 1424 844 1454 Tum
874 1425 949 1465 quia
979 1434 1047 1455 non
1077 1430 1250 1455 aeternum.
1279 1443 1303 1447 -

171 1468 175 1471 ⁶
233 1468 358 1506 Tertia,
381 1468 472 1510 quod
494 1468 679 1500 excellentia
700 1467 834 1508 figurata
857 1474 939 1499 esset
966 1478 1024 1510 per
1047 1468 1299 1506 Melchisedech,

142 1518 179 1553 ’,ἢ
234 1513 402 1555 probauit.
437 1512 523 1551 Quia
553 1512 739 1544 excellentia
767 1513 858 1544 istius
887 1522 945 1553 per
972 1513 1191 1544 excellentiam
1216 1513 1301 1544 illius

234 1561 472 1600 ,repraesentata
497 1556 567 1588 fuit.
601 1556 701 1596 Quod
730 1562 838 1588 autem
863 1556 943 1587 illud
972 1556 1068 1588 fuerit
1096 1557 1301 1588 excellentius

237 1601 353 1642 legali,
380 1601 549 1643 probatur:
580 1601 656 1642 quia
677 1600 824 1632 sacerdos
846 1601 955 1642 legalis
981 1600 1156 1632 decimatus
1178 1600 1239 1632 fuit
1267 1602 1301 1632 in

145 1659 152 1668 ff
233 1645 356 1677 ‘lumbis
378 1645 525 1676 Abrahae
551 1644 690 1676 decimas
719 1645 871 1676 solventis
894 1645 1144 1682 Melchisedech;
1178 1650 1302 1676 constat

230 1688 326 1722 'enim
349 1689 502 1721 excellere
523 1689 616 1720 illum
638 1690 692 1720 cui
714 1689 857 1720 decimae
880 1688 1002 1720 dantur.
1027 1689 1120 1720 Hanc
1137 1691 1302 1720 materiam

235 1732 354 1766 diffuse
381 1738 493 1765 tractat
513 1733 708 1774 Apostolus,
731 1733 775 1765 ad
795 1733 878 1765 Heb.
901 1743 955 1770 vn,
985 1733 1072 1764 unde
1102 1739 1229 1774 sumpta
1255 1739 1302 1765 est

239 1778 320 1811 haec
340 1778 432 1810 ratio.

293 1821 333 1853 11.
355 1821 496 1854 Adverte
516 1822 569 1853 hic
601 1821 691 1863 quod
717 1821 908 1853 sacrificium
932 1821 1050 1853 Christi
1079 1822 1215 1853 sumitur
1242 1821 1300 1852 du-

128 1880 142 1909 3,
314 1871 372 1898 ter.
394 1866 513 1904 Primo,
535 1865 715 1898 secundum
729 1867 881 1907 seipsum,
904 1871 942 1897 ut
956 1867 995 1896 ab
1010 1867 1082 1906 ipso
1099 1865 1226 1897 Christo
1243 1866 1301 1896 ob-

269 1915 340 1942 tum
361 1914 410 1942 est
425 1910 460 1942 in
482 1920 535 1942 ara
555 1910 666 1942 crucis.
690 1910 732 1942 Et
746 1911 792 1942 sic
807 1909 1025 1942 consideratur
1040 1909 1217 1951 dupliciter.
1241 1909 1302 1940 Vel

933 302 1195 349 QUAESTIO
1224 303 1344 351 xxn,
1373 303 1665 342 ARTICULUS
1693 305 1743 342 vl

2345 303 2420 341 263

1363 393 1468 419 sacra
1486 381 1556 419 ista
1574 382 1622 419 de
1641 394 1688 419 eo
1708 394 1787 419 non
1807 383 1992 431 leguntur.
2023 384 2071 420 Et
2096 395 2165 432 per
2183 384 2258 421 hoc
2277 383 2417 433 ipsum,

1362 441 1404 471 ut
1440 435 1646 484 Apostolus
1681 434 1824 472 ibidem
1859 435 1966 481 dicit,
1993 437 2211 473 assimilatus
2245 443 2295 473 est
2322 436 2418 473 Filio

1361 488 1444 534 Dei,
1465 487 1532 536 qui
1551 485 1565 516 β
1584 486 1623 524 in
1641 487 1748 524 terris
1767 495 1822 524 est
1841 487 1920 524 sine
1948 495 2065 537 patre,
2086 496 2122 525 et
2139 488 2178 525 in
2206 489 2317 526 caelis
2337 488 2417 526 sine

1361 547 1481 576 matre
1510 547 1547 576 et
1573 539 1654 577 sine
1681 540 1911 588 genealogia,
1939 541 2153 577 secundum
2181 541 2273 578 illud
2301 541 2416 578 Isaiae

1360 603 1416 628 L111
1434 591 1466 638 ²⁸,
1490 593 1773 629 Generationem
1792 595 1869 630 eius
1887 594 1966 642 quis
1985 593 2201 630 enarrabit?
2228 601 2264 630 et
2283 606 2416 630 secun-

1360 644 1457 681 dum
1475 644 1711 682 divinitatem
1739 657 1865 694 neque
1884 645 2115 695 principium
2142 658 2268 695 neque
2296 646 2417 683 finem

1359 697 1474 733 habet
1501 697 1663 734 dierum.

913 904 1248 938 Commentaria
1271 905 1523 939 Gar-<linaiis
1545 907 1748 940 Caietam

1357 985 1546 1023 formaliter,
1576 986 1754 1017 secundum
1778 986 1812 1017 id
1835 986 1924 1027 quod
1952 988 1986 1017 in
2009 997 2043 1018 se
2066 993 2121 1018 est.
2154 988 2196 1019 Et
2224 989 2287 1019 hoc
2313 988 2413 1019 modo

1357 1029 1501 1061 Christus
1524 1040 1599 1061 cum
1623 1030 1736 1061 dicitur
1759 1031 1904 1061 sacerdos
1928 1031 2105 1062 secundum
2120 1032 2265 1063 ordinem
2281 1033 2414 1063 Melchi-

1356 1073 1482 1110 sedech,
1505 1074 1689 1114 intelligitur
1711 1074 1888 1106 secundum
1912 1075 2058 1106 ordinem
2076 1075 2234 1116 dignitatis
2257 1082 2288 1107 et
2311 1077 2414 1107 excel-

1355 1117 1470 1148 lentiae
1492 1124 1638 1158 respectu
1653 1118 1819 1149 sacerdotii
1833 1119 1950 1159 legalis.
1974 1137 1997 1142 —
2019 1119 2079 1150 Vel
2102 1120 2276 1157 causaliter,
2300 1130 2413 1151 secun-

1356 1160 1434 1192 dum
1456 1171 1552 1192 suum
1568 1161 1727 1198 effectum,
1751 1163 1906 1193 unitatem
1923 1163 2043 1193 scilicet
2062 1165 2280 1194 membrorum
2297 1164 2414 1195 Christi

1354 1206 1388 1235 in
1412 1205 1538 1236 caritate
1562 1211 1593 1236 et
1614 1215 1703 1245 pace.
1734 1206 1775 1236 Et
1796 1207 1860 1236 hoc
1881 1206 1998 1242 modo,
2028 1217 2102 1238 cum
2126 1207 2270 1238 Christus
2300 1208 2414 1239 dicitur

1354 1248 1501 1279 sacerdos
1524 1249 1702 1280 secundum
1725 1249 1870 1280 ordinem
1893 1250 2136 1287 Melchisedech,
2160 1251 2343 1292 intelligitur
2365 1262 2414 1282 se-

1355 1292 1498 1323 cundum
1522 1292 1668 1323 ordinem
1690 1294 1936 1333 proportionalis
1959 1294 2172 1325 similitudinis
2195 1295 2276 1325 inter
2290 1305 2339 1326 res
2356 1296 2413 1326 ob-

1354 1337 1432 1367 latas
1455 1347 1474 1367 a
1496 1336 1739 1373 Melchisedech,
1755 1347 1872 1377 panem
1895 1338 2014 1368 scilicet
2030 1343 2061 1368 et
2075 1339 2196 1375 vinum,
2213 1344 2245 1369 et
2259 1340 2414 1370 unitatem

1354 1381 1525 1411 Ecclesiae.
1554 1380 1734 1419 Quoniam,
1759 1381 1840 1411 sicut
1862 1386 1927 1411 tam
1949 1382 2040 1421 panis
2064 1391 2161 1422 quam
2183 1383 2294 1413 vinum
2317 1382 2354 1413 fit
2376 1393 2414 1413 ex

1354 1425 1463 1455 multis
1492 1425 1754 1456 concurrentibus
1777 1426 1810 1455 in
1838 1435 1957 1461 unum,
1982 1431 2018 1456 ut
2038 1426 2236 1466 Augustinus
2266 1426 2358 1463 dicit,
2383 1432 2415 1458 et

1355 1469 1389 1499 in
1418 1469 1520 1500 littera
1535 1469 1552 1486 ”
1574 1469 1724 1506 habetur;
1754 1469 1798 1499 ita
1821 1479 1858 1499 ex
1881 1469 1989 1500 multis
2021 1479 2123 1500 unum
2153 1469 2269 1500 Christi
2296 1480 2412 1511 corpus

1355 1514 1527 1554 mysticum
1551 1513 1728 1550 conficitur,
1753 1513 1839 1554 quod
1861 1519 1908 1544 est
1928 1514 2074 1544 Ecclesia
2089 1515 2116 1550 *,
2133 1519 2192 1545 etc.

1411 1556 1560 1588 Secundo
1583 1557 1683 1588 modo
1712 1558 1847 1588 sumitur
1873 1557 2063 1588 sacrificium
2091 1557 2207 1588 Christi
2235 1557 2412 1589 secundum

1355 1611 1451 1632 suum
1473 1601 1659 1632 memoriale
1682 1600 1880 1638 sacrificium,
1905 1601 1995 1642 quod
2016 1602 2135 1632 scilicet
2158 1602 2301 1633 Christus
2323 1603 2412 1633 insti-

1354 1646 1415 1676 tuit
1436 1646 1471 1676 in
1494 1655 1551 1675 sua
1572 1645 1715 1675 Ecclesia
1745 1646 1779 1675 in
1802 1655 1877 1676 suae
1899 1645 2055 1686 passionis
2083 1646 2259 1686 mortisque
2287 1656 2413 1677 memo-

1354 1690 1434 1720 riam
1457 1689 1672 1720 offerendum:
1696 1694 1734 1719 ut
1755 1689 1899 1730 quotidie
1914 1688 1950 1719 fit
1968 1690 2001 1719 in
2016 1689 2231 1720 Eucharistiae
2246 1689 2411 1721 sacrificio.

1353 1734 1395 1764 Et
1417 1734 1472 1770 sic,
1496 1743 1571 1764 cum
1595 1732 1738 1764 Christus
1761 1732 1876 1763 dicitur
1898 1732 2043 1763 sacerdos
2066 1733 2243 1764 secundum
2266 1733 2413 1765 ordinem

1354 1777 1603 1813 Melchisedech,
1631 1777 1815 1817 intelligitur
1838 1776 1878 1807 de
1901 1776 2012 1807 ordine
2035 1777 2266 1808 assimilationis
2288 1778 2323 1808 in
2345 1787 2412 1808 ma-

1353 1822 1431 1852 teria
1454 1820 1607 1851 sacrificii.
1641 1821 1725 1851 Nam
1752 1830 1870 1861 panem
1893 1826 1924 1851 et
1945 1821 2057 1851 vinum
2080 1821 2197 1851 assumi
2218 1821 2353 1851 instituit
2378 1822 2413 1852 in

1354 1874 1414 1896 suo
1441 1865 1620 1896 memoriali
1645 1864 1800 1895 sacrificio
1827 1874 1886 1904 pro
1912 1865 2043 1895 materia
2065 1865 2295 1901 Eucharistiae,
2331 1865 2413 1896 sicut

1355 1907 1591 1940 Melchisedech
1612 1918 1730 1949 panem
1753 1914 1785 1939 et
1798 1909 1911 1939 vinum
1934 1908 2091 1939 obtulerat
2111 1909 2146 1939 in
2169 1908 2367 1939 sacrificium.

2444 604 2454 615 ⁸
2467 603 2535 626 Vere.
2549 603 2572 626 8.

2441 1478 2450 1488 ⁸
2463 1479 2488 1501 ln
2502 1485 2564 1507 resp.
2581 1479 2610 1500 ad
2625 1485 2647 1501 α,

2439 1515 2492 1537 *Aa
2499 1515 2588 1538 Calon.
2597 1522 2650 1544 σιμ,

2439 1548 2455 1569 ι,
2471 1548 2528 1564 ven.
2542 1549 2580 1570 24.
