2872 3970
417 871 604 952 DE1NDE
647 858 972 896 considerandum
1007 864 1061 893 est
1096 857 1144 893 de
1183 854 1300 903 gratia
1340 853 1508 904 Christi1

178 922 190 932 ¹⁵
203 921 238 943 cf.
252 927 289 950 qu.
301 926 341 948 vn,
352 921 390 942 In-

176 947 238 969 trod.

413 283 483 319 126

1127 283 1389 331 QUAESTIO
1418 283 1517 330 VIII,

1547 281 1837 319 ARTICULUS
1865 281 1879 317 1

1105 525 1519 604 QUAEsTlo
1576 523 1910 580 OCTAVA

530 651 614 691 DE
649 649 879 693 GRATIA
915 646 1155 688 CHRISTI
1189 645 1527 688 SECUNDUM
1561 644 1733 696 QUOD
1767 643 1881 685 EST
1915 644 2115 685 CAPUT
2149 642 2485 684 ECCLESIAE

1242 759 1275 785 IN
1305 758 1403 784 OCTO
1431 757 1631 783 ARTICULOS
1658 757 1769 782 DIVISA

500 913 712 950 secundum
743 911 851 960 quod
879 918 934 946 est
962 916 1077 958 caput
1105 907 1295 945 Ecclesiae
1314 907 1345 944 ³⁸.

417 966 465 1003 Et
493 965 591 1002 circa
619 965 695 1001 hoc
723 970 962 1012 quaeruntur
989 969 1088 998 octo.

470 1017 619 1054 Primo:
650 1024 781 1053 utrum
811 1014 984 1052 Christus
1012 1013 1057 1050 sit
1085 1021 1199 1062 caput
1227 1011 1429 1050 Ecclesiae.

472 1070 670 1107 Secundo:
702 1076 830 1105 utrum
857 1067 902 1104 sit
921 1074 1036 1116 caput
1055 1065 1263 1103 hominum
1291 1073 1481 1114 quantum

523 1123 572 1159 ad
600 1133 741 1171 corpus
761 1126 789 1168 α,
815 1122 873 1157 vel
896 1121 1023 1157 solum
1042 1126 1233 1168 quantum
1252 1118 1301 1155 ad
1320 1117 1479 1155 animas.

470 1174 620 1212 Tertio:
650 1181 782 1211 utrum
818 1173 863 1210 sit
897 1180 1012 1222 caput
1046 1170 1226 1209 omnium
1261 1170 1479 1207 hominum.

471 1229 639 1275 Quarto:
669 1234 800 1264 utrum
829 1225 875 1262 sit
902 1233 1017 1274 caput
1044 1225 1282 1272 angelorum.

471 1280 636 1327 Quinto:
674 1287 805 1316 utrum
839 1276 995 1327 gratia'l3
1027 1276 1243 1314 secundum
1276 1287 1395 1326 quam
1428 1283 1483 1312 est

1641 859 1755 901 caput
1789 851 1999 899 Ecclesiae,
2035 850 2081 888 sit
2115 851 2252 888 eadem
2286 863 2378 889 cum
2412 851 2595 890 habituali

1641 905 1723 942 eius
1750 904 1969 942 secundum
1985 904 2092 953 quod
2116 911 2171 941 est
2191 903 2351 954 quidam
2378 905 2500 942 homo
2520 904 2594 949 sinss

1640 956 1790 1006 gularis.

1589 1011 1721 1049 Sexto:
1742 1018 1873 1047 utrum
1893 1021 1974 1046 esse
1993 1017 2107 1058 caput
2122 1009 2312 1047 Ecclesiae
2332 1009 2377 1047 sit
2394 1010 2596 1060 proprium

1643 1062 1806 1100 Christo.

1589 1115 1780 1165 Septimo:
1817 1122 1950 1152 utrum
1983 1113 2159 1151 diabolus
2194 1113 2239 1151 sit
2271 1122 2385 1164 caput
2419 1113 2598 1153 omnium

1642 1169 1847 1205 malorum.

1590 1222 1758 1260 Octavo:
1788 1228 1918 1258 utrum
1947 1219 2198 1258 Antichristus
2232 1219 2347 1257 etiam
2378 1220 2497 1270 possit
2524 1220 2600 1258 dici

1642 1281 1757 1323 caput
1785 1272 1965 1310 omnium
1993 1274 2198 1310 malorum.

1233 1392 1551 1435 ARTICULUS
1583 1391 1788 1434 PRIMUS

560 1489 717 1522 UTRUM
742 1487 951 1523 CHRISTO,
976 1486 1215 1517 SECUNDUM
1240 1485 1364 1523 QUOD
1388 1484 1469 1515 EST
1493 1484 1643 1520 Homo,
1660 1460 1910 1515 *COMPETAT
1934 1484 2035 1516 ESSE
2059 1485 2204 1516 CAPUT
2227 1485 2466 1517 ECCLESlAE

558 1568 589 1593 111
609 1568 691 1597 sent„
712 1566 770 1591 dist.
790 1573 843 1594 xm,
863 1573 907 1598 qu.
927 1572 954 1594 n,
975 1570 1020 1589 art.
1043 1571 1071 1595 1;
1093 1564 1134 1588 De
1157 1563 1246 1592 Ver-it„
1266 1571 1311 1595 qu.
1329 1570 1396 1593 xnx,
1415 1567 1461 1587 nrt.
1479 1569 1505 1593 4,
1527 1561 1558 1592 5;
1580 1562 1724 1594 compend.
1747 1562 1847 1592 Tneol„
1867 1570 1922 1595 cap.
1942 1570 2032 1594 ccx1v3
2052 1563 2059 1587 l
2078 1563 2115 1588 ad
2136 1564 2211 1594 Cor.,
2231 1571 2286 1596 cap.
2304 1571 2337 1595 xx,
2357 1565 2414 1590 lect.
2432 1571 2456 1594 ι;

1074 1599 1118 1624 Ad
1138 1599 1245 1631 Ephes„
1265 1606 1320 1631 cap.
1340 1605 1357 1628 ι,
1378 1598 1435 1623 lect.
1454 1605 1513 1628 vm;

456 1726 466 1737 s
504 1710 515 1735 t
555 1720 578 1732 μ
630 1703 652 1727 ι)
682 1701 815 1726 PmMUM
844 1701 896 1725 s1o
925 1699 1160 1724 PROCEDITUR.
1188 1685 1349 1723 Videtur
1376 1685 1483 1734 quod

469 1736 494 1765 ’”’
546 1744 608 1794 &⁰
632 1742 796 1788 Christo,
813 1741 1029 1778 secundum
1049 1740 1155 1788 quod
1176 1747 1231 1776 est
1251 1739 1383 1781 homo,
1402 1749 1483 1774 non

539 1817 549 1823 ι
567 1782 823 1843 competat
858 1805 939 1830 esse
969 1800 1083 1841 caput
1110 1791 1313 1828 Ecclesiae.
1358 1791 1484 1839 Caput

588 1841 620 1885 N
632 1847 736 1884 enim
756 1845 881 1883 influit
897 1857 1055 1882 sensum
1075 1852 1111 1880 et
1129 1851 1282 1880 motum
1302 1843 1341 1880 in
1360 1855 1482 1880 mern-

420 1902 499 1938 bra.
538 1900 681 1937 Sensus
709 1907 838 1936 autem
867 1906 903 1935 et
931 1905 1059 1934 motus
1088 1895 1304 1945 spiritualis,
1333 1895 1400 1944 qui
1429 1902 1483 1932 est

420 1965 490 2003 per
516 1952 693 2000 gratiam,
730 1963 809 1988 non
838 1950 1011 1988 influitur
1038 1949 1150 1986 nobis
1182 1961 1205 1986 a
1234 1948 1385 1986 Christo
1414 1949 1483 1984 ho-

421 2006 544 2043 mine:
582 2005 689 2054 quia,
729 2004 825 2041 sicut
861 2003 950 2040 dicit
988 2001 1243 2050 Augustinus,
1280 2001 1319 2038 in
1348 2002 1419 2038 XV
1440 2001 1485 2037 de

426 2062 462 2097 T
459 2061 528 2096 rin.
548 2057 579 2105 ²¹²,
608 2070 680 2094 nec
708 2057 822 2094 etiam
843 2055 1027 2097 Christus,
1058 2055 1274 2091 secundum
1302 2053 1409 2103 quod
1429 2061 1484 2090 est

422 2113 555 2157 homo,
580 2110 643 2147 dat
664 2109 848 2159 Spiritum
869 2109 1066 2153 Sanctum,
1087 2107 1155 2144 sed
1175 2108 1302 2143 solum
1321 2106 1484 2155 inquan-

421 2173 506 2201 tum
525 2171 580 2200 est
599 2164 715 2200 Deus.
738 2163 839 2210 Ergo
855 2161 899 2207 ei,
916 2160 1132 2197 secundum
1152 2159 1259 2208 quod
1274 2167 1330 2196 est
1349 2160 1482 2206 homo,

422 2229 503 2254 non
531 2215 712 2265 competit
740 2227 821 2251 esse
850 2222 965 2262 caput
993 2212 1196 2249 Ecclesiae.

478 2281 512 2306 2.
542 2270 778 2313 PRAETEREA‚
813 2266 944 2315 capitis
979 2277 1059 2302 non
1087 2265 1239 2302 videtur
1271 2277 1352 2302 esse
1381 2264 1484 2301 aliud

422 2329 547 2371 caput.
588 2321 663 2358 Sed
694 2319 850 2366 Christi,
880 2318 1096 2356 secundum
1132 2318 1239 2367 quod
1267 2325 1322 2354 est
1350 2318 1483 2364 homo,

422 2382 536 2424 caput
577 2382 631 2410 est
667 2374 791 2410 Deus:
829 2371 1046 2409 secundum
1086 2370 1178 2408 illud
1206 2372 1220 2407 Ι
1259 2371 1345 2407 Cor.
1382 2369 1481 2407 X1*:

425 2429 543 2477 Caput
575 2428 710 2463 Christi
734 2427 845 2462 Deus.
883 2426 984 2473 Ergo
1013 2423 1094 2473 ipse
1124 2423 1297 2460 Christus
1325 2435 1406 2460 non
1429 2431 1484 2459 est

421 2488 547 2529 caput.

476 2533 510 2569 3.
541 2533 772 2578 PRAETEREA,
801 2538 916 2579 caput
944 2529 983 2566 in
1012 2528 1171 2565 homine
1200 2536 1255 2565 est
1283 2528 1482 2577 quoddam

420 2585 645 2635 particulare
687 2583 910 2620 membrum
952 2581 1193 2618 influentiam
1235 2580 1421 2630 recipiens
1463 2593 1485 2618 a

421 2638 548 2675 corde.
592 2636 668 2674 Sed
705 2635 878 2672 Christus
913 2642 968 2671 est
1002 2634 1217 2671 universale
1251 2633 1485 2683 principium

419 2690 535 2728 totius
563 2688 765 2726 Ecclesiae.
809 2688 910 2735 Ergo
946 2699 1026 2723 non
1055 2694 1110 2723 est
1138 2686 1328 2723 Ecclesiae
1357 2694 1482 2736 caput.

475 2744 549 2780 SED
569 2754 713 2779 CONTRA
732 2753 798 2777 EST
820 2739 927 2789 quod
952 2739 1089 2776 dicitur
1106 2740 1238 2788 Ephes.
1261 2751 1269 2776 1
1289 2739 1325 2775 *ε
1355 2741 1483 2789 Ipsum

421 2797 516 2833 dedit
543 2800 652 2844 caput
678 2806 791 2844 super
817 2804 966 2830 omnem
994 2792 1212 2829 Ecclesiam.

474 2850 697 2885 RESPONDEO
725 2858 906 2883 DICENDUM
935 2845 1057 2894 quod,
1087 2845 1183 2881 sicut
1209 2852 1288 2881 tota
1315 2844 1484 2881 Ecclesia

422 2900 557 2938 dicitur
578 2912 700 2937 unum
722 2911 863 2948 corpus
882 2897 1088 2948 mysticum
1109 2909 1178 2947 per
1197 2896 1484 2934 similitudinem

422 2953 470 2990 ad
505 2954 674 2990 naturale
709 2964 850 3001 corpus
879 2950 1066 2997 hominis,
1102 2950 1210 2999 quod
1238 2950 1484 2987 secundum*

423 3005 572 3043 diversa
600 3005 776 3042 membra
808 3004 922 3041 habet
950 3003 1123 3040 diversos
1151 3011 1274 3049 actus,
1311 3011 1353 3040 ut
1380 3004 1483 3052 Apo-

423 3060 541 3095 stolus
560 3059 682 3104 docet,
711 3059 822 3094 Rom.
843 3069 888 3093 xu
907 3056 927 3078 '¹‘
955 3064 991 3093 et
1010 3058 1023 3093 I
1047 3058 1133 3094 Cor.
1155 3068 1199 3092 xn
1218 3055 1276 3101 *²¹⁴3
1306 3055 1356 3092 ita
1376 3055 1484 3092 Chri-

423 3119 502 3148 stus
529 3110 666 3147 dicitur
685 3117 799 3158 caput
818 3108 1008 3146 Ecclesiae
1038 3109 1254 3146 secundum
1274 3108 1484 3146 similitudi-

424 3175 514 3200 nem
533 3161 695 3200 humani
714 3161 855 3210 capitis
886 3163 927 3198 In
947 3174 1026 3210 quo
1046 3161 1115 3199 tria
1134 3173 1343 3212 possumus
1362 3161 1484 3198 consi-

423 3217 571 3253 derare:
593 3213 731 3251 scilicet
750 3213 937 3259 ordinem,
954 3214 1226 3262 perfectionem
1241 3222 1277 3251 et
1291 3214 1481 3252 virtutem.

425 3267 624 3314 Ordinem,
654 3266 745 3315 quia
764 3273 878 3314 caput
906 3274 960 3302 est
979 3266 1103 3314 prima
1122 3279 1209 3316 pars
1228 3266 1408 3311 hominis,
1429 3267 1484 3304 in-

425 3320 602 3369 cipiendo
636 3331 657 3355 a
685 3317 883 3367 superiori.
928 3319 975 3354 Et
1011 3318 1099 3355 inde
1133 3327 1187 3356 est
1222 3320 1328 3369 quod
1369 3332 1485 3357 omne

479 3440 506 3471 α)
525 3447 629 3471 corpus.
647 3454 666 3458 —
682 3446 797 3472 corpora
815 3439 895 3464 tertia.

479 3473 504 3508 β)
523 3475 622 3507 gratia.
639 3489 659 3494 -
680 3475 781 3500 Gtristi
799 3474 867 3499 addit
887 3474 913 3499 Ρ.
932 3488 951 3492 -
969 3475 1036 3499 Ante
1059 3474 1188 3501 habituali
1206 3477 1250 3501 Plc
1269 3478 1366 3502 nddunt
1384 3479 1484 3511 gratia,

425 3509 492 3533 idem
513 3510 533 3534 E
553 3515 612 3541 post
630 3510 767 3535 habituali.

1533 1597 1577 1622 Ad
1598 1597 1710 1627 Co1oss.,
1731 1605 1787 1630 cap.
1806 1605 1823 1628 1,
1843 1598 1901 1622 lect.
1919 1605 1944 1623 ν.

1535 1683 1769 1734 principium
1805 1685 2006 1722 consuevit
2040 1685 2172 1723 vocari
2205 1694 2340 1736 caput:
2384 1687 2599 1726 seeundum

1536 1737 1628 1774 illud
1657 1739 1789 1774 Ierem.
1817 1750 1836 1775 ιι
1856 1736 1920 1775 δ*;
1955 1739 2020 1776 Ad
2051 1751 2162 1776 omne
2195 1745 2305 1789 caput
2335 1741 2419 1778 viae
2445 1742 2603 1790 posuisti

1535 1790 1698 1839 lupanar
1715 1791 1788 1828 tihi.
1809 1813 1835 1817 -
1854 1791 2131 1828 Perfectionem
2150 1799 2291 1839 autem,
2311 1791 2403 1842 quia
2421 1792 2460 1830 in
2479 1792 2600 1843 capite
2628 1783 2660 1830 ἰ

1535 1842 1664 1890 vigent
1696 1855 1832 1880 omnes
1861 1855 1995 1880 sensus
2023 1852 2060 1881 et
2087 1844 2285 1882 interiores
2312 1853 2349 1882 et
2376 1846 2599 1884 exteriores:
2628 1841 2642 1856 v

1537 1907 1627 1932 cum
1655 1895 1694 1931 in
1723 1895 1855 1932 ceteris
1875 1896 2062 1933 membris
2090 1896 2135 1934 sit
2159 1899 2263 1934 solus
2282 1905 2414 1935 tactus.
2443 1899 2493 1936 Et
2510 1898 2600 1937 inde

1537 1956 1592 1984 est
1619 1948 1726 1997 quod
1754 1948 1892 1985 dicitur
1917 1948 2034 1986 Isaiae
2054 1962 2088 1986 ix
2106 1949 2143 1986 *ε
2173 1951 2298 1987 Senex
2319 1957 2353 1987 et
2374 1952 2602 1990 honorabilis
2629 1957 2638 1967 “

1537 2002 1613 2050 ipse
1647 2007 1697 2037 est
1724 2007 1843 2050 caput.
1874 2023 1899 2028 -
1926 2001 2116 2039 Virtutem
2144 2015 2256 2050 vero,
2293 2003 2383 2052 quia
2410 2003 2531 2042 virtus
2565 2012 2602 2042 et

1537 2061 1666 2090 motus
1686 2061 1902 2091 ceterorum
1921 2055 2201 2102 membrorum,
2231 2063 2268 2093 et
2289 2056 2517 2104 gubernatio
2536 2069 2601 2095 eo-

1538 2118 1626 2143 rum
1654 2105 1693 2143 in
1721 2106 1799 2143 suis
1827 2106 1991 2157 actibus,
2025 2115 2081 2144 est
2111 2121 2135 2145 a
2162 2108 2302 2158 capite,
2335 2117 2493 2159 propter
2518 2110 2602 2148 vim

1538 2157 1758 2196 sensitivam
1793 2167 1829 2195 et
1863 2159 2050 2199 motivam
2085 2160 2136 2197 ibi
2169 2161 2446 2200 dominantem.
2488 2163 2601 2200 Unde

1538 2219 1574 2248 et
1602 2219 1726 2248 rector
1759 2211 1896 2249 dicitur
1927 2220 2043 2262 caput
2068 2214 2221 2263 populi:
2258 2215 2474 2252 secundum
2509 2214 2602 2253 illud

1538 2265 1667 2314 IReg.
1688 2277 1736 2301 xv
1754 2264 1791 2301 *ε
1825 2266 1920 2302 Cum
1955 2277 2049 2303 esses
2077 2267 2260 2316 parvulus
2294 2268 2331 2304 in
2367 2268 2483 2305 oculis
2513 2269 2601 2317 tuis,

1537 2323 1647 2367 caput
1675 2319 1711 2354 in
1740 2319 1903 2355 tribubus
1931 2319 2052 2356 Israel
2067 2320 2197 2367 factus
2224 2332 2273 2356 es.

1591 2371 1698 2407 Haec
1726 2378 1855 2407 autem
1883 2371 1954 2408 tria
1988 2379 2213 2421 competunt
2242 2372 2393 2410 Christo
2427 2372 2602 2423 spiritua·

1538 2422 1629 2460 liter.
1660 2423 1792 2460 Primo
1814 2423 1929 2470 enim,
1955 2425 2171 2462 secundum
2198 2424 2527 2474 propinquitatem
2551 2425 2602 2464 ad

1538 2476 1664 2512 Deum
1701 2475 1819 2523 gratia
1853 2476 1935 2513 eius
1969 2476 2078 2513 altior
2112 2485 2148 2514 et
2178 2477 2285 2526 prior
2311 2486 2384 2525 est,
2420 2478 2488 2515 etsi
2520 2490 2602 2516 non

1537 2536 1729 2578 tempore:
1759 2529 1850 2578 quia
1869 2541 2006 2566 omnes
2025 2529 2086 2566 alii
2105 2538 2334 2579 acceperunt
2352 2530 2510 2579 gratiam
2533 2542 2604 2581 per

1538 2589 1752 2630 respectum
1796 2581 1845 2618 ad
1882 2581 2040 2629 gratiam
2078 2581 2216 2631 ipsius,
2255 2583 2472 2621 secundum
2508 2583 2603 2622 illud

1537 2635 1647 2671 Rom.
1668 2646 1725 2670 vm
1743 2633 1781 2670 *ε
1817 2635 1918 2676 Quos
1934 2636 2144 2683 praescivit,
2167 2636 2234 2672 hos
2261 2642 2294 2672 et
2315 2637 2604 2686 praedestinavit
2629 2645 2640 2655 ·

1537 2687 1750 2734 conformes
1765 2688 1860 2735 fieri
1886 2688 2062 2737 imaginis
2089 2688 2177 2724 Filii
2194 2690 2262 2735 sui,
2292 2695 2330 2726 ut
2355 2691 2400 2726 sit
2427 2691 2504 2740 ipse
2523 2691 2603 2740 pri·

1537 2741 1746 2789 mogenitus
1780 2741 1817 2775 in
1853 2740 1975 2776 multis
1998 2741 2195 2788 fratribus,
2225 2763 2250 2768 -
2279 2742 2460 2780 Secundo
2491 2754 2600 2790 vero,

1537 2791 1809 2841 perfectionem
1852 2792 1968 2829 habet
2008 2801 2199 2841 quantum
2236 2794 2284 2831 ad
2322 2794 2601 2844 plenitudinem

1539 2844 1718 2882 omniurn
1742 2844 1960 2892 gratiarum,
1984 2846 2201 2883 secundum
2220 2846 2312 2884 illud
2332 2848 2435 2885 Ioan.
2457 2847 2516 2885 1*:
2544 2846 2600 2886 Vi-

1538 2898 1658 2935 dimus
1685 2910 1769 2934 eum
1791 2898 1946 2946 plenum
1971 2900 2119 2948 gratiae
2137 2905 2170 2936 et
2188 2901 2359 2946 veritatis,
2388 2907 2431 2938 ut
2451 2900 2602 2950 supra*

1539 2958 1737 2987 ostensum
1757 2958 1823 2987 est.
1839 2972 1864 2976 —
1879 2950 2023 2998 Tertio,
2038 2951 2224 2989 virtutem*
2238 2952 2394 2990 habuit⁸
2412 2951 2600 2990 influendi

1538 3002 1697 3052 gratiam
1725 3003 1763 3039 in
1792 3003 1924 3040 omnia
1951 3004 2128 3042 membra
2146 3005 2355 3043 Ecclesiae:
2384 3005 2599 3042 secundum

1539 3056 1631 3093 illud
1660 3056 1846 3092 loan.1*:
1877 3057 1936 3093 De
1963 3057 2192 3106 plenitudine
2225 3060 2303 3095 eius
2335 3069 2463 3096 omnes
2495 3069 2599 3095 acce-

1534 3110 1669 3159 pimus.
1699 3131 1723 3135 —
1754 3109 1801 3146 Et
1829 3108 1881 3146 sic
1908 3117 2010 3158 patet
2038 3110 2145 3159 quod
2166 3109 2439 3148 convenienter
2465 3109 2602 3148 dicitur

1541 3161 1714 3199 Christus
1742 3169 1856 3211 caput
1884 3162 2086 3200 Ecclesiae.

1593 3216 1649 3252 Αι)
1678 3227 1812 3252 smmum
1841 3227 1938 3252 ERGO
1966 3227 2146 3254 memnon
2181 3215 2288 3265 quod
2322 3215 2412 3252 dare
2439 3215 2599 3264 gratiam

1539 3275 1604 3304 aut
1633 3267 1817 3317 Spiritum
1846 3268 2031 3305 Sanctum
2065 3267 2245 3305 convenit
2277 3267 2428 3305 Christo
2464 3280 2599 3305 secun-

1539 3321 1635 3358 dum
1659 3321 1765 3370 quod
1785 3321 1902 3368 Deus,
1931 3319 2207 3358 auctoritative:
2237 3320 2304 3358 sed
2331 3319 2599 3358 instrumenta-

1594 3444 1620 3477 γ)
1641 3444 1712 3476 quod
1733 3445 1885 3469 secundum.
1903 3458 1922 3462 -
1939 3442 2039 3474 Tei-623
2065 3442 2128 3474 quia
2150 3441 2293 3467 secundum
2313 3442 2340 3474 F,
2359 3443 2502 3468 secundum
2528 3444 2600 3476 quod

1541 3479 1633 3509 ceteri;
1653 3487 1700 3512 pro
1718 3480 1803 3508 habet,
1823 3479 1920 3504 habent
1937 3477 2004 3503 EsD.

1592 3512 1617 3545 ὀ)
1638 3514 1730 3540 Ierem.
1752 3521 1788 3540 11.
1806 3528 1825 3533 -
1845 3513 1938 3547 Ezech.
1956 3517 2012 3538 xv!
2029 3512 2062 3543 P;
2082 3512 2172 3538 eadem
2195 3518 2243 3546 pro
2263 3512 2380 3545 posuisti
2403 3514 2519 3546 lupanar
2542 3514 2599 3544 tibi,

1540 3548 1687 3582 aedificasti
1704 3549 1810 3582 signum
1826 3547 2027 3581 prostitutionis
2045 3550 2115 3573 tuae.

1592 3584 1615 3617 ι)
1634 3584 1733 3610 habuit.
1752 3598 1770 3603 -
1788 3584 1866 3610 habet
1884 3583 1965 3609 tertia.

2628 2270 2720 2293 ’Vem
2736 2276 2772 2300 ¹7-
2825 2261 2831 2278 κ’
2869 2265 2870 2269 ’

2654 2643 2773 2672 νικας.
2830 2651 2831 2654 ’

2630 2852 2639 2864 “
2652 2849 2720 2872 ven.
2736 2856 2770 2877 ¹4-

2628 2903 2639 2914 ⁴
2653 2902 2701 2930 Qu.
2711 2908 2752 2930 vu,
2764 2904 2807 2927 nst·

2629 3061 2638 3072 ⁸
2653 3059 2718 3082 νει-ι.
2736 3059 2770 3083 16.
2815 3079 2818 3081 .
