2872 3970
390 217 439 263 76

389 294 422 323 in
444 294 508 323 hoc
531 292 620 332 quod
644 297 690 322 est
714 301 781 322 esse
811 301 867 332 per
890 301 923 321 se
946 291 1050 331 prImo
1076 291 1295 330 susceptivum
1319 290 1454 320 entitatis

389 337 493 372 realis,
518 342 645 376 oportet
669 345 736 366 esse
759 336 931 366 realitatem
955 335 1111 374 aliquam:
1143 334 1198 364 sed
1221 334 1272 363 hic
1295 334 1396 363 homo
1420 334 1452 362 in

389 382 451 411 hoc
476 380 577 411 differt
600 381 638 410 ab
662 380 720 410 hac
743 381 949 414 humanitate,
974 378 1063 418 quod
1087 377 1205 408 claudit
1227 378 1260 407 in
1277 387 1310 406 se
1334 375 1452 416 aliquid

390 434 456 464 quo
481 429 527 454 est
555 433 613 463 per
635 433 668 454 se
692 424 796 464 primo
821 423 1018 463 susceptivus
1042 422 1175 452 alicuius
1200 421 1336 450 entitatis
1363 420 1453 450 realis

389 469 593 508 repugnantis
616 468 691 498 huic
715 467 919 497 humanitati:
945 475 1020 505 ergo
1045 464 1163 495 claudit
1178 465 1211 494 in
1227 474 1260 493 se
1279 464 1453 494 realitatem

355 544 356 548 ,
390 512 627 542 constitutivam
650 512 683 541 in
708 520 775 541 esse
799 520 865 550 quo
889 509 992 540 differt
1015 510 1053 539 ab
1077 509 1135 538 hac
1158 508 1365 538 humanitate.
1391 506 1454 537 Sed

358 575 359 580 ι
388 565 456 586 non
480 555 582 586 differt
604 556 664 585 nisi
686 555 719 584 in
743 564 811 585 esse
834 553 1011 594 personali,
1036 561 1102 592 quo
1126 553 1178 582 hic
1201 552 1301 581 homo
1327 556 1373 581 est
1395 551 1454 591 hy-

360 599 361 602 ’
389 600 523 640 postasis
547 600 612 629 sive
635 608 787 638 persona,
812 599 890 628 haec
912 597 1092 627 humanitas
1114 605 1192 625 non.
1227 595 1313 635 Ergo
1344 604 1453 634 perso-

363 667 365 678 ,
388 643 499 674 nalitas
522 644 617 673 huius
640 642 779 672 hominis
810 640 895 671 addit
921 641 1061 680 aliquam
1084 639 1257 669 realitatem
1284 639 1453 669 intrinsece

364 681 365 684 ¹
389 687 626 718 constitutivam
645 695 800 726 personae
816 685 984 719 humanae,
1005 693 1100 723 supra
1114 684 1195 713 hanc
1211 683 1451 712 humanitatem.

156 1608 165 1618 ¹⁴
180 1607 214 1630 Cf.
234 1613 296 1629 num.
313 1613 337 1628 u.

155 1874 165 1885 ’
182 1873 216 1895 Cf.
228 1879 292 1895 num.
307 1879 339 1900 vr,
348 1874 367 1894 i-

156 1903 223 1921 nmo.

155 2005 164 2015 ⁸
179 2004 214 2026 Cf.
233 2009 296 2025 num.
317 2009 365 2031 seq.

156 2046 165 2055 ’¹
176 2045 199 2066 S.
210 2044 255 2065 Th.
266 2044 316 2065 lect.
326 2050 347 2065 x,
356 2055 365 2060 -

155 2070 206 2092 Did.
216 2070 255 2091 lib.
265 2070 305 2097 1v,
315 2076 365 2098 cap.

155 2103 204 2124 vin,
221 2103 242 2118 n.
258 2103 276 2124 5.

163 2799 172 2809 ·
187 2797 242 2818 Loc.
257 2797 295 2818 cit.

164 2884 173 2894 ⁸
189 2884 243 2910 Cap.
261 2889 295 2910 111,
315 2889 336 2904 n.
355 2890 371 2904 ι.

166 3059 174 3068 ·
191 3057 239 3084 Qu.
255 3063 280 3082 ιι,
298 3061 339 3078 art.
354 3063 373 3085 3,

164 3084 296 3105 comment.
311 3090 372 3105 num.

166 3116 182 3131 1.

444 731 533 760 Haec
556 731 635 760 ratio
658 739 726 759 non
741 729 802 758 nisi
825 728 864 758 ad
880 726 1147 758 manifestandum
1165 726 1243 765 quid
1257 727 1370 756 sentiat
1385 726 1453 756 Au-

389 780 458 804 ctor
482 774 521 804 de
545 773 718 804 differentia
741 773 821 802 inter
844 772 1047 811 suppositum
1071 777 1102 800 et
1120 776 1266 800 naturam
1289 770 1380 800 allata
1396 775 1451 800 est.

388 817 487 858 Apud
510 818 588 847 alios
611 826 751 855 namque
770 816 836 846 scio
852 825 920 845 non
935 815 1054 845 valere:
1080 814 1156 854 quia
1170 819 1297 853 ponunt
1312 814 1345 843 in
1362 813 1453 844 Chri-

390 867 438 892 sto
469 871 536 891 non
560 861 665 891 solum
696 860 788 899 plura
811 869 895 894 esse,
920 858 975 888 sed
999 859 1094 888 etiarn
1122 867 1242 888 novam
1265 857 1453 888 filiationem

389 905 516 935 realem.
541 905 581 934 Et
603 905 666 934 hoc
681 904 787 943 ipsum
810 903 909 942 magis
926 907 1088 932 attestatur
1111 901 1201 941 quod
1216 902 1372 931 sententia
1386 901 1453 931 Au-

390 950 485 979 ctoris
502 953 548 978 est
564 957 646 988 quae
662 946 745 977 dicta
761 951 816 977 est.
838 947 1012 984 Quoniam,
1026 950 1260 985 consequenter
1275 945 1452 985 loquendo,

389 998 546 1033 ponentes
569 1000 739 1031 personam
755 1000 822 1020 non
838 990 989 1020 constitui
1004 990 1173 1020 intrinsece
1189 989 1298 1029 aliquo
1314 990 1452 1029 positivo

389 1045 484 1076 supra
506 1036 588 1065 hanc
612 1040 766 1070 naturam,
792 1039 1025 1074 consequenter
1049 1043 1086 1064 ex
1109 1034 1280 1073 negatione
1302 1043 1453 1073 persona-

389 1080 482 1110 litatis
498 1080 656 1109 humanae
671 1079 750 1108 nihil
765 1078 848 1108 reale
864 1077 981 1108 debent
997 1076 1119 1108 auferre
1131 1078 1170 1107 ab
1181 1077 1313 1108 homine
1326 1077 1452 1108 Christo

391 1123 480 1163 quod
503 1128 549 1153 est
571 1123 604 1152 in
628 1122 712 1152 aliis:
738 1123 813 1162 quia
835 1122 914 1152 nihil
937 1121 1019 1152 reale
1036 1122 1187 1152 convenit
1206 1121 1391 1152 hominibus
1406 1131 1454 1151 ra-

389 1168 478 1197 tione
493 1167 680 1207 negationis,
694 1171 748 1196 aut
763 1165 958 1196 huiusmodi.
979 1165 1020 1196 Et
1034 1175 1091 1205 per
1103 1166 1291 1205 oppositum
1306 1165 1454 1195 tollentes

391 1211 530 1251 aliquam
549 1210 722 1241 realitatem
741 1220 759 1240 a
775 1209 902 1240 Christo
918 1210 1050 1240 homine
1069 1214 1239 1250 propterea
1258 1209 1333 1249 quia
1348 1209 1454 1249 aliqua

390 1256 512 1286 realitas
536 1260 582 1285 est
605 1264 761 1294 personae
784 1259 815 1284 et
831 1253 936 1293 aliqua
951 1259 1092 1289 naturae,
1109 1253 1235 1290 debent,
1253 1263 1454 1293 consequen-

390 1305 437 1330 ter
452 1298 628 1338 loquendo,
653 1298 756 1328 dicere
781 1297 870 1338 quod
892 1297 1098 1337 personalitas
1121 1297 1260 1337 aliquam
1281 1297 1454 1328 realitatem

391 1343 629 1374 constitutivam
656 1342 824 1372 intrinsece
854 1351 1008 1381 personae
1039 1345 1075 1371 ut
1105 1340 1306 1382 distinguitur
1333 1341 1372 1372 ab
1395 1342 1454 1372 hac

390 1393 511 1423 natura,
537 1386 621 1422 dicit,
646 1395 728 1426 quae
752 1386 785 1416 in
809 1385 936 1416 Christo
960 1395 1027 1416 non
1043 1385 1112 1421 fuit,
1138 1391 1169 1416 et
1192 1385 1231 1416 ad
1247 1386 1337 1416 cuius
1352 1386 1454 1426 impe-

391 1431 546 1461 ditionem
570 1436 678 1460 secuta
702 1436 748 1460 est
770 1429 937 1469 impeditio
960 1429 1155 1469 reliquarum
1178 1430 1356 1460 realitatum
1383 1439 1454 1470 per—

391 1475 560 1505 sonalium.

447 1519 614 1549 Consonat
629 1523 736 1548 autem
759 1518 837 1548 haec
856 1518 1012 1548 sententia
1034 1517 1082 1547 his
1106 1526 1188 1557 quae
1204 1517 1237 1547 in
1253 1516 1455 1557 praecedenti

392 1569 423 1593 et
445 1563 507 1593 hoc
532 1562 663 1592 articulo
696 1561 845 1592 dicuntur
868 1561 907 1592 de
931 1561 1137 1601 corruptione
1163 1561 1394 1601 personalitatis
1425 1566 1456 1591 et

391 1606 622 1647 impedimento
640 1605 782 1636 eiusdem
798 1607 831 1636 *:
857 1611 888 1635 et
906 1606 954 1636 his
971 1615 1053 1645 quae
1076 1605 1110 1635 in
1126 1605 1168 1635 IV
1187 1605 1310 1635 Contra
1329 1605 1454 1641 Gentes,

392 1661 461 1691 cap.
478 1660 561 1687 xrm,
586 1650 743 1686 dicuntur,
768 1649 845 1680 dum
865 1650 1011 1680 asseritur
1035 1649 1133 1688 quod,
1157 1649 1185 1679 si
1199 1649 1383 1690 lypostasis
1397 1649 1456 1679 hu-

391 1705 489 1725 mana
513 1704 576 1725 non
602 1699 782 1724 remaneret
805 1694 836 1724 in
862 1703 900 1724 ea
924 1698 1042 1724 natura
1066 1693 1098 1724 in
1122 1703 1196 1733 qua,
1221 1692 1412 1724 assumenda
1435 1703 1456 1723 a

398 1739 514 1774 Verbo,
532 1738 787 1778 praeextitisset,
811 1738 872 1768 hoc
893 1737 963 1767 sine
985 1737 1194 1777 corruptione
1216 1737 1362 1767 accidere
1391 1747 1455 1767 non

386 1783 564 1824 potuisset:
594 1783 718 1812 nullum
748 1781 832 1812 enim
855 1781 1024 1822 singulare
1054 1781 1170 1811 desinit
1196 1790 1264 1811 esse
1284 1781 1346 1811 hoc
1371 1781 1458 1822 quod

393 1833 440 1858 est
463 1827 524 1856 nisi
541 1836 604 1866 per
626 1826 874 1865 corruptionem.
899 1825 988 1855 Haec
1011 1824 1073 1855 ille.

447 1870 528 1901 VIII.
545 1870 736 1909 Simpliciter
751 1874 858 1899 autem
875 1874 905 1899 et
921 1868 1065 1899 absolute
1081 1868 1247 1908 loquendo
1258 1869 1284 1904 *ξ
1301 1874 1457 1899 monstra—

392 1920 443 1945 tur
462 1915 578 1954 positio
599 1915 656 1944 ista
673 1914 787 1943 rationi
806 1917 1029 1948 consentanea,
1041 1918 1106 1942 tam
1128 1911 1306 1943 secundum
1323 1922 1360 1942 ea
1375 1922 1457 1953 quae

393 1964 467 1989 sunt
490 1968 527 1988 ex
550 1958 672 1988 lumine
695 1957 839 1992 naturali,
864 1966 962 1996 quam
981 1956 1159 1986 secundum
1176 1966 1213 1986 ea
1231 1965 1314 1996 quae
1330 1962 1404 1987 sunt
1420 1967 1457 1987 ex

392 2003 514 2033 lumine
538 2001 612 2032 fidei
628 2002 644 2018 ⁴*
667 2007 753 2031 nota.
777 2000 975 2030 Rationabile
992 2000 1150 2040 siquidem
1166 2005 1213 2030 est
1228 2005 1273 2035 ut,
1291 1999 1458 2040 dupliciter

394 2046 477 2077 dicta
499 2046 672 2076 substantia
694 2045 727 2075 in
750 2045 779 2074 V
796 2044 977 2084 Metaphys.
994 2045 1027 2079 *,
1059 2044 1178 2074 scilicet
1207 2043 1247 2074 de
1270 2045 1404 2074 essentia
1427 2050 1458 2074 et

394 2090 434 2121 de
456 2090 558 2130 prima
581 2089 770 2124 substantia,
799 2089 880 2118 sicut
902 2088 1076 2118 substantia
1098 2097 1157 2127 pro
1182 2088 1317 2117 essentia
1340 2093 1386 2118 est
1408 2097 1458 2118 res

394 2135 446 2164 cui
468 2133 599 2164 debetur
614 2133 683 2163 talis
699 2131 815 2163 modus
832 2131 955 2162 essendi
979 2141 1077 2171 quem
1101 2131 1386 2171 circumloquimur
1401 2141 1458 2172 per

394 2187 461 2209 esse
485 2187 548 2218 per
570 2187 613 2213 se,
637 2178 699 2206 hoc
731 2181 786 2211 est,
812 2185 876 2206 non
904 2176 936 2205 in
965 2175 1031 2205 alio
1061 2175 1145 2205 sicut
1174 2175 1321 2206 accidens
1351 2180 1399 2206 est
1425 2176 1457 2206 in

393 2222 554 2252 subiecto:
583 2222 626 2251 ita
653 2220 827 2250 substantia
853 2229 912 2259 pro
943 2219 1116 2249 substantia
1146 2219 1249 2258 prima
1271 2220 1310 2249 sit
1333 2229 1382 2250 res
1406 2220 1458 2250 cui

394 2265 527 2296 debetur
557 2265 626 2295 talis
654 2263 771 2294 modus
802 2262 926 2294 essendi
956 2272 1055 2302 quem
1085 2262 1372 2303 circumloquimur
1401 2273 1458 2303 per

395 2319 462 2340 esse
478 2319 541 2349 per
563 2318 597 2339 se
623 2307 797 2348 separatim
827 2308 872 2338 ita
898 2307 984 2347 quod
1013 2311 1172 2348 repugnet
1193 2307 1223 2337 ei
1245 2316 1312 2338 esse
1335 2307 1368 2337 in
1391 2307 1457 2337 alio

395 2359 431 2384 ut
453 2354 485 2383 in
509 2352 611 2393 quod,
635 2353 700 2382 sive
723 2357 759 2382 ut
782 2361 844 2391 quo
868 2352 902 2381 in
924 2350 1024 2391 quod,
1049 2351 1114 2381 sive
1138 2355 1173 2381 ut
1195 2360 1266 2391 pars
1290 2356 1344 2381 aut
1368 2352 1458 2391 quasi

394 2407 466 2437 pars
489 2397 522 2427 in
537 2402 617 2426 toto.
643 2395 694 2426 Sic
711 2396 796 2426 enim
812 2395 977 2435 ponendo,
995 2394 1271 2434 quemadmodum
1286 2395 1460 2425 substantia

394 2451 454 2481 pro
479 2441 613 2471 essentia
635 2449 702 2469 non
726 2449 764 2470 ex
786 2438 886 2469 modo
911 2438 1051 2474 essendi,
1080 2437 1267 2468 affirmativo
1290 2438 1342 2468 vel
1363 2448 1459 2478 nega-

394 2486 479 2521 tivo,
503 2484 721 2519 constituitur,
753 2482 809 2514 sed
832 2493 870 2513 ex
893 2483 1097 2513 constitutiva
1125 2482 1294 2512 intrinsece
1320 2483 1460 2513 realitate

396 2530 448 2559 cui
471 2528 604 2559 debetur
628 2537 695 2558 esse
718 2527 772 2557 tali
794 2526 912 2557 modo:
947 2527 990 2556 ita
1013 2526 1186 2556 substantia
1215 2535 1274 2566 pro
1297 2526 1460 2566 hypostasi

395 2583 463 2603 non
486 2578 559 2602 actu
583 2571 707 2602 essendi
729 2571 784 2601 tali
806 2570 924 2606 modo,
956 2569 1011 2600 sed
1035 2580 1072 2600 ex
1094 2570 1234 2600 realitate
1258 2570 1461 2600 constitutiva

395 2617 495 2656 ipsius
518 2616 686 2646 intrinsece
710 2616 762 2645 cui
783 2614 915 2644 debetur
938 2619 1026 2644 actus
1043 2613 1166 2644 essendi
1181 2613 1235 2643 tali
1255 2613 1365 2650 modo,
1383 2623 1460 2644 con-

396 2661 544 2691 stituitur.

451 2705 520 2734 Nec
552 2704 646 2734 tacita
668 2713 686 2733 a
717 2702 916 2742 Philosopho
940 2701 1126 2732 huiusmodi
1158 2701 1297 2737 realitas‚
1321 2701 1377 2732 sed
1409 2711 1461 2732 ex—

397 2758 503 2788 pressa
527 2753 573 2777 est
595 2749 629 2777 in
644 2747 775 2787 proprio
800 2746 974 2776 constituto
998 2755 1055 2785 per
1070 2746 1181 2785 ipsam,
1206 2744 1284 2775 dum
1298 2746 1332 2775 in
1347 2746 1376 2775 V
1392 2746 1461 2776 Me-

399 2793 523 2832 taphys.
541 2793 557 2808 ³*
580 2791 753 2821 substantia
776 2790 921 2820 distincta
937 2794 983 2819 est
998 2791 1031 2820 in
1047 2789 1254 2820 substantiam
1276 2798 1335 2829 pro
1359 2789 1462 2830 hypo-

398 2837 471 2866 stasi
495 2841 526 2865 et
549 2835 755 2865 substantiam
778 2843 836 2874 pro
861 2834 995 2864 essentia
1018 2833 1230 2869 substantiali3
1255 2838 1286 2863 et
1308 2834 1342 2865 in
1364 2833 1462 2864 Prae-

400 2880 585 2910 dicamentis
600 2880 616 2895 ⁴*
641 2879 812 2909 substantia
830 2879 932 2918 prima
948 2878 1093 2918 proprie,
1104 2877 1332 2918 principaliter
1346 2882 1377 2907 et
1394 2886 1462 2908 ma-

399 2924 485 2954 xime
507 2923 684 2954 substantia
707 2922 829 2953 dicitur.
861 2921 949 2952 Idem
972 2927 1078 2952 autem
1102 2920 1294 2961 significatur
1316 2930 1373 2961 per
1391 2922 1462 2952 sub-

399 2967 550 2998 stantiam
568 2967 726 3007 primam,
750 2966 964 3007 lypostasim,
992 2966 1190 3005 suppositum
1213 2970 1245 2995 et
1267 2974 1461 3005 personam,

401 3012 460 3042 nisi
484 3011 573 3051 quod
589 3020 734 3050 persona
764 3011 797 3040 in
820 3010 895 3040 solis
918 3010 1124 3040 rationalibus
1154 3009 1264 3039 locum
1291 3009 1402 3046 habet,
1427 3014 1462 3040 ut

401 3061 487 3096 patet
510 3065 547 3085 ex
570 3060 643 3084 ante
659 3056 676 3071 ἢ*
693 3054 791 3084 dictis.
1271 3087 1276 3090 1

456 3098 589 3129 Accedit
611 3098 651 3128 ad
668 3098 746 3128 haec
769 3097 857 3137 quod
874 3107 996 3127 nornen
1013 3097 1197 3138 hypostasis
1218 3102 1272 3127 aut
1288 3105 1460 3137 personae,

404 3149 434 3174 et
457 3143 598 3173 similiter
612 3142 745 3171 nomina
759 3141 887 3180 propria
902 3147 1085 3171 naturarum
1109 3151 1183 3171 cum
1206 3141 1460 3180 pronominibus,

403 3193 439 3217 ut
461 3187 512 3216 hic
534 3186 638 3220 homo,
663 3185 714 3214 hic
736 3185 808 3220 bos,
834 3189 864 3213 et
887 3185 1028 3214 similiter
1050 3186 1243 3224 pronomina
1266 3184 1461 3215 demonstra-

404 3232 466 3261 tiva
488 3229 704 3269 personaliter,
728 3233 764 3258 ut
787 3237 859 3268 egO,
877 3232 920 3262 tu,
938 3228 1001 3263 ille,
1026 3237 1138 3258 omnes
1162 3228 1352 3259 confitemur
1367 3229 1462 3269 signi-

404 3275 498 3305 ficare
521 3272 694 3303 formaliter
717 3271 932 3306 substantiam,
958 3277 988 3301 et
1010 3281 1077 3301 non
1093 3273 1296 3311 negationem
1313 3278 1367 3303 aut
1382 3273 1462 3303 acci-

405 3318 482 3348 dens
506 3322 559 3347 aut
582 3321 737 3346 extranea.
773 3315 805 3345 Si
829 3324 941 3344 omnes
964 3315 1027 3344 hoc
1050 3314 1201 3351 fatemur,
1225 3325 1298 3352 cur,
1323 3316 1362 3347 ad
1387 3316 1464 3357 quid

407 3362 454 3391 rei
476 3361 678 3401 significatae
700 3363 940 3399 perscrutantes,
965 3357 1148 3388 divertimus
1171 3368 1189 3388 a
1204 3361 1370 3390 communi
1386 3370 1463 3390 con—

407 3402 563 3435 fessione?
586 3404 635 3439 Et,
653 3402 953 3443 si-personalitatem
975 3402 1178 3440 negationem
1202 3411 1269 3432 esse
1292 3403 1464 3434 formaliter

407 3448 511 3478 dicere
534 3448 620 3483 licet,
645 3457 700 3477 cur
723 3457 789 3477 non
812 3451 910 3476 statur
931 3446 965 3475 in
980 3446 1134 3475 sententia
1153 3450 1240 3475 tanto
1260 3447 1464 3485 probabiliori

408 3497 528 3532 quanto
552 3492 650 3530 magis
674 3500 816 3521 consona
839 3489 1004 3520 communi
1028 3487 1240 3518 confessioni?

464 3535 515 3565 IX.
540 3535 697 3574 Theologi
714 3543 856 3574 quoque,
869 3538 1024 3574 ponentes
1040 3532 1295 3573 personalitatem
1308 3533 1339 3563 in
1352 3533 1464 3564 divinis

1111 213 1374 259 QUAESTIO
1402 212 1469 259 IV,
1500 212 1791 250 ARTICULUS
1819 213 1849 249 11

1508 290 1678 328 positivam
1701 299 1783 327 rem,
1812 300 1886 321 cum
1910 300 1947 321 ex
1971 291 2023 321 illa
2045 292 2269 331 personalitate
2293 293 2395 323 omnis
2412 301 2571 332 persona-

1509 333 1583 363 litas
1607 333 1639 363 in
1664 334 1753 364 caelo
1777 339 1808 364 et
1829 335 1863 364 in
1886 339 1976 365 terra
2000 335 2198 371 nominetur,
2230 336 2311 366 sicut
2341 345 2380 366 ex
2401 335 2457 366 illo
2480 336 2571 367 Patre

1509 376 1612 406 omnis
1632 378 1820 416 paternitas,
1844 378 1931 408 iuxta
1953 379 2102 418 Apostoli
2118 380 2306 410 sententiam
2321 381 2348 416 ’,
2367 379 2486 410 docent
2499 389 2570 416 nos,

1508 419 1547 450 ad
1570 418 1694 451 divinae
1716 421 1947 461 personalitatis
1971 423 2141 462 aliqualem
2164 423 2392 459 imitationem,
2420 423 2515 454 etiam
2537 424 2571 454 in

1509 464 1657 494 creaturis
1680 465 1937 504 personalitatem
1959 467 2128 506 positivam
2151 476 2219 496 rem
2243 476 2320 497 esse.

1562 507 1720 547 Amplius,
1745 507 1887 539 dicentes
1909 518 2080 549 personam
2102 510 2198 540 Verbi
2222 510 2255 540 in
2272 510 2400 541 Christo
2423 510 2571 551 supplere

1507 559 1679 590 personam
1701 551 1886 589 humanam,
1911 558 2035 584 constat
2058 553 2147 593 quod
2167 563 2235 584 non
2251 553 2362 584 dicunt
2385 554 2474 594 quod
2496 563 2572 594 sup—

1507 594 1573 633 plet
1596 595 1674 625 nihil
1699 595 1838 635 (negatio
1863 602 1970 627 autem
1994 602 2040 627 est
2062 597 2141 628 nihil
2164 597 2368 637 formaliter):
2393 596 2449 628 sed
2468 599 2571 628 inten-

1508 637 1588 668 dunt
1618 638 1708 678 quod
1737 639 1865 679 supplet
1887 640 2094 671 substantiam
2125 650 2222 681 quam
2252 641 2407 681 significat
2435 650 2572 681 persona

1507 682 1663 718 humana,
1688 692 1745 713 seu
1767 683 1819 713 hic
1842 684 1953 714 homo.
1988 684 2064 714 Non
2086 685 2181 724 igitur
2203 685 2409 725 personalitas
2431 685 2570 725 negatio,

1507 730 1562 755 aut
1584 725 1701 756 modus
1724 726 1932 766 significandi,
1949 733 2004 758 aut
2027 734 2212 759 extraneum
2232 728 2310 768 quid
2333 734 2395 759 est:
2419 728 2475 759 sed
2497 729 2572 759 sub-

1507 770 1629 805 stantia,
1646 770 1720 800 loco
1745 771 1836 801 cuius
1859 771 1892 801 in
1909 770 2036 802 Christo
2056 778 2103 802 est
2125 781 2263 812 persona
2277 772 2384 808 Verbi,
2401 781 2483 812 quae
2498 778 2572 804 vere

1508 818 1554 843 est
1576 813 1627 844 hic
1650 814 1752 844 homo
1776 819 1807 844 et
1829 822 1966 854 persona
1988 815 2138 846 humana.

1561 857 1719 897 Amplius,
1743 857 1769 887 si
1792 863 1904 888 natura
1926 864 2087 899 assumpta
2103 869 2120 889 a
2135 859 2242 890 Verbo
2265 859 2460 890 desereretur
2475 860 2514 890 ab
2531 869 2570 891 eo

1508 901 1540 931 in
1563 901 1628 931 suis
1650 902 1787 941 propriis
1809 902 2014 938 naturalibus,
2039 908 2120 933 esset
2142 909 2219 933 tunc
2243 904 2303 934 alia
2323 913 2460 943 persona
2475 904 2572 934 Verbi

1507 944 1568 975 Dei
1592 950 1623 975 et
1641 945 1700 975 alia
1723 954 1860 984 persona
1882 945 2033 976 illiusmet
2048 952 2178 977 naturae
2196 947 2365 978 humanae.
2389 947 2474 987 Ergo
2491 953 2573 978 esset

1507 994 1584 1019 tunc
1607 989 1668 1019 alia
1691 990 1864 1019 substantia
1891 989 2043 1020 illiusmet
2069 991 2291 1021 humanitatis:
2323 991 2478 1030 quoniam
2504 992 2572 1023 alia

2599 385 2608 395 ⁷
2617 383 2656 405 Ad
2664 382 2747 412 Ephes.
2757 389 2809 414 esp.
2857 397 2858 400 =

2599 415 2633 437 ιιι,
2648 415 2707 432 νει-ι.
2724 417 2754 439 ι5.

1508 1038 1555 1062 est
1569 1033 1735 1063 relativum
1752 1032 1938 1063 diversitatis
1949 1034 2150 1064 substantiae.
2168 1035 2254 1074 Ergo
2269 1035 2476 1075 personalitas
2487 1035 2573 1066 addit
2585 1058 2591 1068 .

1507 1086 1603 1116 supra
1617 1076 1704 1107 illam
1720 1077 1912 1117 singularem
1931 1083 2077 1108 naturam
2096 1078 2303 1109 substantiam
2314 1078 2483 1109 intrinsece
2495 1087 2573 1109 con-

1508 1121 1681 1151 stitutivam
1694 1120 1867 1151 formaliter
1878 1130 2034 1161 personae
2046 1122 2079 1152 in
2092 1131 2160 1152 esse
2171 1122 2341 1162 personali.
2353 1140 2377 1145 -—
2387 1122 2455 1153 Nec
2466 1127 2574 1163 potest

1508 1163 1570 1194 dici
1589 1164 1629 1195 ad
1647 1165 1783 1205 primam
1802 1166 2066 1205 consequentiam
2090 1165 2180 1206 quod
2195 1172 2276 1197 esset
2292 1166 2351 1197 alia
2365 1175 2503 1207 persona
2517 1172 2573 1197 n'e—

1507 1209 1610 1248 gative
1626 1214 1760 1240 tantum.
1781 1209 1946 1247 Quoniam
1961 1215 2084 1240 constat
2100 1209 2190 1250 quod
2204 1220 2272 1241 non
2286 1210 2393 1241 solum
2408 1219 2476 1241 non
2492 1216 2574 1242 esset

1509 1252 1620 1283 eadem
1643 1262 1780 1293 persona
1803 1263 1878 1284 cum
1901 1263 2038 1293 persona
2052 1254 2159 1290 Verbi,
2184 1254 2239 1285 sed
2257 1259 2392 1294 poneret
2407 1255 2440 1284 in
2459 1263 2574 1285 nume-

1506 1306 1579 1327 rum
1603 1307 1678 1328 cum
1701 1297 1770 1328 illa:
1795 1298 1950 1337 quoniam
1973 1303 2077 1329 essent
2100 1297 2182 1328 duae
2197 1308 2363 1338 personae,
2382 1308 2451 1329 non
2465 1299 2573 1329 minus

1509 1350 1606 1381 quam
1629 1341 1730 1372 modo
1754 1347 1828 1372 sunt
1850 1351 1988 1382 persona
2009 1342 2107 1372 Verbi
2130 1347 2161 1372 et
2183 1351 2320 1382 persona
2342 1351 2424 1373 mea.

1562 1385 1601 1415 X.
1626 1385 1682 1415 Est
1705 1386 1800 1425 igitur
1822 1386 2028 1425 personalitas
2051 1386 2173 1416 realitas
2192 1387 2396 1417 constitutiva
2417 1395 2573 1426 personae

1508 1434 1544 1459 ut
1559 1429 1613 1459 sic.
1638 1429 1679 1459 Et
1701 1429 1775 1460 ideo
1799 1429 1838 1460 ad
1854 1439 1925 1460 eam
1941 1435 2184 1470 consequuntur
2198 1431 2400 1470 negationes3
2425 1440 2462 1460 ac
2477 1440 2572 1471 repu-

1508 1474 1656 1512 gnantiae
1679 1473 1719 1503 ad
1737 1483 1805 1503 esse
1821 1483 1884 1514 quo
1904 1479 1935 1504 et
1951 1483 2018 1504 esse
2034 1479 2174 1514 partem3
2198 1479 2229 1504 et
2245 1474 2431 1514 capacitates
2448 1473 2487 1504 ad
2501 1483 2573 1514 per-

1508 1517 1634 1554 sonales
1656 1517 1821 1553 realitates,
1841 1523 1877 1547 ut
1899 1523 1973 1548 sunt
1995 1523 2083 1548 actus
2107 1517 2230 1548 essendi
2250 1523 2281 1548 et
2295 1517 2425 1554 filiatio;
2442 1523 2474 1548 et
2488 1518 2574 1559 quod

1509 1565 1564 1596 est,
1589 1565 1620 1590 et
1642 1560 1760 1591 habens
1782 1571 1858 1597 esse,
1883 1567 1915 1591 et
1929 1561 2052 1601 reliqua
2075 1571 2157 1601 quae
2172 1562 2335 1602 hypostasi
2350 1562 2572 1593 attribuuntur.

1565 1604 1621 1634 Est
1645 1610 1752 1635 autem
1775 1605 1961 1636 huiusmodi
1984 1605 2106 1636 realitas
2129 1606 2163 1636 in
2181 1615 2298 1645 genere
2313 1605 2506 1636 substantiae
2525 1615 2575 1637 re—

1509 1647 1647 1685 ductive,
1660 1649 1742 1679 sicut
1756 1649 1897 1688 reliquae
1912 1649 2067 1679 realitates
2083 1650 2306 1680 constitutivae
2319 1649 2574 1687 substantiarum,

1510 1697 1546 1722 ut
1569 1693 1731 1723 rationale
1759 1698 1790 1723 et
1811 1692 2015 1723 huiusmodi:
2047 1693 2192 1733 quamvis
2218 1703 2287 1724 non
2316 1693 2356 1723 sit*
2383 1692 2574 1731 differentia,

1510 1736 1639 1776 proprie
1654 1736 1836 1776 loquendo;
1853 1736 1908 1768 sed
1925 1742 1971 1768 est
1985 1738 2140 1768 terminus
2156 1737 2296 1774 ultimus,
2310 1747 2346 1768 ac
2358 1742 2394 1767 ut
2404 1737 2449 1768 sie
2463 1747 2574 1778 purus,

1510 1785 1641 1810 naturae
1664 1781 1865 1811 substantiae.
1943 1808 1946 1810 .

1565 1824 1628 1854 Ubi
1649 1824 1707 1854 tria
1723 1823 1806 1855 dico.
1831 1825 1950 1861 Primo,
1967 1825 2056 1864 quod
2072 1830 2119 1856 est
2134 1825 2289 1856 terminus
2305 1830 2453 1856 naturae.
2475 1824 2576 1863 Quod

1510 1868 1662 1907 probatur
1678 1877 1715 1898 ex
1731 1868 1794 1898 hoc
1806 1868 1895 1908 quod
1910 1874 2055 1899 naturam
2067 1869 2230 1908 personari
2249 1874 2295 1899 est
2306 1874 2452 1899 naturam
2460 1868 2574 1900 ‘termi-

1510 1912 1587 1947 nari,
1605 1917 1636 1941 et
1658 1921 1829 1951 personare
1845 1917 1892 1943 est
1902 1913 2071 1943 terminare
2086 1918 2241 1943 naturam.
2267 1913 2469 1954 Exponimus
2487 1913 2574 1944 enim

1510 1960 1656 1985 naturam
1678 1956 1852 1986 humanam
1867 1956 1901 1986 in
1917 1956 2044 1987 Christo
2067 1957 2231 1996 personari
2253 1965 2310 1996 per
2325 1957 2478 1991 Verbum,
2498 1957 2574 1997 quia

1510 2000 1697 2029 terminatur
1718 2009 1776 2039 per
1798 1999 1882 2030 illius
1904 2009 2091 2040 personam:
2117 2006 2148 2030 et
2171 2010 2188 2031 e
2204 2006 2315 2031 contra
2336 2000 2480 2031 Verbum
2501 2003 2574 2041 per-

1511 2052 1625 2073 sonare
1647 2049 1793 2073 naturam
1815 2043 1912 2080 illam,
1938 2045 2013 2084 quia
2034 2045 2183 2075 terminat
2205 2044 2301 2074 illam.

1567 2086 1727 2123 Secundo,
1751 2087 1840 2127 quod
1864 2093 1911 2118 est
1933 2088 2073 2118 ultimus.
2098 2088 2262 2126 Quoniam
2277 2094 2388 2119 natura
2406 2094 2574 2128 nunquam

1512 2135 1558 2160 est
1576 2131 1720 2162 ultimate
1734 2131 1901 2162 terminata
1922 2131 2026 2162 donec
2045 2137 2243 2171 personetur.
2265 2131 2574 2172 Quantumcumque

1512 2175 1598 2204 enim
1621 2174 1850 2211 individuetur‚
1874 2176 1934 2205 nisi
1957 2181 2159 2215 personetur,
2187 2185 2255 2206 non
2279 2181 2326 2206 est
2347 2176 2491 2206 ultimate
2513 2181 2575 2207 ter*

1510 2218 1645 2248 minata:
1670 2224 1706 2249 ut
1727 2224 1815 2259 patet
1837 2218 1877 2249 de
1899 2219 2095 2250 humanitate
2119 2219 2253 2255 Christi,
2285 2229 2368 2259 quae
2392 2225 2439 2250 est
2461 2228 2575 2251 secun-

1512 2261 1590 2292 dum
1613 2272 1646 2292 se
1669 2262 1702 2293 in
1718 2272 1752 2293 se
1775 2263 1940 2302 singularis
1955 2268 1987 2293 et
2001 2262 2205 2294 terminabilis
2220 2272 2278 2304 per
2292 2272 2464 2303 personam
2478 2263 2576 2295 Verbi

1511 2311 1566 2336 aut
1588 2307 1761 2346 propriam,
1785 2307 1951 2337 terminata
1966 2313 2074 2338 autem
2096 2317 2154 2347 per
2168 2316 2340 2347 perseam
2353 2307 2461 2338 Verbi.
2485 2306 2575 2338 Con·

1511 2354 1571 2380 stat
1594 2355 1701 2380 autem
1724 2350 1824 2390 quod,
1848 2351 1874 2380 si
1893 2351 2060 2382 terminata
2075 2356 2121 2381 est
2139 2351 2365 2391 personalitate
2379 2351 2508 2391 propria
2522 2351 2575 2382 vel

1512 2394 1623 2430 aliena,
1648 2399 1749 2425 stante
1770 2394 1824 2424 illa
1846 2403 1914 2425 non
1937 2400 1984 2425 est
2006 2395 2212 2425 terminabilis
2226 2395 2323 2425 ultra:
2347 2394 2408 2425 nisi
2423 2394 2507 2425 forte
2521 2403 2574 2425 ex-

1512 2438 1650 2473 tensive,
1682 2447 1750 2468 non
1773 2447 1812 2469 ex
1834 2443 1923 2478 parte
1945 2439 2012 2474 sui,
2043 2438 2099 2469 sed
2128 2448 2166 2469 ex
2193 2439 2427 2478 omnipotentia
2449 2438 2576 2469 alterius

1512 2483 1651 2521 potentis
1675 2483 1770 2512 etiam
1793 2483 1934 2522 seipsum
1955 2483 2128 2512 terminum
2150 2482 2234 2512 illius
2257 2482 2397 2519 efficere,
2421 2487 2458 2512 ut
2479 2491 2575 2523 supe·

1512 2526 1577 2555 rius
1592 2527 1609 2542 *θ
1632 2525 1754 2556 dictum
1777 2531 1824 2556 est
1847 2526 1871 2556 si
1894 2534 1959 2556 una
1973 2531 2084 2556 natura
2103 2532 2315 2556 assumeretur
2330 2536 2348 2556 a
2363 2526 2487 2557 duabus
2501 2535 2574 2567 per-
2605 2534 2614 2544 ⁰

1513 2570 1600 2599 sonis
1623 2569 1747 2600 divinis.
1777 2569 1839 2600 Sed
1860 2569 1924 2600 hoc
1946 2579 2014 2600 non
2036 2570 2119 2600 tollit
2142 2570 2221 2609 quin
2242 2571 2344 2610 prima
2366 2579 2504 2610 persona
2525 2579 2574 2601 as·

1513 2622 1643 2643 sumens
1671 2613 1885 2644 terminaverit
1914 2618 1950 2643 ut
1979 2613 2110 2644 ultimus
2136 2614 2306 2650 terminus,
2337 2613 2393 2645 sed
2421 2615 2574 2646 terminos

1513 2657 1703 2697 multiplicat
1722 2658 1890 2687 extensive.
1915 2657 1972 2687 Est
1993 2657 2088 2697 igitur
2102 2658 2309 2698 personalitas
2331 2659 2487 2688 terminus
2500 2657 2574 2688 ulti-

1513 2710 1586 2731 mus
1608 2707 1748 2731 naturae.

2601 2533 2814 2583 0323'33'133'63'

2601 2591 2636 2608 nl.

1569 2744 1668 2782 Quod
1691 2750 1799 2775 autem
1821 2745 1914 2775 tertio
1938 2743 2059 2781 addidi,
2085 2750 2121 2776 ut
2141 2745 2188 2776 si'c
2203 2755 2327 2786 purus,
2358 2745 2398 2776 ad
2419 2746 2574 2777 maiorem
2617 2740 2620 2742 Α

1515 2789 1768 2828 explicationem,
1792 2798 1860 2819 non
1883 2788 1923 2819 ad
1945 2789 2164 2820 necessitatem
2186 2790 2368 2830 appositum
2383 2794 2446 2820 est:
2469 2788 2509 2820 ad
2525 2789 2574 2820 in·-

1514 2832 1702 2863 struendum
1719 2833 1858 2862 novitios
1882 2832 1971 2872 quod
1992 2833 2170 2869 terminare,
2194 2839 2231 2863 ut
2252 2834 2430 2870 terminare,
2453 2832 2574 2864 nullam

1515 2876 1591 2907 dicit
1613 2877 1845 2912 causalitatem;
1870 2882 1900 2906 et
1923 2876 2158 2916 explanandum
2181 2876 2271 2917 quod
2292 2876 2518 2917 personalitas,
2537 2881 2574 2907 ut

1514 2921 1686 2951 terminans
1708 2925 1863 2956 naturam,
1887 2920 2008 2951 nullam
2031 2921 2245 2951 causalitatem
2261 2920 2336 2951 dicit
2357 2925 2574 2961 respectum·

1514 2970 1603 2994 turae
1626 2965 1826 3000 terminatae;
1857 2964 1900 2994 ita
1930 2964 2019 3004 quod
2036 2974 2115 2995 ·non
2138 2965 2244 2996 solum
2271 2970 2318 2995 est
2348 2969 2432 2995 extra
2458 2971 2574 3003 genera

1515 3018 1682 3038 causarum
1705 3008 1966 3044 extrinsecarum,
1995 3008 2051 3038 sed
2074 3009 2168 3039 etiam
2191 3013 2277 3039 extra
2298 3016 2407 3039 causas
2428 3007 2573 3038 intrinse-

1515 3062 1583 3088 cas;
1609 3052 1763 3092 quoniam
1785 3061 1846 3082 nec
1862 3052 1895 3082 in
1909 3061 2026 3092 genere
2041 3061 2155 3083 causae
2169 3051 2319 3087 formalis,
2335 3060 2395 3082 nec
2409 3051 2443 3081 in
2457 3059 2573 3091 genere

1515 3105 1628 3127 causae
1650 3095 1817 3126 materialis
1847 3105 1880 3126 se
1902 3096 1997 3126 habet
2024 3095 2064 3126 ad
2086 3101 2246 3132 namnam,
2276 3094 2332 3127 sed
2357 3099 2394 3125 ut
2418 3095 2573 3125 terminus

1516 3141 1593 3171 eius.
1617 3139 1711 3170 Unde
1733 3145 1764 3170 et
1786 3140 1820 3170 in
1841 3140 1993 3180 mysterio
2015 3139 2238 3170 incarnationis
2259 3137 2380 3169 dictum
2395 3139 2467 3168 est'
2483 3138 2572 3178 quod

1514 3185 1593 3214 unio
1616 3184 1789 3224 personalis
1812 3183 1988 3214 secundum
2010 3183 2136 3214 nullum
2150 3191 2250 3223 genus
2265 3190 2378 3213 causae
2393 3181 2571 3213 attenditur.

1514 3228 1583 3259 Nec
1598 3229 1661 3258 hoc
1677 3233 1723 3258 est
1742 3227 1941 3267 figmentum,
1966 3226 2022 3258 sed
2035 3227 2253 3258 testimonium
2268 3225 2362 3256 habet
2377 3234 2416 3256 ex
2430 3226 2572 3256 terminis

1516 3272 1714 3312 quantitatis:
1746 3277 1904 3311 punctum
1933 3272 2020 3302 enim
2049 3275 2096 3300 est
2115 3271 2159 3301 ita
2179 3269 2332 3300 terminus
2354 3268 2456 3299 lineae
2482 3269 2573 3309 quod

1516 3316 1604 3346 nulla
1626 3325 1720 3346 causa
1744 3321 1790 3346 est
1812 3315 1905 3346 illius.

1530 3368 1550 3408 γ’
1571 3360 1624 3390 ΧΙ.
1649 3360 1690 3390 Et
1713 3357 1802 3399 quod
1823 3359 1901 3389 haec
1916 3367 1984 3388 non
1998 3357 2185 3393 voluntarie,
2209 3355 2264 3387 sed
2278 3355 2503 3387 rationabiliter
2525 3356 2572 3387 di·

1516 3402 1626 3438 xerim,
1651 3402 1776 3434 declaro
1797 3412 1834 3433 ex
1849 3402 2033 3433 auctoritate
2052 3406 2083 3431 et
2097 3401 2228 3431 ratione.
2252 3400 2432 3430 Auctoritas
2448 3406 2494 3431 est
2509 3399 2573 3431 divi

1518 3447 1674 3482 Thomae,
1698 3447 1731 3476 in
1747 3446 1788 3476 111
1804 3446 1905 3481 Sent„
1929 3444 1997 3475 dist.
2014 3454 2044 3480 v,
2061 3453 2115 3484 qu.
2127 3454 2171 3480 m,
2187 3449 2242 3474 art.
2257 3443 2286 3479 3,
2303 3442 2450 3474 dicentis:
2478 3444 2574 3480 Quod

1518 3490 1701 3525 assumitur,
1725 3489 1866 3520 trahitur
1880 3489 1923 3520 ad
1937 3487 2059 3529 aliquid
2073 3487 2267 3528 completius,
2284 3487 2386 3528 ipsum
2402 3487 2573 3528 incomple-

1519 3538 1584 3563 tum
1608 3533 1766 3564 existens:
1787 3538 1818 3564 et
1839 3533 1900 3564 hoc
1917 3537 1964 3563 est
1985 3536 2099 3563 contra
2122 3531 2280 3562 rationem
2297 3540 2468 3572 personae,
2491 3541 2574 3573 quae

2599 3143 2810 3194 cffifiasslitnni'ug'

2597 3203 2619 3218 Χ.
