2872 3970
98 422 123 437 ,,
165 435 185 458 ⁷·

119 1074 161 1111 “i''
171 1093 179 1102 ·

158 1168 173 1190 a

110 1191 230 1239 gffl-.

887 295 1149 342 QUAESTIO
1178 297 1317 343 xmx,
1352 297 1642 334 ARTICULUS
1670 298 1704 334 v

212 374 385 412 eundum
413 372 505 410 illud
525 375 609 423 Sap.
630 385 688 410 xxv
706 373 745 410 *z
775 374 949 411 Similiter
976 375 1059 411 odio
1086 381 1168 412 sunt
1186 376 1268 412 Deo

210 427 345 476 impius
381 431 414 462 et
441 427 607 476 impietas
641 428 738 471 eius‚·
763 434 800 462 et
836 426 876 463 in
900 427 1058 463 ‘Psalmo
1081 427 1118 463 *ε
1157 427 1270 464 Odisti

210 490 340 516 omnes
367 479 431 529 qui
455 484 660 528 operantur
686 480 923 528 iniquitatem.

215 551 218 553 Δ
259 530 352 568 Alio*
379 530 512 577 modo,
533 530 762 590 inquantum
782 539 838 568 est
856 531 941 568 Deo
960 531 1190 569 sacrificium
1209 544 1268 569 ac-

206 582 488 637 ceptissimum.
518 583 585 620 Est
612 582 716 620 enim
744 585 820 620 hoc
846 583 1001 633 proprie
1026 583 1199 621 sacrificii
1219 585 1268 621 ef-

172 634 348 681 factm,
369 643 413 672 ut
437 647 507 684 per
538 635 667 695 ipsum
693 637 864 685 placetur
891 637 1017 674 Deus:
1054 637 1152 674 sicut
1179 648 1270 674 cum

118 690 175 740 ᾗ
213 689 334 726 homo
366 687 556 725 offensam
583 687 623 724 in
651 699 690 724 se
719 688 966 726 commissam
1003 689 1155 726 remittit
1182 701 1270 738 pro-

212 748 297 790 pter
323 740 480 790 aliquod
514 740 746 790 obsequium
781 749 981 790 acceptum
1013 742 1119 790 quod
1148 742 1182 778 ei
1210 754 1269 778 ex-

132 807 162 826 v
213 792 375 833 hibetur.
403 793 516 830 Unde
543 792 680 830 dicitur
707 795 720 830 I
745 795 842 843 Reg.
862 805 944 830 xxw
962 793 1002 830 *t
1032 795 1072 831 Si
1088 795 1271 832 Dominus

123 852 135 892 J
151 844 174 874 ἑ
210 842 339 883 incitat
363 851 398 883 te
424 845 627 882 adversum
647 857 728 892 me,
757 846 931 883 odoretur
957 859 1054 883 sacr
1044 848 1192 895 fictum
1223 847 1271 883 Et

127 906 135 923 ²¹
173 919 178 925 .
211 897 383 940 similiter
413 905 563 935 tantum
590 898 741 935 bonum
768 898 837 936 fuit
868 899 975 948 quod
1004 898 1181 936 Christus
1204 911 1270 936 vo-

209 949 375 988 {untarie
398 959 536 1000 passus
563 958 630 994 est,
651 951 757 1000 quod
776 959 933 1001 propter
959 952 1035 988 hoc
1062 951 1240 988 bonum'
1231 964 1271 988 in

209 1011 348 1040 nutura
375 1003 548 1040 humana
574 1002 788 1051 inventum,
809 1004 915 1040 Deus
942 1004 1112 1053 placatus
1131 1013 1186 1041 est
1209 1016 1270 1041 su-

133 1061 136 1071 ⁴
158 1049 180 1085 ’ἶ
209 1066 283 1107 per
309 1054 417 1092 omni
444 1051 602 1092 offensa
615 1056 767 1104 generis
795 1056 975 1102 humani,
1005 1064 1194 1105 quantum
1223 1057 1271 1093 ad

118 1127 129 1141 ι·
213 1119 280 1146 eos
307 1107 374 1157 qui
403 1107 553 1145 Christo
588 1119 702 1157 passo
734 1109 1021 1156 coniunguntur
1056 1109 1271 1146 secundum

180 1168 189 1189 ὃ
208 1160 377 1199 modum
404 1159 660 1210 praemissum
678 1160 709 1198 *.

229 1213 338 1250 An
355 1224 491 1250 Paruum
522 1224 621 1250 meo
653 1224 835 1251 DICENDUM
872 1214 979 1263 quod
1016 1214 1122 1251 Deus
1157 1213 1272 1262 diligit

208 1317 266 1352 >1³22-
279 1346 284 1350 .

203 1366 220 1389 ‘7‘
235 1376 244 1403 ’.
264 1375 294 1411 ἀ)
316 1376 385 1402 Odit·
398 1380 487 1402 tamen
505 1382 559 1403 eos.
576 1391 597 1396 -
614 1377 669 1403 Sed
687 1377 745 1403 odit
761 1385 806 1403 ens
825 1378 888 1406 Hbc,
908 1378 962 1402 Sed
981 1377 1037 1403 odit
1056 1385 1146 1403 omnes
1164 1378 1192 1404 Ρ.

266 1411 293 1446 β)
314 1413 444 1438 aristus.
460 1427 480 1431 -
493 1413 585 1444 passio
604 1413 650 1445 ρξ’,
666 1413 759 1444 passio
779 1413 879 1438 Gur-isti
897 1413 1007 1446 EIstF
1026 1418 1052 1438 et
1070 1413 1205 1439 editiones.

265 1448 293 1482 γ)
311 1448 425 1473 sublata.
442 1462 461 1467 —-
478 1449 615 1473 sublevata
633 1449 708 1473 GHb.

211 1276 350 1327 omnes
388 1265 579 1303 homines
606 1274 793 1315 quantum
833 1267 880 1303 ad
918 1274 1115 1312 naturam,
1153 1278 1288 1315 quam.

2301 302 2375 348 475

1324 375 1404 424 ipse
1437 375 1531 412 fecit.
1572 375 1662 413 Odit
1697 384 1824 413 tamen
1861 389 1926 412 eos
1951 382 1966 398 α
1995 385 2182 425 quantum
2218 380 2264 415 ad
2302 380 2378 416 cul-

1323 439 1433 476 pam,
1463 440 1582 477 quam
1610 436 1741 465 contra
1780 441 1868 465 eum
1906 429 2082 465 homines
2116 431 2376 468 committunt:

1324 481 1540 517 secundum
1569 480 1660 517 illud
1679 481 1793 518 Eccli.
1814 493 1859 517 xn
1873 481 1909 518 *t
1939 482 2144 519 Altissimus
2171 483 2254 519 odio
2273 485 2379 520 habet
2407 489 2416 498 ’

1318 539 1544 582 peccatores.

1378 587 1436 622 An
1459 597 1646 622 SECUNDUM
1668 597 1847 624 mcENDUM
1866 587 1973 635 quod
1994 587 2164 623 Christus
2184 586 2198 617 β
2226 600 2305 624 non
2324 589 2378 625 di-

1325 636 1422 674 citur
1458 646 1646 686 quantum
1684 639 1731 675 ad
1769 640 1844 675 hoc
1875 651 1946 675 nos
1981 640 2064 676 Deo
2102 640 2375 687 reconciliasse,

1325 690 1431 738 quod
1460 690 1508 726 de
1536 702 1640 727 novo
1676 703 1747 727 nos
1782 703 1909 728 amare
1938 691 2136 740 inciperet:
2167 703 2256 728 cum
2291 693 2378 729 scri-

1325 749 1436 791 pturn
1464 743 1526 788 sit,
1555 744 1688 779 Ierem.
1716 743 1847 780 xxx1*:
1875 746 1921 780 In
1950 746 2102 781 caritate
2122 750 2301 794 perpetua
2330 746 2378 781 di-

1325 795 1403 832 lexi
1427 801 1471 831 te.
1503 795 1579 832 Sed
1608 795 1698 844 quia
1717 808 1786 844 per
1812 796 2031 844 passionem
2061 796 2198 833 Christi
2218 805 2272 833 est
2291 797 2378 834 sub-

1326 848 1397 884 lata
1409 853 1423 874 -r
1444 847 1520 884 odii
1540 859 1669 884 causa:
1690 855 1774 885 tum
1792 857 1948 897 propter
1966 848 2199 886 ablutionem
2219 850 2377 898 peccati3

1325 907 1409 936 tum
1450 907 1607 948 propter
1647 901 2043 949 recompensationem
2085 901 2379 950 acceptabilioris

1326 951 1430 988 boni

1379 1005 1436 1041 An
1454 1016 1612 1042 Teanum
1626 1017 1806 1043 DICENDUM
1825 1006 1942 1054 quod,
1959 1006 2054 1043 sicut
2073 1006 2258 1043 occisores
2274 1007 2378 1043 Chri-

1327 1056 1371 1093 sti
1400 1056 1577 1093 homines
1595 1057 1759 1103 fuerunt,
1779 1057 1829 1094 ita
1857 1066 1893 1094 et
1913 1059 2085 1095 Christus
2110 1058 2267 1095 occisus.
2298 1060 2379 1096 Ma-

1326 1109 1385 1145 ior
1413 1117 1542 1146 autem
1560 1109 1628 1146 fuit
1651 1109 1783 1147 caritas
1804 1110 1942 1147 Christi
1969 1110 2142 1160 patientis
2168 1123 2286 1160 quarn
2314 1111 2379 1148 ini-

1327 1161 1450 1210 quitas
1478 1161 1705 1199 occisorum.
1745 1163 1792 1199 Et
1820 1162 1906 1200 ideo
1935 1163 2060 1211 passio
2090 1163 2227 1200 Christi
2261 1163 2380 1211 magis

1325 1213 1444 1250 valuit
1481 1214 1529 1250 ad
1557 1214 1882 1251 reconciliandum
1917 1216 2045 1252 Deum
2068 1214 2082 1237 ὃ
2109 1215 2175 1252 toti
2208 1217 2379 1252 humano

1325 1266 1469 1314 generi,
1499 1278 1618 1315 quam
1646 1267 1694 1303 ad
1722 1268 2015 1316 provocandum
2044 1267 2150 1304 iram.

1380 1377 1407 1411 ὅ)
1427 1378 1521 1404 Deum.
1532 1391 1551 1397 -
1569 1377 1628 1403 sDE
1648 1383 1673 1403 et
1691 1377 1763 1403 tertia
1781 1383 1882 1410 praeter
1895 1378 1918 1408 1;
1938 1379 1996 1403 Deo
2002 1386 2011 1407 ;
2029 1377 2069 1402 ed.
2083 1385 2100 1402 a
2115 1379 2281 1410 prosequitur
2298 1382 2381 1404 totum

1328 1420 1412 1447 genus
1430 1414 1574 1438 humanum
1580 1420 1589 1442 ,¹
1609 1418 1638 1438 ut
1656 1414 1696 1439 ed.
1715 1421 1733 1439 a
1752 1421 1842 1448 margo
1860 1413 1879 1437 Ρ
1898 1421 1945 1446 per
1962 1413 2076 1438 Altas.-
2094 1413 2143 1438 Pro
2162 1414 2239 1442 iram,
2258 1414 2294 1438 ad
2313 1414 2381 1438 iram

1329 1449 1388 1474 PsG
1407 1454 1432 1474 et
1450 1457 1472 1477 c,
1492 1449 1561 1473 iram
1580 1449 1630 1473 toti
1647 1448 1741 1482 generi
1757 1448 1873 1473 humano
1891 1449 1931 1473 ed.
1950 1456 1977 1473 α.

884 1527 1218 1560 commentaria
1239 1527 1491 1560 cardinalis
1513 1527 1713 1560 Caietam

274 1618 382 1639 nunus
415 1608 526 1638 clarus.
557 1626 580 1630 -
610 1608 643 1638 In
676 1617 812 1648 corpore
843 1617 907 1638 una
940 1608 1124 1638 conclusio:
1158 1607 1269 1638 Passio

276 1652 396 1683 Christi
428 1657 474 1682 est
495 1661 594 1682 causa
627 1657 758 1682 nostrae
790 1652 1063 1682 reconciliationis
1093 1651 1135 1683 ad
1165 1652 1270 1682 Deum

213 1695 404 1736 dupliciter:
426 1696 555 1731 scilicet,
574 1695 757 1726 redimendo
773 1706 793 1726 a
809 1700 954 1736 peccato,
971 1700 1002 1726 et
1017 1701 1052 1726 ut
1066 1695 1153 1726 sacri
1176 1695 1270 1725 cium.

213 1738 331 1771 Omnia
354 1740 436 1770 clara
459 1745 533 1770 sunt
555 1740 588 1770 in
611 1739 723 1770 littera.

1167 1813 1271 1822 aevvvvv

1380 1607 1414 1637 In
1430 1608 1639 1647 responsione
1655 1607 1694 1637 ad
1710 1607 1897 1643 secundum,
1915 1607 2088 1638 declaratur
2107 1607 2274 1647 quomodo
2291 1609 2382 1638 intel-

1323 1651 1430 1693 ligitus
1453 1652 1559 1682 Deum
1588 1652 1768 1691 placatum:
1794 1661 1831 1681 ex
1855 1657 1942 1691 parte
1966 1652 2084 1682 scilicet
2113 1652 2222 1681 nostri.
2246 1652 2381 1681 Mutatio

1325 1695 1411 1725 enim
1434 1696 1467 1725 in
1490 1695 1600 1731 nobis,
1624 1704 1691 1725 non
1720 1696 1752 1725 in
1782 1695 1852 1725 Deo
1885 1695 2011 1725 inventa
2045 1701 2106 1731 est,
2131 1705 2168 1725 ex
2199 1705 2262 1735 qua
2295 1695 2382 1725 Deus

1324 1739 1467 1779 placatus
1491 1738 1614 1769 dicitur.

997 1873 1314 1914 ARTICULUS
1345 1872 1600 1920 QUINTUS

555 1963 713 1994 UTRUM
737 1962 949 1994 cnms‘rus
972 1944 1062 1994 5οᾸ
1077 1962 1283 1994 PAssmNE
1306 1963 1552 1994 APERUERIT
1575 1962 1702 1993 Noms
1725 1962 1895 1994 IANUAM
1919 1962 2048 1993 CAELI

526 2041 616 2074 Supra,
636 2049 680 2074 qu.
699 2048 780 2072 xxxxx,
798 2046 846 2067 art.
865 2040 890 2071 5,
908 2042 940 2067 ad
958 2041 990 2070 33
1009 2041 1040 2067 111
1061 2042 1144 2070 Seni„
1164 2041 1222 2066 dist.
1242 2048 1310 2070 xvm,
1330 2046 1378 2067 art.
1397 2039 1421 2072 6,
1442 2041 1492 2073 qu⁸
1513 2048 1536 2072 2,
1557 2041 1586 2070 3;
1606 2041 1664 2066 dist.
1682 2048 1742 2070 xxxx.
1763 2049 1806 2074 qu.
1825 2048 1862 2071 ux,
1881 2046 1927 2066 art.
1947 2047 1970 2070 ι,
1989 2041 2020 2066 ad
2040 2047 2071 2072 4;

846 2076 889 2107 IV,
901 2076 967 2107 dist.
984 2084 1018 2106 xv,
1038 2084 1083 2109 qu.
1102 2084 1129 2106 xx,
1148 2082 1194 2102 art.
1215 2083 1238 2106 2.
1257 2076 1307 2108 qu²
1326 2075 1357 2107 6;
1378 2076 1408 2100 In
1428 2076 1520 2109 Symb.
1538 2078 1639 2108 Apost„
1659 2081 1706 2100 art.
1725 2084 1750 2108 4.

216 2196 219 2198 ,
249 2178 307 2214 2³(
298 2176 310 2187 v
331 2198 333 2202 ,
348 2187 381 2201 f
425 2169 447 2194 ι)
470 2167 630 2199 QUINTUM
651 2168 703 2193 s1c
723 2167 957 2193 Pnocauirun.
983 2154 1144 2192 Videtur
1166 2155 1272 2204 quod

239 2208 245 2221 ¹
256 2187 393 2270 &AR-3
427 2209 600 2249 Christus
619 2220 689 2245 sua
707 2207 884 2258 passione
903 2219 984 2245 non
1003 2206 1193 2256 aperuerit
1207 2219 1272 2244 no-

224 2256 299 2312 (γ’
295 2280 350 2307 w
361 2248 392 2303 ’ἓ
407 2260 410 2263 “
425 2261 510 2298 bis
502 2273 658 2299 ianuam
678 2260 782 2298 caeli.
807 2260 954 2298 Dicitur
972 2259 1075 2297 enim
1093 2261 1272 2297 Proverb.

222 2329 228 2337 ·
249 2318 251 2321 ’
273 2309 365 2345 3³⁴⁴ae
382 2309 515 2351 Xxx1³⁸':
546 2316 751 2352 Seminanti
781 2315 951 2350 iustitiam
979 2324 1118 2350 merces
1134 2313 1272 2361 fidelis.

215 2367 293 2406 Sed
320 2378 467 2404 merces
495 2366 655 2404 iustitiae
684 2374 739 2403 est
767 2366 940 2403 introitus
969 2365 1072 2413 regni
1092 2364 1271 2402 caelestis.

214 2419 317 2468 Ergo
335 2419 489 2457 videtur
507 2419 613 2469 quod
632 2418 750 2456 sancti
770 2419 910 2466 Patres,
931 2417 998 2468 qui
1022 2416 1167 2467 operati
1186 2425 1275 2454 sunt

216 2484 335 2522 opera
370 2471 546 2518 iustitiae,
575 2471 738 2509 fideliter
764 2471 959 2509 consecuti
993 2478 1118 2508 essent
1145 2469 1273 2508 introi-

214 2533 300 2563 tum
327 2525 432 2574 regni
460 2524 628 2563 caelestis
649 2530 677 2569 α,
706 2524 820 2562 etiam
848 2524 994 2574 absque
1023 2523 1161 2560 Christi
1189 2534 1274 2572 pas-

211 2578 335 2616 sione.
374 2579 466 2615 Non
494 2589 584 2626 ergo
611 2577 738 2627 passio
767 2577 905 2614 Christi
933 2585 988 2613 est
1016 2588 1131 2613 causa
1167 2587 1274 2625 aper-

214 2630 330 2673 :tionis
357 2630 494 2668 ianuae
522 2630 628 2678 regni
655 2629 834 2667 caelestis.

271 2694 305 2720 2.
326 2684 557 2729 anaranm,
578 2690 664 2720 ante
683 2682 902 2733 passionem
923 2681 1073 2727 Christi,
1095 2681 1196 2718 Elias
1218 2693 1274 2718 ra-

214 2743 304 2786 ptus
323 2744 378 2773 est
396 2735 435 2773 in
455 2737 617 2782 caelum,
637 2743 679 2773 ut
698 2734 834 2772 dicitur
852 2735 902 2772 IV
916 2736 1011 2784 Reg.
1027 2746 1048 2771 11
1067 2733 1097 2770 ²⁸².
1129 2734 1205 2771 Sed
1225 2733 1274 2771 ef-

213 2788 335 2826 fectus
362 2801 442 2826 non
465 2788 657 2838 praecedit
675 2800 842 2825 causam.
873 2788 974 2836 Ergo
994 2786 1145 2824 videtur
1168 2786 1275 2836 quod

212 2841 362 2893 ,apertio
390 2841 527 2891 ianuae
546 2840 714 2878 caelestis
734 2852 814 2878 non
842 2840 887 2877 sit
910 2840 1067 2877 effectus
1081 2838 1275 2888 ‚passionis

219 2893 370 2931 Christi.

275 2945 308 2983 3.
331 2947 562 2992 Pur-mm,
583 2946 680 2983 sicut
702 2945 837 2994 legitur
854 2946 988 2983 Matth.
1009 2956 1041 2982 111
1060 2944 1091 2991 ²¹²,
1122 2943 1274 2981 Christo

54 3034 61 3047 ,
120 2983 126 2987 ,
180 3028 185 3032 .
217 2978 406 3048 baptizato
434 3001 554 3059 aperti
577 3005 661 3036 sunt
687 2998 791 3036 caeli.
815 2998 898 3035 Sed
926 2997 1139 3046 baptismus
1166 3007 1274 3045 prae-

216 3050 328 3089 cessit
353 3051 585 3111 passionem.
614 3051 716 3099 Ergo
744 3050 889 3099 apertio
917 3049 1010 3087 caeli
1035 3061 1116 3086 non
1144 3056 1199 3085 est
1226 3048 1275 3085 ef-

183 3114 186 3121 *
215 3103 337 3141 seems
363 3103 551 3153 passionis
580 3103 730 3140 Christi.

222 3160 224 3163 ’
272 3169 309 3204 4.
339 3157 571 3202 PRAETEREA,
590 3154 708 3192 Mich.
730 3155 784 3192 ιι*
808 3153 960 3191 dicitur:
989 3155 1163 3191 Ascendit
1179 3165 1275 3203 pan-

216 3208 308 3246 dens
335 3210 404 3246 iter
430 3214 516 3245 ante
541 3219 613 3245 eos.
649 3207 724 3245 Sed
753 3206 847 3243 nihil
875 3206 976 3243 aliud
1005 3205 1156 3243 videtur
1182 3217 1276 3254 pan-

220 3261 310 3298 dere
338 3261 407 3298 iter
433 3260 524 3298 caeli
555 3272 674 3309 quam
702 3259 783 3296 eius
811 3259 967 3296 ianuam
987 3258 1144 3307 aperire.
1174 3259 1276 3305 Ergo

219 3312 371 3351 videtur
397 3313 504 3373 quod
539 3312 653 3350 ianua
687 3311 779 3348 caeli
807 3311 852 3348 sit
880 3310 991 3347 nobis
1019 3318 1167 3360 aperta,
1197 3321 1276 3346 non

219 3377 290 3416 per
315 3365 547 3415 passionem,
576 3365 643 3402 sed
671 3376 740 3414 per
767 3363 1030 3401 ascensionem
1060 3362 1208 3399 Christi.

275 3418 348 3456 SED
367 3430 510 3455 CONTRA
530 3429 595 3454 Ε5τ
614 3417 720 3466 quod
741 3417 947 3466 Apostolus
966 3415 1065 3462 dicit,
1085 3416 1184 3452 Heb.
1200 3427 1223 3451 x
1237 3415 1274 3451 *z

276 3530 304 3565 a)
324 3533 397 3566 Ergo
415 3533 547 3558 videtur...
564 3531 691 3557 caelestis.
704 3545 723 3549 -
742 3531 762 3555 E
776 3535 800 3555 et
818 3531 890 3555 tertia
909 3528 1027 3562 (excepto
1041 3530 1110 3562 quod
1130 3530 1155 3554 in
1174 3530 1194 3554 E
1213 3536 1274 3554 con-

222 3567 305 3592 κενὴ·
322 3568 437 3600 margine
455 3568 556 3593 additur
574 3567 605 3591 ab
624 3567 730 3598 antiquo
749 3571 901 3596 correctore,
921 3571 946 3590 et
964 3566 1035 3597 quod
1055 3565 1078 3589 H
1093 3572 1141 3597 pro
1153 3564 1274 3597 fideliter

221 3600 283 3634 legit
292 3601 363 3634 fidei
380 3608 406 3627 et
423 3610 477 3627 om.
496 3601 640 3636 caelestis);
659 3609 712 3627 om.
732 3600 770 3626 Cf.
790 3600 954 3626 solutionem.

1326 2155 1522 2192 Habemus
1546 2154 1732 2202 fiduciam
1760 2156 1796 2191 in
1826 2156 1973 2192 introitu
2001 2161 2225 2201 sanctorum,
2247 2151 2384 2192 scilicet

1327 2206 1558 2253 caelestium,
1588 2209 1624 2243 in
1653 2209 1837 2256 sanguine
1868 2208 2012 2244 Christi.

1380 2261 1604 2296 Responosso
1632 2271 1813 2296 monimum
1845 2260 1951 2308 quod
1984 2260 2127 2297 clausio
2165 2260 2301 2297 ianuae
2329 2269 2383 2298 est

1328 2312 1570 2349 obstaculum
1597 2312 1796 2361 quoddam
1824 2312 2032 2361 prohibens
2052 2310 2229 2350 homines
2254 2313 2302 2349 ab
2330 2313 2382 2350 in-

1327 2376 1469 2412 gressu.
1489 2364 1798 2401 Prohibebantur
1816 2372 1944 2402 autem
1959 2365 2136 2402 homines
2150 2365 2198 2402 ab
2213 2365 2382 2413 ingressu

1328 2417 1432 2466 regni
1460 2417 1626 2454 caelestis
1653 2425 1809 2466 propter
1834 2425 2050 2467 peccatum:
2080 2417 2180 2466 quia,
2210 2417 2306 2455 sicut
2330 2417 2382 2455 di-

1328 2470 1424 2507 citur
1451 2469 1567 2506 Isaiae
1587 2482 1681 2506 xxxv
1699 2469 1729 2515 ³¹²,
1758 2471 1819 2507 via
1847 2470 1910 2507 illa
1936 2476 2063 2507 sancta
2090 2472 2280 2508 vocabitur
2295 2469 2320 2516 β,
2350 2477 2383 2507 et

1328 2535 1404 2560 non
1431 2524 1597 2560 transibit
1610 2535 1682 2572 per
1700 2535 1783 2559 eam
1806 2523 1978 2572 pollutus.
2008 2523 2074 2559 Est
2093 2530 2221 2560 autem
2240 2523 2382 2571 duplex

1327 2572 1532 2624 peccatum
1557 2575 1769 2624 impediens
1797 2575 1846 2612 ab
1873 2575 2043 2623 ingressu
2071 2575 2174 2623 regni
2202 2574 2379 2611 caelestis.

1328 2629 1460 2665 Unum
1489 2627 1647 2677 quidem
1675 2639 1884 2664 commune
1911 2627 2025 2664 totius
2053 2628 2245 2664 humanae
2274 2635 2381 2664 natu-

1329 2692 1405 2728 rae,
1434 2681 1540 2730 quod
1569 2688 1623 2717 est
1650 2687 1850 2730 peccatum
1877 2679 1990 2730 primi
2018 2679 2197 2717 Parentis.
2236 2680 2283 2716 Et
2313 2691 2382 2728 per

1300 2772 1302 2779 s
1329 2734 1404 2770 hoc
1430 2740 1631 2782 peccatum
1658 2733 1974 2781 praecludebatur
2001 2732 2149 2769 homini
2177 2731 2300 2769 aditus
2327 2744 2381 2768 re·

1327 2786 1390 2834 gni
1419 2785 1605 2823 caelestis:
1635 2785 1739 2822 unde
1767 2784 1900 2833 legitur
1931 2785 2022 2822 Gen.
2043 2797 2075 2821 111
2093 2784 2113 2806 '¹‘
2140 2784 2267 2833 quod,
2296 2792 2382 2832 post

1328 2846 1528 2887 peccatum
1556 2837 1668 2886 primi
1697 2837 1881 2883 hominis,
1911 2838 2101 2874 collocavit
2127 2838 2227 2873 Deus
2254 2837 2381 2873 cheru-

1301 2892 1303 2902 '
1329 2892 1421 2936 him,
1451 2897 1485 2927 et
1502 2892 1725 2940 flammeum
1751 2890 1919 2939 gladium
1947 2895 2055 2938 atque
2081 2889 2305 2935 versatilem,
2333 2889 2384 2926 ad

1329 2942 1600 2980 custodiendam
1628 2943 1727 2980 viam
1747 2943 1843 2992 ligni
1858 2943 1962 2980 vitae.
1993 2964 2016 2968 —
2045 2940 2158 2978 Aliud
2178 2949 2305 2978 autem
2328 2949 2382 2978 est

1301 2997 1303 3007 ¹
1328 3003 1529 3044 peccatum
1549 2994 1709 3044 speciale
1729 2993 2030 3043 uniuscuiusque
2058 3005 2255 3043 personae,
2275 2994 2382 3042 quod

1329 3060 1398 3097 per
1424 3047 1624 3096 proprium
1653 3054 1781 3083 actum
1808 3046 2056 3083 committitur
2081 3045 2381 3095 uniuscuiusque

1329 3099 1508 3136 hominis.

1382 3153 1455 3188 Per
1490 3151 1710 3201 passionem
1746 3158 1874 3188 autem
1904 3150 2041 3188 Christi
2077 3150 2220 3188 liberati
2248 3163 2383 3188 sumus

1330 3217 1410 3241 non
1438 3205 1565 3241 solum
1593 3216 1615 3240 a
1641 3211 1807 3253 peccato-
1826 3203 2026 3240 communi
2053 3203 2166 3240 totius
2189 3203 2382 3241 humanae

1331 3264 1499 3299 naturae,
1530 3264 1565 3293 et
1593 3263 1781 3305 quantum
1809 3256 1857 3293 ad
1886 3257 2036 3305 culpam
2062 3264 2098 3292 et
2118 3264 2307 3305 quantum
2335 3256 2382 3293 ad

1331 3316 1478 3346 reatum
1512 3320 1677 3368 poenae.
1706 3308 1790 3358 ipso
1819 3310 1988 3345 solvente
2016 3308 2181 3358 pretium
2215 3320 2286 3358 pro
2315 3320 2383 3345 no-

1330 3361 1405 3398 bis:
1435 3361 1502 3398 sed
1522 3361 1635 3398 etiam
1655 3373 1677 3398 a
1695 3361 1858 3410 peccatis
1876 3360 2039 3410 propriis
2062 3360 2298 3408 singulorum
2318 3360 2384 3419 qui

1332 3413 1619 3451 communicant
1647 3413 1727 3450 eius
1754 3413 1921 3463 passioni
1953 3425 2021 3462 per
2048 3413 2164 3450 fidem
2195 3422 2231 3450 et
2258 3413 2384 3451 carita-

1383 3527 1409 3563 β)
1428 3529 1572 3554 vocabitur.
1591 3543 1610 3547 -
1627 3529 1733 3559 PFlsG;
1753 3532 1871 3554 vocatur.

2431 487 2496 509 Vers.
2511 494 2531 516 3.

2409 750 2417 758 ·
2432 748 2497 768 Vers.
2511 753 2531 775 3.

2410 2468 2420 2478 ⁸
2434 2467 2501 2489 Vei-s.
2516 2468 2538 2488 8.

2409 2781 2419 2791 ·
2433 2779 2497 2801 vers.
2512 2784 2549 2806 ²⁴·
