2872 3970
502 299 576 345 354

498 382 567 407 tura
590 385 623 406 se
646 375 740 405 habet
763 374 802 404 ad
821 375 1014 405 nativitatem
1038 379 1073 404 ut
1095 374 1248 404 terminus
1265 371 1304 402 ad
1318 377 1462 402 motum:
1487 381 1557 401 mo-

498 426 549 450 tus
565 425 671 450 autem
683 418 909 449 diversificatur
924 417 1101 448 secundum
1114 417 1325 447 diversitatem
1337 416 1557 451 terminorum,

498 464 527 493 V
542 463 668 504 Physic.
693 463 740 492 Ex
759 463 822 492 hoc
846 463 931 492 enim
954 461 1119 492 manifeste
1135 461 1277 500 sequitur
1293 458 1382 499 quod
1398 459 1558 489 diversitas

497 513 680 538 naturarum
696 507 933 537 terminantium
949 505 1061 536 inferat
1077 504 1212 535 diversas
1228 502 1414 534 nativitates.
1437 503 1486 533 Ac
1502 511 1558 543 per

498 552 571 586 hoc,
597 550 678 581 duae
701 555 831 580 naturae
854 549 995 580 inferunt
1017 548 1095 579 duas
1117 548 1303 578 nativitates.

553 595 650 625 11.1n
673 594 880 634 responsione
904 593 944 623 ad
965 593 1124 627 ultimum,
1148 592 1245 622 habes
1264 591 1296 620 in
1315 590 1417 620 littera
1429 589 1558 623 satisfa-

498 639 640 669 ctionem
663 638 703 668 ad
724 647 802 668 rem.
827 637 859 668 Si
883 637 922 667 ad
945 637 1081 667 formam
1104 635 1247 666 instantis
1279 633 1368 674 quod
1394 634 1440 664 bis
1464 633 1558 673 exigit

497 683 762 722 interruptionem
790 690 958 712 mensurae
987 680 1068 710 inter
1090 680 1230 719 primum
1253 683 1360 708 actum
1391 682 1422 707 et
1444 686 1558 708 secun-

498 726 586 762 dum,
610 725 802 765 respondere
825 725 925 765 cupis,
949 723 1046 754 dicito
1071 722 1160 764 quod
1183 727 1230 753 est
1252 731 1364 752 verum
1387 722 1413 751 si
1436 722 1558 761 primus

498 776 529 801 et
551 769 709 800 secundus
733 774 820 799 actus
842 773 1066 798 mensurantur
1095 776 1243 797 mensura
1267 765 1440 796 durationis
1463 765 1558 796 unius

497 813 642 844 rationis:
659 818 736 853 puta
749 811 837 852 quod
849 817 975 852 tempus
991 811 1030 841 sit
1042 811 1207 850 utriusque
1222 819 1380 844 mensura,
1393 814 1447 839 aut
1459 813 1558 839 aeter-

497 857 577 888 nitas
600 858 639 887 sit
661 857 826 895 utriusque
846 864 1003 885 mensura.
1029 854 1165 894 Oportet
1182 854 1269 884 enim
1283 853 1461 892 interrupto
1477 858 1557 883 tem-

496 910 575 941 pore
596 909 719 931 currere
743 901 798 939 qui
821 900 868 929 bis
891 899 987 929 currit
1007 899 1040 928 in
1055 903 1214 948 tempore:
1244 903 1275 927 et
1298 897 1440 927 similiter
1462 905 1558 936 opor-

497 950 576 975 teret
598 945 772 984 interrupta
794 943 976 973 aeternitate
998 942 1086 972 nasci
1109 942 1165 982 qui
1188 941 1236 971 bis
1258 942 1291 971 in
1315 941 1497 971 aeternitate
1513 939 1559 971 di-

1161 294 1422 341 QUAESTIO
1452 294 1614 337 XXXV,
1647 293 1940 332 ARTICULUS
1967 260 2030 331 III¹

1611 415 1691 446 suris
1714 420 1812 452 actus,
1835 420 1914 455 puta
1935 415 2174 451 intellectionis,
2197 415 2370 452 volitionis,
2393 415 2572 452 nativitatis,
2595 415 2673 448 dum

1611 511 1691 543 pore
1715 502 1761 543 (et
1775 503 1820 533 sic
1843 502 1883 534 de
1903 502 1994 542 aliis),
2010 507 2117 553 potest
2132 502 2195 533 dici
2217 502 2307 543 quod
2321 502 2375 535 ille
2397 502 2451 533 bis.
2462 502 2615 534 intellexit
2627 502 2675 534 la—

1611 544 1731 586 pidem,
1756 546 1855 577 semel
1876 546 1910 576 in
1933 546 2115 576 aeternitate
2138 551 2170 577 et
2192 546 2291 577 semel
2313 547 2348 577 in
2369 551 2530 587 tempore,
2554 545 2674 589 absque

1612 677 1693 707 nitas
1717 683 1748 708 et
1770 683 1898 717 tempus
1921 686 2019 717 quam
2049 676 2115 708 duo
2137 682 2284 718 tempora
2305 677 2502 718 interrupta,
2507 679 2607 722 μιῇ
2628 678 2675 721 .ss
2679 678 2681 680 ’
2712 714 2718 722 .

1611 809 1757 848 ptionem
1780 809 1895 840 habere
1925 813 2071 849 respectu
2094 809 2264 840 nativitatis
2287 807 2405 840 Christi
2429 799 2633 851 humi}

1612 853 1676 883 hoc
1698 858 1735 883 ut
1757 852 1902 883 Christus
1924 862 1998 890 vere
2021 851 2143 883 dicatur
2165 852 2213 883 bis
2234 857 2346 884 natus·
2377 852 2453 893 quia
2481 849 2554 894 plus

1612 905 1761 927 mensura
1783 895 1908 927 divinae
1930 896 2099 927 nativitatis
2122 906 2140 926 a
2161 904 2311 928 mensura
2331 897 2490 928 humanae
2507 893 2685 949 nativ&

1612 376 1735 402 ceretur
1757 377 1860 402 natus.
1883 370 1946 402 Sed
1968 371 2162 402 diversarum
2179 372 2340 402 rationum
2363 371 2568 403 existentibus
2583 381 2675 407 men-

1612 468 1677 489 una
1698 458 1872 489 intellectio
1888 458 2022 489 alicuius
2045 464 2092 489 est
2113 459 2147 489 in
2170 460 2353 489 aeternitate
2377 464 2408 489 et
2430 459 2526 490 altera
2539 460 2574 490 in
2593 465 2674 491 tem-

1613 590 1803 620 aeternitatis
1831 590 2074 629 interruptione.
2109 590 2151 620 Et
2179 590 2258 620 ratio
2288 590 2322 620 in
2349 589 2452 621 littera
2480 590 2675 631 assignatur:

1613 634 1689 673 quia
1710 633 1783 674 plus
1806 633 1965 670 differunt,
1989 633 2085 664 etiam
2107 638 2144 664 ut
2166 642 2334 664 mensurae
2357 633 2552 670 durationis,
2575 638 2679 666 aeter-²

1613 720 1664 751 die
1693 726 1725 751 et
1743 726 1820 762 post
1847 730 1923 751 cras.
2585 743 2593 754 4
2598 734 2632 763 12*

1667 765 1743 796 Non
1766 770 1895 805 oportet
1916 765 2012 805 igitur
2033 765 2231 796 nativitatem
2246 764 2364 796 Christi
2378 759 2535 797 divinam
2528 764 2575 797 in

1613 949 1710 980 quam
1733 941 1759 970 si
1782 949 1847 971 una
1869 939 1980 971 fuisset
2002 945 2076 971 ante
2097 939 2185 971 'mille
2207 949 2309 971 annos
2331 945 2364 972 et
2386 940 2446 971 alia
2467 939 2598 972 hodie..

1297 1093 1509 1136 ARTICU
1517 1093 1615 1136 LUS
1643 1093 1872 1136 TERTIUS

949 1187 1106 1218 UTRUM
1130 1186 1372 1218 SECUNDUM
1395 1186 1699 1218 TEMPORALEM
1722 1186 2030 1218 NATIVITATEM
2054 1163 2228 1218 CHRISTI

1142 1231 1291 1261 BEATA
1313 1230 1449 1262 VIRGO
1473 1230 1621 1262 POSSIT
1644 1229 1733 1262 DICI
1757 1230 1911 1262 MATER
1932 1230 2030 1262 EIUS

681 1312 712 1337 111
731 1308 814 1340 sent,
834 1311 891 1336 dist.
910 1317 947 1340 ιιι,
969 1317 1013 1342 qu.
1031 1317 1058 1341 ιι,
1079 1314 1125 1335 art.
1147 1316 1176 1341 ις
1195 1310 1255 1334 dist.
1273 1316 1308 1340 tv,
1327 1317 1372 1342 qu.
1391 1317 1419 1339 ιι,
1438 1315 1484 1334 art.
1507 1316 1535 1340 ις
1554 1309 1589 1334 lV
1610 1310 1686 1335 Cont.
1709 1310 1796 1339 σαι,
1816 1316 1872 1342 cap.
1889 1316 1972 1340 xxxiv,
1990 1316 2053 1341 ηπ
2072 1309 2117 1335 Aa
2137 1309 2236 1339 Galat„
2255 1316 2311 1343 eap-
2329 1316 2365 1340 ιν.
2383 1309 2442 1335 lect.
2459 1315 2488 1335 ιι.

550 1420 575 1448 ;»
707 1413 729 1437 ι)
748 1411 908 1437 τΕιιτιυΜ
927 1410 979 1435 s1c
1004 1409 1239 1436 PROCEDITUR.
1266 1397 1428 1435 Videtur
1452 1397 1560 1447 quod

539 1449 568 1472 ⁴⁹·
622 1451 668 1473 “⁴³
708 1452 925 1489 secundum
939 1451 1192 1499 temporalem
1206 1450 1442 1488 nativitatem
1454 1450 1560 1488 Chri-

259 1567 393 1595 'Qu.xxxn‚
399 1570 467 1593 art-4.

260 2301 271 2311 ⁴
286 2300 313 2322 D.
329 2300 379 2322 661.

263 2353 273 2363 ⁶
284 2353 318 2373 De
327 2352 385 2373 Fide
394 2353 462 2374 Orth.

262 2379 301 2400 lib.
317 2379 360 2406 111,
379 2385 428 2406 cap.
449 2385 472 2400 ιι.

264 2566 273 2576 ⁸
289 2565 354 2586 Vers.
371 2566 404 2587 ιδ.

265 2813 274 2822 ·
316 2818 338 2832 ιι.
354 2818 375 2836 ν,
391 2818 402 2832 a
427 2828 431 2832 .
448 2818 472 2837 23

264 2843 302 2865 qu.
319 2844 382 2863 xxxi,
397 2842 438 2859 art.
454 2845 474 2866 5.

496 1611 612 1660 Virgo
640 1611 763 1648 Maria
797 1609 891 1647 nihil
919 1609 1039 1646 active
1074 1609 1114 1646 in
1142 1608 1383 1657 generatione
1421 1608 1560 1646 Christi

497 1671 653 1714 operata
672 1672 738 1706 est,
768 1663 835 1700 sed
854 1664 976 1699 solam
995 1662 1196 1699 materiam
1215 1661 1452 1699 ministravit.
1482 1661 1559 1699 Sed

498 1719 590 1754 hoc*
607 1729 687 1753 non
715 1715 866 1753 videtur
898 1715 1073 1752 sufficere
1107 1715 1155 1752 ad
1184 1714 1372 1752 rationem
1407 1714 1557 1752 matris:

498 1769 681 1818 alioquin,
702 1768 847 1817 lignum
867 1768 1055 1805 diceretur
1073 1775 1195 1805 mater
1213 1767 1297 1804 lecti
1316 1774 1382 1804 aut
1400 1767 1558 1804 scamni.

498 1823 600 1870 Ergo
627 1821 779 1858 videtur
807 1821 914 1870 quod
942 1821 1059 1857 Beata
1085 1820 1202 1868 Virgo
1230 1832 1311 1857 non
1338 1819 1458 1868 possit
1485 1819 1560 1857 dici

498 1882 620 1912 mater
649 1873 799 1911 Christi.

554 1939 588 1963 2.
618 1927 854 1973 PRAETEREA‚
890 1925 1062 1963 Christus
1090 1937 1136 1962 ex
1164 1926 1281 1962 Beata
1308 1924 1462 1973 Virgine
1490 1924 1560 1962 mi-

499 1981 672 2016 raculose
700 1986 811 2016 natus
830 1986 895 2016 est.
926 1979 1003 2016 Sed
1021 1978 1251 2015 miraculosa
1269 1976 1461 2026 generatio
1480 1989 1561 2014 non

499 2032 638 2069 sufficit
672 2032 721 2069 ad
749 2031 933 2068 rationem
967 2030 1214 2068 maternitatis
1250 2032 1312 2068 vel
1346 2029 1558 2067 filiationis:

499 2097 579 2122 non
594 2084 697 2121 enim
712 2084 874 2121 dicimus
889 2085 1041 2120 Hevam
1055 2083 1169 2120 fuisse
1183 2082 1302 2120 filiam
1319 2083 1438 2119 Adae.
1459 2083 1560 2131 Ergo

499 2138 651 2174 videtur
666 2137 774 2186 quod
788 2149 858 2174 nec
874 2137 1047 2174 Christus
1062 2136 1198 2173 debeat
1212 2135 1287 2173 dici
1305 2134 1407 2172 filius
1422 2136 1561 2172 Beatae

499 2190 674 2238 Virginis.

555 2242 588 2279 3.
618 2244 849 2288 PRAETEREA,
870 2242 918 2279 ad
937 2249 1100 2279 matrem
1118 2216 1307 2290 pertinere
1326 2241 1478 2279 videtur
1497 2241 1562 2278 de-

500 2295 591 2333 cisio
620 2295 775 2332 seminis
793 2295 824 2331 ²¹⁶.
855 2295 943 2341 Sed,
973 2295 1069 2332 sicut
1097 2295 1361 2331 Damascenus
1389 2293 1493 2340 dicit,
1522 2293 1562 2330 in

463 2369 471 2379 ι
499 2350 544 2386 III
564 2348 660 2386 libro
674 2348 706 2395 ²⁸,
726 2360 867 2397 corpus
887 2347 1026 2385 Christi
1046 2359 1120 2384 non
1139 2347 1376 2395 seminaliter,
1395 2347 1461 2384 sed
1477 2359 1562 2384 con-

500 2402 607 2439 ditive
634 2414 657 2438 a
685 2403 820 2451 Spiritu
849 2403 983 2439 Sancto
1000 2402 1215 2449 formatum
1244 2406 1304 2437 est.
1334 2401 1436 2448 Ergo
1457 2399 1562 2436 vide-

499 2463 561 2491 tur
597 2455 703 2503 quod
741 2455 857 2491 Beata
890 2453 1006 2501 Virgo
1043 2465 1124 2490 non
1159 2453 1297 2490 debeat
1331 2452 1405 2490 dici
1441 2447 1564 2489 mater

502 2507 651 2544 Christi.

554 2561 627 2598 SED
647 2572 792 2597 CONTRA
811 2571 876 2597 Esr
898 2559 1005 2609 quod
1025 2558 1162 2595 dicitur
1179 2559 1315 2595 Matth.
1332 2558 1394 2595 1²¹⁶:
1429 2559 1565 2596 Christi

499 2615 691 2663 generatio
724 2614 777 2650 sic
804 2619 892 2649 erat.
935 2614 1030 2650 Cum
1067 2618 1156 2649 esset
1191 2612 1409 2662 desponsata
1443 2617 1564 2648 mater

500 2667 584 2703 Iesu
611 2667 744 2703 Maria
772 2666 917 2715 Ioseph,
938 2673 1006 2702 etc.

554 2720 778 2756 RESPONDEO
806 2730 986 2756 DICENDUM
1015 2717 1123 2767 quod
1151 2718 1269 2754 Beata
1295 2716 1412 2765 Virgo
1440 2716 1564 2754 Maria

502 2779 556 2808 est
570 2783 661 2808 vera
680 2779 715 2808 et
734 2771 914 2808 naturalis
934 2779 1055 2808 mater
1075 2770 1226 2807 Christi.
1253 2769 1358 2807 Sicut
1378 2769 1482 2807 enim
1501 2782 1563 2806 su-

502 2836 570 2873 pra
584 2824 603 2846 *
627 2823 774 2861 dictum
797 2831 862 2871 est,
883 2835 1024 2873 corpus
1054 2822 1194 2860 Christi
1212 2835 1291 2860 non
1316 2831 1371 2860 est
1389 2823 1437 2860 de
1457 2824 1562 2860 caelo

555 2938 582 2972 α)
601 2939 721 2964 allatum.
733 2953 751 2957 -
770 2938 860 2963 PFlsH
881 2943 906 2963 et
923 2945 956 2967 a:
974 2938 1102 2963 ablatum.
1116 2938 1154 2963 Cf.
1168 2945 1213 2971 qu.
1225 2942 1376 2968 xxxv11,art.
1391 2944 1401 2962 ι
1421 2945 1507 2970 corp.:
1525 2944 1622 2969 corpus
1641 2937 1674 2962 de
1692 2937 1765 2962 coelo
1783 2938 1912 2963 attulisse.

1173 3016 1510 3049 commentaria
1531 3015 1784 3049 cardinalis
1806 3016 2008 3050 Caietam

506 3106 684 3168 Tironis:
710 3106 749 3126 an
777 3097 873 3126 Beata
891 3097 988 3136 Virgo
1012 3106 1086 3127 vere
1107 3097 1208 3137 possit
1228 3096 1290 3127 dici
1310 3101 1410 3127 mater
1434 3095 1561 3127 Christi.
1588 3093 1592 3133 Ι
1618 3097 1787 3128 assumitur
1820 3096 1910 3138 quod
1933 3106 2050 3138 corpus
2073 3096 2191 3128 Christi
2218 3101 2384 3138 sumptum
2407 3101 2454 3128 est
2479 3106 2529 3129 ex
2575 3086 2614 3120 1¹·

618 3140 653 3170 In
683 3149 818 3180 corpore
853 3149 917 3170 una
947 3141 1128 3171 conclusio:
1158 3141 1261 3172 Beata
1289 3141 1388 3182 Virgo
1417 3145 1464 3172 est
1490 3150 1564 3171 vere

504 3188 607 3213 mater
631 3183 759 3214 Christi.
783 3183 946 3214 Probatur.
972 3184 1099 3224 Corpus
1122 3184 1239 3215 Christi
1261 3194 1329 3215 non
1349 3190 1396 3215 est
1418 3184 1458 3216 de
1474 3184 1563 3215 caelo

505 3226 643 3262 allatum,
667 3227 722 3257 sed
746 3227 784 3257 de
802 3227 929 3266 Virgine
952 3233 1050 3258 matre
1074 3234 1249 3269 sumptum,
1273 3234 1304 3259 et
1327 3238 1365 3259 ex
1387 3229 1563 3269 purissimis

505 3271 710 3309 sanguinibus
740 3271 807 3300 eius
837 3269 1018 3301 formatum.
1053 3272 1138 3311 Ergo
1168 3272 1264 3303 Beata
1287 3273 1385 3312 Virgo
1416 3278 1463 3303 est
1490 3281 1563 3309 vere

506 3319 605 3344 mater
628 3314 754 3344 Christi.

560 3357 769 3393 Antecedens‚
794 3356 901 3397 quoad
923 3358 1058 3397 primam
1075 3364 1205 3398 partem,
1226 3369 1263 3390 ex
1280 3360 1428 3400 opposita
1443 3361 1563 3391 haeresi

507 3400 665 3431 Valentini
695 3407 790 3440 patet.
823 3401 940 3439 Quoad
967 3401 1119 3441 reliquas,
1152 3408 1237 3442 patet
1261 3412 1299 3433 ex
1321 3408 1394 3434 ante
1417 3403 1518 3435 dictis.
1541 3422 1564 3427 -

509 3443 746 3484 Consequentia
768 3445 930 3485 probatur.
954 3444 1038 3482 Quia
1061 3445 1123 3475 hoc
1146 3446 1252 3477 solum
1274 3447 1443 3487 requiritur
1461 3447 1500 3478 acl
1516 3458 1563 3479 ra-

509 3487 631 3517 tionem
653 3488 771 3518 matris.

565 3529 600 3559 11.
626 3530 716 3561 Circa
739 3531 961 3571 probationem
984 3531 1064 3562 hanc
1088 3531 1221 3562 dubium
1240 3534 1436 3565 novitiorum
1451 3544 1563 3565 occur-

510 3573 567 3603 rit:
598 3574 672 3614 quia
699 3581 828 3614 apparet
850 3576 961 3606 vitium
992 3575 1152 3615 petitionis
1176 3576 1322 3617 principii
1353 3577 1386 3608 in
1409 3587 1461 3614 ea,
1486 3577 1562 3608 dum

1613 1609 1726 1647 Unde
1755 1609 1872 1646 Beata
1898 1607 2015 1657 Virgo
2043 1620 2134 1645 vere
2161 1615 2218 1646 est
2244 1616 2368 1646 mater
2395 1608 2554 1655 Chrisfi„
2579 1604 2683 1655 „11⁸³”

1614 1556 1663 1593 ad
1690 1555 1879 1593 rationem
1907 1555 2058 1593 matris:
2087 1563 2130 1593 ut
2156 1567 2204 1592 ex
2231 1550 2349 1606 supra
2366 1556 2387 1579 *
2413 1555 2526 1598 dictis
2543 1561 2717 1609 pm

1666 1663 1724 1698 Αι)
1753 1673 1888 1699 numum
1917 1673 2015 1698 ERGO
2042 1666 2226 1699 hienimum
2253 1661 2377 1711 quod,
2399 1661 2517 1707 sicut>
2630 1704 2634 1707 ,

1614 1713 1760 1752 dictum
1788 1722 1862 1762 est,
1899 1713 2106 1773 paternitas
2138 1725 2207 1751 seu
2234 1714 2456 1757 maternitas
2478 1713 2687 1762 etam

1614 1779 1694 1804 non
1721 1774 1948 1816 competunt
1974 1766 2015 1804 in
2036 1778 2291 1826 quacumque
2317 1765 2693 1829 generatiwffi

1614 1819 1654 1856 in
1682 1821 1763 1856 sola
1789 1819 2034 1868 generatione
2060 1819 2286 1858 viventium.
2315 1820 2365 1857 Et
2381 1819 2484 1869 ideo,
2501 1817 2546 1873 si}
2584 1864 2592 1868 γ’

1614 1871 1825 1909 inanimata
1851 1883 1898 1909 ex
1924 1871 2054 1921 aliqua
2080 1871 2239 1911 materia
2264 1871 2378 1920 fiant,
2413 1884 2498 1919 non
2507 1875 2567 1934 ,ἐρ’
2648 1871 2685 1921 '3
2706 1883 2750 1908 uz·

1615 1925 1691 1962 hoc
1717 1923 1968 1974 consequitur
1993 1925 2034 1962 in
2062 1925 2116 1963 eis
2143 1924 2274 1963 relatio
2295 1906 2690 1974 maternitatis&
2723 1936 2726 1938 ·
2746 1938 2750 1943 ’

1615 1976 1797 2014 liationis:
1836 1977 1904 2014 sed
1938 1977 2067 2014 solum
2099 1977 2139 2015 in
2169 1977 2414 2026 generatione
2439 1977 2727 2077 viventum

1615 2042 1714 2079 quae
1742 2029 1896 2079 proprie
1925 2029 2100 2067 nativitas
2126 2030 2274 2068 dieitur.

1668 2084 1725 2120 An
1744 2095 1934 2120 SECUNDUM
1951 2094 2132 2121 mcx-:nuum
2151 2084 2270 2132 quod,
2299 2083 2396 2121 sicut
2412 2083 2734 2138 Dama

1616 2134 1717 2183 dicit,
1736 2135 1776 2172 in
1795 2136 1841 2172 111
1858 2135 1956 2173 libro
1970 2135 2001 2183 *,
2020 2135 2196 2174 nativitas
2213 2136 2446 2186 temporalis,
2470 2126 2707 2205 ww

1616 2196 1696 2225 stus
1718 2195 1774 2224 est
1791 2195 1904 2225 natus
1931 2195 2089 2238 propter
2105 2196 2279 2226 nostram
2296 2189 2697 2242 salutemsffifflm

1615 2241 1829 2278 dammodo
1847 2241 2050 2279 secundum
2069 2253 2148 2288 nos,
2177 2243 2354 2291 quoniam
2373 2199 2697 2291 natuseqffm

1615 2306 1665 2331 ex
1690 2294 1858 2340 muliere,
1887 2299 1920 2331 et
1946 2299 2112 2344 tempore
2129 2296 2376 2344 conceptionis
2394 2294 2611 2343 debito&

1617 2359 1684 2384 nos
1711 2353 1846 2393 autem,
1876 2348 2053 2396 quoniam
2081 2359 2157 2384 non
2185 2359 2236 2385 ex
2259 2349 2412 2396 semim,
2431 2346 2571 2400 seddi}

1616 2405 1673 2437 cto
1701 2401 1838 2449 Spiritu
1866 2405 1900 2437 et
1924 2405 2054 2437 sancta
2089 2401 2254 2450 Virgine,
2281 2411 2394 2451 super
2409 2400 2588 2451 legem,-

2650 2054 2685 2076 ⁷:32
2728 2069 2735 2079 ⁴

1613 2454 1760 2502 ptionis.
1804 2451 1868 2490 Sic
1894 2451 2007 2501 igitur
2041 2465 2087 2490 ex
2117 2459 2225 2502 parte
2251 2452 2384 2500 matris
2410 2452 2531 2495 nativ'
2550 2492 2553 2494 ,

1616 2505 1686 2542 fuit
1713 2504 1914 2543 naturalis:
1953 2505 2021 2543 sed
2048 2518 2095 2543 ex
2121 2513 2245 2555 parte
2252 2505 2502 2555 operationis
2517 2505 2572 2551 S

1619 2558 1745 2596 Sancti
1782 2558 1853 2595 fuit
1888 2557 2129 2607 miraculosa.
2163 2558 2283 2597 Unde
2321 2559 2438 2597 Beata
2471 2557 2606 2639 Virgo-

1616 2623 1709 2648 vera
1736 2619 1772 2647 et
1800 2610 1980 2648 naturalis
2007 2614 2131 2648 mate‘r
2157 2610 2308 2649 Christi.

1670 2665 1727 2701 An
1745 2676 1905 2702 TERTIUM
1923 2676 2104 2702 DICENDUM
2121 2665 2240 2714 quod,
2255 2663 2352 2702 sicut
2365 2662 2571 2714 supra‘

1617 2724 1689 2764 est,
1726 2717 1907 2754 resolutio
1941 2716 2097 2755 seminis
2128 2716 2292 2755 feminae
2325 2729 2407 2766 non
2435 2716 2562 2768 pertin

1616 2769 1879 2807 necessitatem
1903 2769 2161 2829 conceptus&
2191 2770 2241 2808 Et
2257 2769 2346 2808 ideo
2365 2762 2577 2809 resolutio

1617 2822 1675 2859 nis
1702 2835 1782 2860 non
1811 2835 1858 2860 ex
1885 2822 2107 2861 necessitate
2133 2822 2338 2873 requiritur
2364 2823 2414 2861 ad
2441 2835 2508 2867 ma
2527 2864 2546 2870 ..
2577 2867 2581 2873 ,

1618 3145 1731 3171 matre.
1753 3140 1837 3171 Nam
1859 3140 2063 3181 probandum
2078 3146 2144 3172 erat
2166 3139 2256 3182 quod
2275 3140 2328 3172 illa
2342 3140 2458 3172 mulier
2472 3145 2555 3173 esset
2578 3159 2581 3167 .

1617 3184 1685 3215 Nec
1703 3185 1787 3216 valet
1809 3184 1914 3216 dicere
1937 3185 2027 3226 quod
2049 3185 2219 3217 assumitur
2237 3194 2356 3226 corpus
2372 3184 2494 3217 Christi
2513 3194 2529 3216 s
2550 3200 2577 3211 a·

1619 3238 1656 3259 ex
1679 3234 1796 3265 matre,
1821 3235 1852 3260 et
1875 3228 2078 3260 concluditur
2103 3228 2224 3260 Christi
2246 3238 2314 3260 esse
2335 3234 2479 3260 matrem.
2522 3232 2537 3255 ⁰
2576 3244 2583 3254 ι

1617 3277 1684 3303 tota
1707 3273 1851 3313 quaestio
1875 3273 1915 3304 de
1938 3272 2066 3304 Christo
2090 3278 2138 3304 est
2158 3273 2281 3304 ratione
2297 3273 2450 3314 corporis,
2473 3282 2514 3304 an
2528 3273 2580 3304 sit>

1617 3317 1716 3357 Virgo
1743 3322 1844 3348 mater
1866 3317 1951 3348 eius:
1985 3323 2017 3348 et
2042 3317 2077 3348 in
2104 3326 2202 3348 unam
2227 3317 2360 3348 vertitur
2387 3317 2609 3358 quaestionem

1617 3361 1740 3392 ratione
1764 3362 1917 3402 corporis,
1941 3370 1982 3392 an
2005 3360 2132 3397 Christi,
2156 3361 2254 3392 Beata
2274 3361 2374 3402 Virgo
2397 3361 2438 3392 sit
2458 3365 2568 3392 mater
2717 3381 2738 3398 „-

1673 3404 1724 3435 Ad
1741 3405 1805 3436 hoc
1824 3404 1939 3436 dicitur
1962 3405 2052 3445 quod
2074 3405 2107 3446 ly
2122 3414 2164 3436 ex
2179 3409 2291 3440 matre,
2315 3405 2349 3436 in
2364 3405 2543 3446 praemissis
2557 3408 2682 3436 mum·
2696 3402 2739 3446 ‘²335‘

1617 3454 1727 3499 ptum,
1755 3449 1913 3480 brevitatis
1940 3458 2035 3480 causa
2057 3453 2258 3490 assumptum
2280 3453 2346 3485 est,
2370 3453 2407 3479 ιιι
2429 3457 2496 3480 ιιιιο
2518 3446 2682 3487 vocabula

1619 3492 1846 3532 exprimeretur
1868 3491 1986 3524 modus
2013 3501 2079 3533 quo
2103 3501 2220 3534 corpus
2243 3491 2361 3523 Christi
2383 3497 2549 3533 sumptum
2571 3497 2621 3524 est
2638 3492 2678 3531 ᾲ
2734 3524 2752 3530 ,,
2816 3491 2817 3494 ’

1618 3535 1715 3566 Beata
1738 3535 1877 3576 Virgine.
1908 3535 1956 3567 Ac
1982 3535 2009 3567 si
2035 3534 2180 3567 dixisset:
2209 3534 2338 3576 Corpus
2365 3534 2483 3566 Christi
2511 3540 2682 3578 sumptum
2753 3533 2759 3541 ”

1618 3584 1665 3609 est
1688 3587 1726 3609 ex
1748 3578 1845 3610 Beata
1867 3579 1997 3620 Virgine
2019 3579 2053 3610 in
2075 3579 2150 3610 loco
2172 3578 2307 3610 nami-ali
2321 3579 2544 3619 generationis,
2567 3584 2600 3611 et
2620 3587 2683 3621 per,
