2872 3970
234 370 346 396 mana,
370 361 515 400 apposita
537 362 699 391 sanctitate
721 369 778 401 per
801 361 961 398 diadema,
986 368 1017 393 et
1039 363 1203 393 iuventute
1233 373 1291 403 pro

237 403 441 445 perfectione,
465 410 497 434 et
519 404 575 434 alis
598 404 742 435 confictis
764 414 823 445 pro
847 405 1013 442 celeritate,
1037 407 1087 436 vel
1110 408 1153 437 sic
1169 417 1207 437 ex
1222 416 1292 437 sen-

237 447 378 479 sibilibus
390 447 430 478 ad
439 448 632 478 insensibilia
643 448 824 479 venerando
836 449 1052 480 ascendamus.
1068 450 1109 480 Et
1119 451 1181 480 hoc
1193 450 1292 481 modo

234 490 353 522 alicubi
375 490 509 532 Spiritus
525 491 659 522 Sanctus
677 493 710 522 in
726 491 829 522 forma
844 493 926 523 senis
950 494 1061 523 orbem
1076 494 1198 534 pugillo
1215 503 1292 524 con—

238 533 408 570 eludentis,
425 539 496 570 etc„
519 534 681 574 figuratur.
711 535 774 566 Hic
803 541 910 566 autem
939 537 1047 567 tertius
1074 537 1190 567 modus
1221 538 1293 568 satis

237 578 437 619 propinquus
460 583 508 608 est
528 579 602 609 ritui
624 588 822 618 paganorum
845 579 1048 619 figurantium
1071 581 1177 611 Deum
1193 581 1293 611 diver-

237 621 360 653 simode
379 627 476 662 prout
491 631 585 652 causa
601 627 647 652 est
663 623 860 653 diversorum
879 623 1066 654 effectuum:
1090 630 1126 655 ut
1140 625 1174 655 in
1192 624 1294 655 forma

237 665 398 697 Minervae
420 666 543 696 rau'one
565 667 747 715 sapientiae,
771 672 803 696 et
824 667 1019 698 huiusmodi.

291 708 332 740 X.
355 708 413 740 His
428 709 616 749 praemissis,
640 709 806 740 sciendum
822 715 868 740 est
891 710 980 750 quod
1002 710 1136 751 figurare
1152 711 1295 742 divinum

237 753 342 794 primo
357 751 456 783 modo
476 757 522 783 est
537 758 624 783 actus
641 762 678 783 ex
694 763 753 784 suo
773 763 888 793 genere
903 754 1004 784 malus
1019 755 1196 785 moraliter.
1221 756 1295 795 quia

238 795 322 827 cadit
342 805 438 836 super
455 802 653 836 repugnante
667 797 807 827 materia.
830 798 1000 837 Repugnat
1015 798 1172 838 siquidem
1189 798 1295 829 deitati

236 838 436 880 figurabilem
459 849 536 870 esse.

293 883 441 923 Figurate
473 888 580 913 autem
613 883 719 914 Deum
751 884 893 915 secundo
920 885 972 915 vel
1000 885 1093 915 tertio
1126 885 1226 916 modo
1256 885 1296 917 ad

235 931 345 964 ‚neuim
367 927 594 962 instructionis,
618 933 665 957 est
688 933 776 958 actus
800 938 838 958 ex
858 937 917 958 suo
933 938 1049 968 genere
1071 929 1188 959 bonus:
1214 938 1295 969 quo-

237 969 324 1001 niam
346 970 488 1001 naturale
504 975 551 1001 est
572 971 697 1001 homini
712 980 769 1011 per
785 971 942 1002 sensibilia
958 971 1078 1002 discere
1093 973 1294 1003 insensibilia.

237 1012 331 1046 Unde
346 1014 487 1054 picturae
511 1013 638 1044 codices
654 1021 727 1045 sunt
742 1015 957 1055 populorum:
982 1016 1063 1046 sicut
1081 1016 1160 1052 libri,
1177 1017 1209 1046 in
1226 1018 1296 1056 qui-

238 1057 299 1088 bus
320 1066 378 1097 per
398 1058 477 1088 haec
501 1058 659 1088 sensibilia
682 1058 837 1089 docemur
855 1058 1062 1099 intelligibilia
1077 1060 1295 1100 contemplari,

203 1106 369 1145 propter
391 1101 531 1132 eruditos
554 1107 628 1131 sunt
651 1103 678 1131 ⁴².
713 1102 753 1132 Et
776 1103 820 1133 sic
844 1103 972 1143 Moyses
994 1108 1110 1134 statuas
1134 1105 1297 1134 constituit

206 1143 427 1185 'angelorum
448 1146 481 1175 in
503 1145 654 1185 Templo.

293 1187 358 1220 Sed
378 1188 419 1220 ad
440 1194 548 1219 actum
571 1189 676 1219 cultus
698 1188 833 1229 figurare
863 1190 942 1220 haec
970 1195 1057 1220 actus
1081 1196 1137 1226 est,
1160 1190 1297 1221 solitarie

239 1237 394 1273 sumptuS‚
418 1242 486 1263 non
508 1233 613 1262 bonus
636 1242 696 1263 nec
720 1234 874 1273 eligibilis,
898 1233 953 1264 sed
976 1233 1185 1264 declinabilis:
1216 1235 1298 1265 sicut

239 1274 385 1310 occidere
406 1276 582 1312 hominem,
605 1277 632 1307 si
654 1277 791 1307 solitarie
814 1282 1026 1317 proponatur,
1050 1287 1117 1308 non
1141 1283 1187 1308 est
1210 1283 1297 1308 actus

237 1319 383 1360 eligibilis
405 1325 460 1351 aut
481 1319 661 1356 laudabilis,
685 1320 756 1356 sed,
780 1322 806 1351 si
828 1320 907 1351 nihil
930 1320 1110 1358 adderetur,
1134 1321 1237 1352 malus
1267 1327 1298 1352 et

238 1364 463 1404 simper-abilis.
495 1363 558 1395 Sed
580 1365 607 1394 si
628 1363 763 1404 figurare
786 1365 892 1395 Deum
925 1364 965 1395 ad
987 1371 1094 1395 actum
1118 1365 1221 1395 cultus
1243 1375 1297 1395 ve-

239 1407 348 1439 stiatur
370 1407 560 1448 quibusdam
583 1409 834 1444 circumstantiis,
857 1414 935 1448 puta
951 1410 1136 1439 auctoritate
1152 1409 1298 1440 ecclesia-

111 1489 122 1496 *
139 1489 143 1496 ³
182 1491 183 1494 Ἴ
199 1477 205 1484 .
239 1452 334 1490 sticae
357 1451 608 1487 consuetudinis,
632 1453 798 1482 securitate
813 1453 852 1482 ab
869 1462 1012 1483 errorum
1028 1453 1207 1489 occasione,
1231 1454 1298 1493 pie-

167 1509 192 1522 1
239 1500 367 1537 tateque
391 1495 576 1532 colentium,
600 1495 741 1526 redditur
763 1501 851 1526 actus
874 1497 931 1527 iste
954 1497 1123 1527 honestus:
1152 1498 1249 1532 sicut,
1273 1498 1299 1527 si

239 1537 389 1570 occidere
407 1539 574 1570 hominem
595 1539 745 1570 induatur
768 1540 1016 1571 circumstantias
1038 1540 1185 1581 publicae
1207 1546 1298 1580 pote-

238 1583 324 1615 statis
346 1588 454 1614 actum
476 1584 696 1624 praecipientis
726 1589 857 1624 propter
883 1585 1033 1614 iustitiam
1063 1594 1099 1615 ac
1126 1594 1298 1615 commune

188 1648 191 1651 «
239 1627 372 1663 bonum.
397 1628 455 1658 erit
476 1627 623 1658 occidere
645 1628 812 1658 hominem
835 1634 923 1658 actus
946 1629 1110 1659 honestus.

238 1700 242 1701 ⁷
292 1671 346 1702 XI.
370 1670 491 1702 Cavete
515 1681 590 1711 ergo
614 1677 742 1712 oportet
764 1681 805 1702 ne
828 1671 927 1702 facilis
950 1673 989 1702 sit
1011 1673 1167 1702 sententia
1190 1678 1300 1703 contra

239 1720 478 1755 quamcumque
493 1721 624 1755 partem.
641 1715 796 1746 Habenda
812 1715 993 1755 siquidem'
985 1726 1019 1746 111
1034 1717 1143 1756 primis
1159 1723 1205 1747 est
1219 1717 1298 1747 ratio

240 1759 362 1789 erroris.
388 1759 472 1789 Nam
494 1759 520 1789 si
544 1769 581 1789 ex
605 1759 682 1789 falsa
704 1760 810 1799 aliqua
833 1761 987 1800 opinione
1011 1759 1050 1790 de
1074 1760 1144 1790 Deo
1169 1766 1223 1791 aut
1245 1770 1300 1790 an-

239 1802 326 1843 gelis,
343 1808 414 1839 etc„
437 1803 543 1843 aliqua
561 1803 714 1843 processit
729 1809 784 1834 aut
799 1809 976 1843 perseverat
991 1804 1097 1843 imago
1113 1805 1195 1834 tertii
1211 1804 1300 1835 modi

239 1846 290 1877 vel
312 1846 443 1877 secundi
465 1847 629 1883 inusitata,
653 1847 810 1880 abolenda
833 1852 931 1883 esset,
963 1853 994 1878 et
1015 1848 1217 1878 instruendus
1240 1858 1300 1888 po-

238 1890 344 1931 pulus.
368 1890 450 1923 Dico
473 1896 591 1926 autem,
611 1892 661 1922 vel
682 1892 814 1922 secundi
837 1892 1009 1922 inusitata:
1024 1893 1108 1932 quia,
1126 1893 1183 1922 etsi
1199 1891 1238 1922 ad
1253 1902 1300 1922 re-

238 1935 527 1976 praesentationem
556 1935 703 1966 historiae
734 1935 822 1966 Deus
845 1935 1026 1975 depingitur
1048 1937 1081 1966 in
1105 1935 1208 1966 forma
1230 1937 1302 1966 rubi

240 1977 376 2009 ardentis
398 1979 560 2018 loquentis
584 1979 704 2020 Moysi,
730 1985 760 2010 et
783 1980 935 2010 similium
957 1981 1133 2015 visionum;
1158 1981 1234 2020 quia
1255 1986 1301 2010 ta-

240 2030 315 2053 men
338 2023 480 2053 Ecclesia
501 2032 569 2053 non
593 2024 759 2054 consuevit
782 2024 891 2054 omnia
909 2023 1051 2063 figuralia
1069 2033 1250 2064 proponere
1266 2030 1303 2054 ut

241 2066 385 2103 colenda,
409 2066 482 2097 ideo
503 2067 680 2097 cavendum
696 2073 743 2098 est
764 2077 806 2098 ne
821 2077 907 2098 nova
922 2068 1033 2098 abusio
1049 2067 1230 2098 introducta
1245 2068 1300 2104 sit;

208 2127 214 2135 ·
241 2116 319 2152 puta
341 2111 367 2140 si
389 2116 478 2150 petra
500 2110 682 2141 adoraretur
705 2121 764 2152 pro
788 2111 915 2142 Christo
939 2112 1013 2152 quia
1037 2112 1189 2151 scriptum
1217 2117 1263 2141 est
1274 2113 1300 2147 θ,

240 2153 337 2185 Petra
359 2159 467 2185 autem
489 2159 561 2185 erat
586 2154 742 2186 Christus.

913 283 1175 330 QUAESTIO
1204 285 1328 332 XXV,
1358 285 1647 323 ARTICULUS
1675 286 1724 322 IV

2320 288 2389 324 281

1401 364 1434 394 Si
1456 373 1531 394 vero
1555 364 1643 394 nulla
1665 363 1741 394 falsa
1764 365 1874 405 opinio
1899 370 1951 395 aut
1974 367 2188 406 praesumptio
2220 367 2395 402 intervenit,

1345 407 1400 438 sed
1416 409 1564 447 antiquus
1575 408 1734 438 Ecclesiae
1751 419 1826 439 usus
1842 415 1993 444 servatur;
2010 409 2179 449 nullusque
2196 411 2397 441 occasionem

1347 451 1468 481 errandi
1491 452 1620 491 accipit,
1650 453 1724 491 quia
1751 453 1839 492 plebs
1864 458 1910 482 est
1931 453 2013 482 bene
2036 453 2185 483 instructa
2207 454 2239 483 in
2262 453 2342 489 fide,
2367 459 2398 484 et

1347 494 1444 524 credit
1467 495 1572 525 Deum
1595 495 1739 535 spiritum
1763 505 1839 531 esse,
1865 501 1895 526 et
1917 496 1949 525 in
1969 497 2117 526 omnibus
2140 503 2222 526 recte
2247 507 2320 527 cum
2337 497 2397 527 Ec-

1347 538 1440 568 clesia
1463 539 1618 568 sentiunt:
1641 548 1708 569 non
1723 539 1817 569 video
1838 545 2004 579 peccatum
2024 540 2153 579 aliquod
2168 541 2199 570 in
2216 540 2398 570 huiusmodi

1347 582 1436 611 cultu
1458 582 1633 621 imaginum
1656 588 1721 612 tam
1744 583 1874 613 secundi
1893 593 1989 622 quam
2005 584 2086 613 tertii
2102 583 2199 613 modi.
2224 584 2264 613 Et
2286 593 2398 614 secun-

1348 625 1406 655 dus
1430 625 1559 665 quidem
1582 626 1801 656 auctoritatem
1823 627 1917 657 habet
1940 636 1977 656 ex
2001 636 2086 656 sacra
2109 627 2267 666 Scriptura
2290 633 2321 657 et
2339 628 2398 657 Ec-

1348 668 1459 699 clesiae
1483 679 1543 699 usu
1566 669 1741 700 manifeste.
1766 670 1892 700 Tertius
1908 676 2024 706 autern,
2049 671 2123 710 quia
2139 670 2329 710 originaliter
2352 680 2398 700 se-

1349 712 1491 742 cundum
1514 718 1616 752 partes
1639 719 1685 743 est
1709 723 1746 743 ex
1769 724 1855 744 sacra
1878 714 2055 753 Scriptura,
2080 714 2223 753 quamvis
2245 723 2310 743 non
2333 720 2399 744 tota

1348 756 1464 796 imago,
1489 762 1519 786 et
1542 757 1701 787 Ecclesiae
1724 767 1785 787 usu
1800 758 2002 797 approbatur,
2017 767 2084 787 non
2101 758 2205 787 solum
2220 757 2399 793 tolerabilis,

1349 799 1404 829 sed
1426 800 1530 830 licitus
1546 801 1624 830 mihi
1637 800 1772 831 videtur.
1803 801 1850 831 Ex
1867 810 1906 831 eo
1931 802 2016 831 enim
2033 801 2120 840 quod
2143 801 2245 831 cultus
2261 801 2331 831 Deo
2348 810 2400 831 ex-

1348 843 1474 873 hibetur
1495 845 1528 874 in
1551 844 1698 883 imagine,
1714 854 1781 875 non
1804 845 1901 884 impie
1925 850 1978 875 aut
2001 850 2273 884 praesumptuose,
2291 844 2345 874 sed
2362 845 2399 874 ab

1349 886 1490 917 Ecclesia
1511 893 1722 927 proponente,
1739 894 1827 919 actus
1843 888 2033 919 adorationis
2049 890 2131 919 circa
2151 888 2287 918 debitam
2302 893 2400 918 mate-

1349 931 1427 960 riam
1449 937 1604 961 versatur:
1635 941 1671 962 ac
1691 941 1747 972 per
1762 933 1835 968 hoc,
1851 933 1971 963 nullam
1986 933 2108 972 peccati
2126 932 2281 962 rationem
2296 933 2399 962 habet.

1403 974 1444 1004 Et
1467 975 1492 1004 si
1510 975 1554 1005 sic
1570 980 1626 1010 est,
1649 985 1717 1006 non
1732 975 1878 1006 videntur
1893 975 2059 1006 cassandae
2076 976 2234 1006 Trinitatis
2250 976 2401 1015 imagines

1349 1017 1382 1047 in
1405 1017 1508 1047 forma
1535 1019 1616 1048 senis
1647 1019 1832 1049 crucifixum
1856 1020 2051 1055 sustinentis,
2083 1019 2231 1050 columba
2253 1019 2400 1049 interme-

1350 1060 1410 1090 dia.
1434 1061 1539 1091 Partes
1568 1062 1653 1092 enim
1679 1063 1823 1102 imaginis
1846 1064 1940 1093 huius
1970 1073 2007 1092 ex
2030 1073 2115 1093 sacra
2137 1069 2210 1093 sunt
2232 1063 2400 1102 Scriptura.

1350 1105 1391 1134 Et
1423 1105 1461 1135 de
1494 1105 1564 1135 Filii
1597 1111 1627 1135 et
1661 1105 1793 1145 Spiritus
1827 1106 1932 1137 Sancti
1965 1107 2153 1146 imaginibus
2187 1111 2318 1136 constat.
2353 1106 2401 1135 De

1350 1148 1448 1178 Patris
1472 1154 1588 1182 autem,
1614 1158 1651 1179 ex
1674 1150 1804 1180 Daniele
1828 1151 1974 1184 habetur,
2000 1159 2068 1189 cap.
2085 1160 2127 1179 vn
2143 1151 2169 1185 *,
2194 1159 2267 1179 cum
2291 1149 2403 1179 dicitur

1351 1191 1389 1222 de
1413 1192 1495 1222 Filio
1524 1191 1613 1232 quod
1636 1194 1784 1232 pervenit
1812 1194 1855 1223 ad
1884 1194 2057 1233 Antiquam
2082 1194 2233 1228 Dierum,
2258 1194 2319 1222 hoc
2347 1199 2402 1228 est,

1350 1235 1456 1265 Deum
1479 1236 1613 1266 Patrem.
1636 1254 1658 1257 —
1681 1236 1721 1266 Et
1743 1237 1816 1275 hoc,
1840 1242 1875 1267 ut
1898 1236 2018 1267 dictum
2041 1242 2096 1272 est,
2117 1237 2172 1267 ubi
2186 1236 2272 1266 nulla
2288 1242 2334 1266 est
2349 1245 2403 1266 oc-

1352 1279 1436 1309 casio
1461 1280 1583 1309 erroris.

1405 1315 1480 1352 Non
1491 1322 1587 1353 laudo
1603 1328 1710 1353 tamen
1725 1304 1909 1354 huiusmodi
1921 1324 2238 1363 multiplicationem
2230 1325 2405 1363 imaginum

1352 1366 1513 1396 Trinitatis
1537 1372 1591 1396 aut
1613 1367 1754 1403 deitatis;
1778 1373 1832 1398 aut
1854 1368 1915 1398 Dei
1929 1368 2043 1403 Patris;
2068 1373 2122 1398 aut
2137 1367 2269 1407 Spiritus
2289 1366 2404 1402 Sancti,

1351 1411 1412 1440 nisi
1434 1411 1467 1440 in
1491 1412 1596 1450 specie
1619 1411 1797 1446 columbae,
1822 1417 1853 1441 et
1875 1412 1985 1451 igneae
2008 1412 2133 1451 linguae
2156 1420 2250 1450 super
2269 1409 2405 1450 discipu-

1352 1454 1401 1484 los
1416 1455 1443 1484 ³⁶.
1467 1454 1530 1485 Sed
1544 1455 1651 1494 potius
1666 1460 1820 1494 tanquam
1841 1455 2056 1495 infigurabilis‚
2072 1461 2222 1494 tanquam
2238 1463 2332 1494 supra
2346 1463 2405 1484 nu-

1352 1498 1426 1528 bem
1449 1498 1588 1538 aliquam
1611 1508 1738 1529 auream
1761 1499 1860 1530 latens
1883 1498 2060 1539 pingendus
2085 1504 2164 1529 esset
2187 1499 2289 1533 Deus,
2321 1497 2405 1528 unde

1353 1541 1483 1572 effectus
1507 1543 1673 1572 creationis
1696 1543 1890 1582 proveniret:
1922 1549 1957 1572 ut
1978 1542 2029 1572 vel
2053 1543 2096 1572 sic
2120 1542 2292 1572 erudiretur
2317 1541 2406 1581 plebs

1354 1585 1442 1625 quod
1466 1586 1552 1616 Deus
1576 1591 1622 1616 est
1644 1586 1771 1625 spiritus
1794 1585 2012 1625 infigurabilis;
2037 1587 2118 1616 sicut
2134 1586 2270 1625 MoyseS,
2287 1586 2405 1624 absque

1353 1629 1482 1660 sedente
1505 1629 1612 1660 sedem
1635 1630 1817 1669 impositam
1841 1630 1958 1669 angelis
1977 1636 2116 1660 statuens
2134 1631 2160 1665 ἢ
2185 1630 2290 1659 Deum
2316 1628 2406 1658 intel-

1353 1674 1407 1713 ligi
1431 1679 1461 1703 et
1484 1674 1548 1704 coli
1571 1683 1666 1713 super
1688 1674 1796 1703 omnia
1819 1674 2044 1713 quiescentem,
2068 1678 2261 1713 regnantem,
2285 1672 2406 1712 prospi-

1354 1719 1492 1748 cientem
1514 1727 1551 1748 ac
1573 1717 1781 1752 iudicantem,
1806 1717 1961 1747 ordinavit
1987 1714 2223 1756 sapientissime.
2255 1716 2407 1755 Imagines

1355 1762 1440 1791 enim
1464 1761 1590 1791 codices
1613 1766 1687 1790 sunt
1709 1761 1915 1800 populorum.
1940 1761 1980 1790 Et
2002 1766 2169 1801 propterea
2192 1770 2209 1790 a
2231 1760 2337 1789 multis
2360 1769 2407 1789 re-

1354 1804 1610 1845 prehenduntur,
1641 1810 1792 1843 tanquam
1823 1805 2025 1834 occasionem
2056 1804 2177 1834 errandi
2207 1804 2407 1843 praebenteS,

1356 1854 1511 1888 quantum
1536 1853 1582 1878 est
1605 1857 1643 1878 ex
1666 1857 1708 1878 se.
1742 1848 1782 1878 Et
1805 1857 1915 1878 verum
1943 1847 2098 1883 dicerent,
2125 1848 2184 1877 nisi
2213 1846 2409 1877 conditiones

1355 1892 1532 1933 praedictae
1557 1897 1740 1922 excusarent
1763 1897 1879 1927 actum,
1903 1897 1938 1922 ut
1961 1891 2081 1922 dictum
2105 1897 2151 1921 est
2165 1892 2191 1921 ⁴⁹.

1409 1937 1476 1966 XII.
1501 1937 1541 1966 Et
1557 1946 1613 1976 per
1628 1936 1705 1966 haec
1721 1941 1807 1975 patet
1822 1936 1987 1975 responsio
2003 1935 2043 1965 ad
2059 1936 2182 1966 obiecta
2197 1936 2223 1964 *.
2248 1934 2410 1971 Quoniam

1355 1981 1531 2020 aliqualiter
1554 1981 1663 2010 omnia
1685 1989 1797 2009 verum
1821 1979 2033 2009 concludunt:
2067 1979 2144 2009 dum
2166 1979 2226 2008 Dei
2248 1978 2410 2017 imagines,

1355 2025 1492 2054 solitarie
1514 2025 1707 2064 propositae,
1732 2023 1910 2059 dissonant;
1935 2029 1975 2058 et,
2000 2023 2184 2053 auctoritate
2200 2022 2296 2052 fultae
2312 2021 2412 2051 eccle-

1355 2069 1496 2098 siasticae
1528 2067 1783 2103 consuetudinis,
1816 2068 2046 2106 securitateque
2077 2067 2115 2096 ab
2146 2075 2249 2096 errore
2279 2074 2412 2095 concur-

1354 2117 1460 2147 rente,
1494 2121 1568 2141 cum
1599 2112 1720 2150 origine
1747 2121 1765 2141 a
1793 2120 1878 2141 sacra
1902 2111 2061 2151 Scriptura
2089 2111 2122 2140 in
2149 2115 2219 2140 toto
2242 2109 2292 2139 vel
2314 2114 2411 2148 parte,

1355 2156 1573 2186 honeStantur.

1019 2324 1337 2368 ARTICULUS
1367 2325 1640 2375 QUARTUS

638 2425 795 2456 UTRUM
819 2425 938 2457 caux
962 2425 1133 2456 efflusi-1
1157 2425 1223 2456 srr
1246 2425 1490 2456 ADORANDA
1513 2425 1798 2456 ADORATIONE
1828 2425 2016 2455 LATRIAE

802 2511 836 2536 11·
855 2511 910 2543 11¹⁸,
930 2519 974 2544 qu.
994 2519 1048 2543 cm,
1067 2517 1113 2537 art.
1131 2519 1157 2544 4,
1176 2512 1208 2537 ad
1229 2511 1257 2543 3;
1277 2512 1308 2536 111
1327 2511 1410 2542 Sent„
1430 2511 1488 2537 dist.
1507 2519 1539 2543 rx,
1559 2519 1602 2544 qu.
1622 2519 1638 2542 1,
1658 2517 1703 2536 art.
1724 2519 1747 2541 2,
1766 2517 1814 2544 qua
1834 2519 1858 2543 4.

268 2613 330 2671 f:
372 2620 414 2650 wi<
452 2611 476 2637 1)
495 2610 666 2642 QUARTUM
685 2611 736 2637 s1c
756 2612 991 2638 PROCEDITUR.
1015 2599 1176 2637 Videtur
1194 2600 1300 2649 quod

273 2649 360 2711 '⁸3⁵3
368 2642 433 2716 ξφ
453 2663 548 2689 crux
577 2651 716 2689 Christi
750 2665 832 2690 non
860 2652 906 2689 sit
937 2653 1133 2690 adoranda
1168 2653 1301 2690 adora-

139 2688 162 2706 ⁴⁹
200 2696 203 2698 μ
247 2688 314 2750 ’,Ϋ
318 2690 414 2747 ἐἰῇ
401 2703 557 2745 stione
589 2704 728 2742 latriae.
771 2706 911 2742 Nullus
943 2705 1047 2742 enim
1081 2705 1168 2754 pius
1201 2705 1302 2742 filius

253 2774 255 2776 v
278 2756 283 2763 '
302 2773 310 2792 s
334 2735 395 2785 “2531
411 2749 445 2802 Χ,
454 2765 659 2794 veneratur
685 2758 958 2795 contumeliam
977 2758 1092 2807 patris
1112 2758 1182 2804 3111,
1210 2766 1303 2807 puta

245 2807 439 2856 flagellum
467 2821 546 2859 quo
565 2809 774 2857 flagellatus
793 2818 849 2847 est
867 2815 895 2857 α,
919 2812 981 2847 vel
1001 2810 1174 2858 lignum'
1166 2822 1205 2847 111
1224 2822 1302 2859 quo

247 2867 326 2898 erat
353 2873 579 2911 suspensus:
609 2862 676 2900 sed
703 2862 823 2910 magis
851 2862 944 2900 illud
971 2863 1161 2900 abhorret.
1196 2862 1304 2900 Chri-

247 2920 327 2951 stus
345 2921 474 2952 autem
493 2914 533 2952 in
551 2914 653 2962 ligno
672 2915 795 2952 crucis
822 2923 877 2952 est
904 2915 1305 2964 opprobriosissimam

247 2974 414 3006 mortem
440 2979 593 3016 passus:
622 2967 838 3004 secundum
857 2967 949 3004 illud
967 2969 1054 3017 Sap.
1074 2980 1095 3005 11
1114 2968 1150 3004 *ε
1179 2970 1307 3005 Morte

248 3021 456 3068 turpissima
475 3020 761 3056 condemnemus
779 3032 873 3056 eum.
895 3021 996 3067 Ergo
1015 3032 1094 3057 non
1120 3020 1306 3057 debemus

249 3082 404 3110 crucem
431 3071 615 3118 venerari,
644 3073 711 3108 sed
738 3072 858 3120 magis
886 3072 1102 3109 abhorrere.

306 3135 340 3161 2.
377 3125 616 3171 PRAETEREA,
655 3124 873 3161 humanitas
911 3123 1049 3161 Christi
1085 3124 1306 3161 adoratione

251 3175 378 3214 latriae
407 3177 587 3214 adoratur
620 3175 850 3225 inquantum
887 3183 942 3212 est
973 3176 1079 3213 unita
1112 3176 1208 3213 Filio
1236 3176 1308 3213 Dei

252 3228 292 3267 in
309 3241 484 3278 persona.
515 3229 634 3275 Quod
658 3229 704 3265 de
723 3240 835 3266 cruce
854 3228 928 3265 dici
947 3240 1027 3265 non
1044 3236 1178 3277 potest.
1206 3230 1307 3276 Ergo

253 3293 347 3319 crux
365 3281 504 3319 Christi
531 3293 611 3319 non
631 3288 685 3317 est
703 3281 899 3318 adoranda
926 3280 1147 3318 adoratione
1166 3280 1305 3317 latriae.

309 3333 343 3370 3.
377 3335 615 3380 PRAETEREA,
653 3332 749 3370 sicut
776 3345 869 3369 crux
898 3332 1036 3369 Christi
1072 3332 1141 3369 fuit
1172 3331 1308 3369 instru-

254 3393 430 3423 mentum
465 3385 652 3436 passionis
684 3385 765 3422 eius
798 3392 833 3421 et
865 3384 1016 3432 mortis,
1054 3384 1104 3421 ita
1132 3384 1245 3422 etiam
1273 3392 1309 3421 et

1356 2601 1476 2637 multa
1503 2599 1586 2646 alia,
1614 2607 1706 2648 puta
1734 2599 1840 2646 clavi,
1870 2611 2013 2636 corona
2041 2607 2076 2635 et
2095 2600 2242 2636 lancea:
2272 2597 2412 2647 quibus

1356 2661 1486 2690 tamen
1513 2665 1593 2689 non
1621 2652 1848 2689 exhibemus
1875 2652 2002 2689 latriae
2030 2653 2186 2688 cultum.
2230 2652 2329 2698 Ergo
2357 2650 2412 2687 vi-

1356 2706 1468 2742 detur
1488 2705 1594 2754 quod
1613 2717 1706 2741 crux
1727 2704 1865 2742 Christi
1884 2717 1963 2741 non
1983 2703 2028 2740 sit
2046 2703 2266 2741 adoratione
2286 2703 2411 2740 latriae

1357 2758 1563 2795 adoranda.

1413 2811 1485 2847 SED
1500 2822 1654 2856 CONTRA,
1671 2809 1721 2846 illi
1736 2809 1960 2846 exhibemus
1979 2808 2242 2845 adorationem
2257 2808 2382 2845 latriae
2399 2806 2413 2836 β

1359 2863 1398 2900 111
1417 2874 1496 2912 quo
1525 2861 1707 2911 ponimus
1727 2873 1834 2910 spem
1854 2861 1992 2898 salutis.
2024 2860 2126 2897 Sed
2118 2873 2156 2896 111
2175 2872 2286 2897 cruce
2307 2859 2412 2898 Chri-

1359 2915 1405 2952 sti
1431 2914 1613 2964 ponimus
1642 2926 1750 2962 spem
1769 2919 1801 2950 Y:
1840 2921 1963 2950 cantat
1994 2912 2097 2949 enim
2125 2913 2292 2950 Ecclesia
2310 2913 2348 2949 *z
2383 2913 2414 2949 Ο

1364 2969 1487 3012 Crux,
1516 2979 1601 3012 ave,
1633 2978 1714 3014 spes
1747 2967 1874 3011 unica,
1902 2967 1990 3002 Hoc
2020 2966 2200 3014 passionis
2231 2971 2411 3015 tempore,

1359 3021 1470 3069 Auge
1491 3020 1563 3068 piis
1591 3020 1775 3063 iusti'tzam,
1804 3019 1961 3066 Reisque
1992 3018 2089 3054 dona
2116 3019 2273 3054 veniam.
2312 3018 2411 3065 Ergo

1361 3084 1453 3108 crux
1482 3070 1620 3107 Christi
1648 3077 1702 3106 est
1730 3070 1923 3106 adoranda
1951 3069 2170 3107 adoratione
2199 3069 2336 3106 latriae.

1414 3125 1635 3160 RESPONDEO
1655 3134 1833 3158 mCENDUM
1852 3122 1968 3171 quod,
1990 3122 2084 3159 sicut
2104 3134 2218 3170 supra
2231 3122 2250 3143 '¹‘
2269 3121 2413 3158 dictum

1362 3183 1426 3221 est,
1448 3176 1574 3211 honor
1601 3187 1669 3210 seu
1698 3174 1906 3211 reverentia
1925 3187 2004 3211 non
2032 3174 2191 3211 debetur
2213 3174 2281 3211 nisi
2304 3173 2413 3211 ratio-

1363 3228 1438 3265 nali
1463 3235 1672 3264 creaturae:
1703 3235 1894 3264 creaturae
1923 3235 2051 3264 autem
2070 3225 2083 3248 δ
2107 3226 2311 3263 insensibili
2334 3238 2413 3264 non

1363 3280 1522 3317 debetur
1550 3281 1676 3316 honor
1702 3281 1764 3316 vel
1793 3279 2002 3316 reverentia
2038 3279 2108 3316 nisi
2136 3279 2278 3316 ratione
2307 3286 2413 3316 natu-

1363 3344 1425 3369 rae
1454 3331 1655 3369 rationalis.
1686 3333 1733 3368 Et
1760 3332 1835 3369 hoc
1863 3331 2074 3381 dupliciter:
2104 3344 2184 3369 uno
2208 3331 2337 3378 modo,
2359 3330 2413 3367 in-

1363 3392 1550 3433 quantum
1583 3392 1836 3433 repraesentat
1862 3393 2037 3422 naturam
2066 3384 2304 3430 rationalem;
2340 3382 2414 3421 alio

215 3534 218 3537 ,
274 3527 289 3535 ,.
309 3505 339 3540 α)
354 3510 403 3534 est.
424 3522 444 3527 —
465 3511 532 3534 esset
553 3509 573 3533 F
597 3514 622 3534 et
646 3508 732 3538 tertia3
761 3515 808 3540 pro
832 3510 899 3537 erat,
924 3511 991 3533 esset
1015 3507 1063 3538 Ibe,
1081 3507 1180 3540 suisset
1205 3507 1239 3538 P;
1264 3514 1311 3539 pro

179 3572 185 3579 ¹
256 3536 388 3572 abhorret,
406 3543 562 3568 abhorreret
579 3543 660 3569 tertia.

309 3574 336 3611 β)
352 3577 537 3603 adorationem
555 3578 660 3604 latriae.
677 3592 696 3597 —
713 3577 810 3602 latriae
828 3578 927 3603 cultum
946 3577 1018 3602 tertia
1036 3583 1137 3610 praeter
1155 3577 1173 3603 1.

398 3629 507 3655 Summa
525 3630 626 3655 Tutor..
645 3630 676 3655 D.
689 3629 804 3654 Tuomst
823 3629 854 3654 T.
869 3629 932 3655 VIII.

1416 3506 1443 3539 γ)
1461 3514 1542 3538 spem.
1559 3521 1578 3526 —
1596 3507 1689 3532 salutis
1707 3507 1775 3532 addit
1793 3507 1872 3532 tertia.

1416 3540 1441 3575 δ)
1459 3545 1614 3567 creaturae:
1632 3546 1772 3567 creaturae
1790 3546 1886 3567 autem.
1898 3556 1916 3559 -
1930 3542 1965 3566 sD
1986 3546 2010 3566 et
2028 3548 2060 3570 a,·
2078 3545 2217 3566 creaturae
2234 3545 2282 3568 aut
2299 3542 2414 3575 ABCpD,

1365 3580 1478 3602 naturae
1495 3580 1635 3602 creaturae
1653 3581 1741 3602 autem
1760 3577 1780 3601 E
1800 3582 1824 3601 et
1843 3577 1923 3607 tertia,
1942 3579 2081 3601 creaturae
2098 3580 2237 3602 creaturae
2255 3578 2322 3602 enim
2341 3577 2371 3602 F.

2240 3628 2272 3653 36

2430 1158 2439 1167 ’
2454 1157 2518 1179 Vers.
2536 1163 2567 1185 ¹3.

2434 1464 2442 1472 ’
2462 1463 2510 1484 Act.
2538 1469 2588 1490 cap.
2614 1468 2642 1489 n,

2433 1495 2490 1510 vers.
2507 1495 2526 1517 3.

2435 1630 2526 1651 ’.Exod
2535 1635 2584 1657 cap.
2588 1636 2642 1656 xxv,

2433 1662 2518 1683 1131317
2526 1662 2585 1683 sqq.;
2591 1662 2641 1683 cap.

2433 1688 2521 1709 xxxvii,
2545 1688 2603 1703 vers.
2628 1682 2642 1703 6

2434 1715 2484 1736 sqq.
2499 1698 2564 1730 -Cf.
2583 1708 2643 1730 Psal.

2433 1741 2509 1762 cxxix,
2523 1740 2582 1756 vers.
2596 1740 2616 1755 2.

2439 1889 2447 1898 ⁴
2460 1887 2529 1908 Num.
2543 1893 2567 1907 x.

2438 1937 2446 1946 ’
2461 1935 2529 1957 Num.
2545 1940 2594 1956 vin.

2441 2947 2528 2970 ’.Dom
2537 2923 2611 2975 Lusa,
2622 2948 2650 2969 ad

2441 2973 2510 3001 Vesp.

2442 3132 2449 3141 ⁸
2465 3132 2513 3153 Art.
2529 3138 2548 3160 3.
