2872 3970
81 1968 94 1978 ⁸
108 1967 187 1989 Matth.
210 1972 261 1994 cap.
279 1973 295 1993 ι,
343 1973 356 1991 ,⁸

82 1999 144 2015 vers.
158 1999 170 2015 2
174 2001 181 2015 Ι
186 2009 192 2015 .

82 2365 244 2419 J.?1‘;‚2¹‡-22¹:¹
255 2371 295 2394 ⁴¹¹¹

87 2803 97 2813 ⁴
110 2802 148 2825 Cf.
163 2802 297 2825 Comment-

86 2829 110 2851 in
121 2829 227 2852 Ptol-1⁸²
237 2830 297 2851 Part.

90 3237 175 3259 ·Vide
190 3237 301 3263 Praefat.;

1083 325 1435 389 TERTIA
1498 325 1737 398 PARS,

344 471 1112 581 SUMMAE
1219 471 2476 580 THEOLOGIAE

1133 643 1384 680 ANGELICI
1414 643 1684 680 DOCTORIS

588 759 997 842 SANCTI
1057 761 1544 844 THOMAE
1603 760 2230 867 AQUINATIS

1179 905 1316 929 ORDINIS
1336 903 1631 929 PRAEDICATORUM

1034 996 1180 1037 CUM
1224 995 1776 1036 COMMENTARIIS

746 1115 1152 1178 THOMAE
1209 1115 1318 1177 DE
1375 1114 1550 1177 VIO
1608 1114 2062 1177 CAIETANI

1291 1238 1401 1255 EIUSDEM
1420 1237 1525 1254 ORDINIS

1191 1314 1221 1344 S.
1247 1315 1284 1344 R.
1309 1314 1345 1345 E.
1372 1314 1628 1344 CARDINALIS

1371 1410 1450 1439 *ozi-<-

1137 1564 1683 1619 PROLOGUS

619 2061 751 2098 dinem
775 2061 1002 2097 immortalis
1025 2059 1124 2096 vitae
1149 2060 1383 2107 resurgendo

321 2113 523 2162 pervenire
551 2113 757 2162 possimus,
783 2125 938 2150 necesse
967 2121 1022 2149 est
1050 2121 1102 2160 ut,
1125 2113 1172 2148 ad
1202 2124 1383 2149 consum-

321 2165 535 2202 mationem
556 2167 672 2203 totius
699 2166 903 2214 theologici
931 2165 1083 2214 negotii,
1103 2172 1191 2214 post
1209 2165 1383 2202 conside-

323 2217 512 2255 rationem
531 2219 655 2256 ultimi
674 2219 762 2255 finis
787 2220 982 2256 humanae
1005 2218 1104 2255 vitae
1134 2226 1170 2254 et
1197 2217 1383 2254 virtutum
1410 2235 1412 2245 ·

323 2282 368 2307 ac
395 2271 592 2318 vitiorum,
613 2272 660 2308 de
689 2271 774 2320 ipso
790 2271 969 2308 omnium
992 2272 1188 2308 Salvatore
1210 2283 1254 2307 ac
1269 2271 1384 2307 bene-

323 2322 419 2360 ficiis
447 2323 530 2360 eius
551 2325 726 2361 humano
746 2324 876 2372 generi
894 2323 1081 2374 praestitis
1107 2331 1237 2360 nostra
1260 2323 1384 2360 consi-

323 2375 468 2413 deratio
497 2375 756 2426 subsequatur
773 2377 804 2413 ²⁸.

1494 1794 1604 1831 Circa
1623 1806 1754 1842 quam,
1775 1794 1902 1843 primo
1923 1794 2248 1831 considerandum
2273 1794 2437 1831 occurrit
2456 1796 2503 1832 de

1411 1847 1523 1896 ,ipso
1561 1848 1777 1891 Salvatore;
1813 1848 2003 1893 secundo,
2039 1847 2086 1883 de
2123 1847 2368 1884 sacramentis
2403 1847 2502 1894 eius,

1373 1923 1384 1927 -
1411 1938 1413 1947 .
1440 1900 1582 1949 quibus
1617 1901 1779 1936 salutem
1815 1900 2149 1949 consequimur&
2185 1899 2315 1938 tertio.
2343 1901 2390 1936 de
2425 1900 2539 1937 fine·

1439 1953 1665 1990 immortalis
1702 1952 1821 1998 vitae,
1861 1953 1909 1989 ad
1947 1965 2066 2001 quem
2103 1965 2172 2002 per
2209 1942 2337 2002 ipsum
2380 1965 2503 2010 resur-

1437 2007 1564 2054 gendo
1593 1995 1842 2055 pervenimus
1861 2005 1892 2042 ²³⁸.

1492 2059 1602 2095 Circa
1639 2058 1810 2117 primum
1847 2035 1988 2107 duplex
2024 2059 2277 2096 consideratio
2317 2059 2500 2096 occurrit:

1437 2112 1563 2160 prima
1591 2119 1646 2148 est
1675 2112 1721 2148 de
1751 2111 1834 2160 ipso
1855 2111 2125 2148 incarnationis
2153 2111 2346 2161 mysterio,
2368 2125 2502 2149 secun—

1438 2165 1533 2201 dum
1563 2164 1670 2213 quod
1699 2165 1804 2200 Deus
1823 2176 1894 2212 pro
1914 2172 2044 2201 nostra
2073 2167 2191 2202 salute
2219 2165 2338 2202 factus
2359 2173 2413 2201 est
2434 2166 2502 2202 ho-

1438 2229 1523 2262 mo;
1554 2217 1724 2253 secunda
1743 2217 1790 2253 de
1810 2216 1869 2253 his
1889 2229 1989 2266 quae
2017 2230 2087 2266 per
2113 2218 2242 2266 ipsum
2263 2219 2502 2255 Salvatorem

1438 2278 1632 2316 nostrum,
1662 2269 1758 2306 idest
1786 2270 1915 2306 Deum
1949 2270 2207 2318 incarnatum,
2238 2279 2326 2308 sunt
2356 2279 2438 2308 acta
2467 2279 2503 2307 et

1438 2335 1550 2372 passa
1569 2322 1599 2359 ³⁶.

997 2482 1331 2515 Commentaria
1354 2480 1606 2513 Cardinalis
1628 2480 1830 2513 Caietani

448 2595 501 2615 mA
524 2586 691 2618 SALVATOR
723 2597 842 2618 nosrta
865 2597 932 2618 arc.
966 2587 1118 2618 Debitum
1143 2587 1217 2617 divo
1243 2587 1391 2617 Thomae

464 2629 652 2662 famulatum
672 2632 853 2671 persolvere
874 2632 1016 2672 cupiens,
1038 2631 1190 2672 expeditis
1214 2631 1390 2662 Commen-

464 2675 637 2706 tationibus
666 2676 763 2706 trium
791 2676 962 2706 Librorum
995 2686 1071 2706 suae
1106 2676 1268 2712 Summae,
1285 2676 1325 2706 ad
1341 2676 1390 2706 ul-

323 2721 439 2751 timum
465 2728 518 2749 me
543 2719 692 2755 confero,
717 2721 917 2760 expositurus
940 2726 1062 2750 textum
1090 2720 1264 2750 multarum
1291 2730 1389 2760 quae-

324 2765 467 2795 stionum
496 2762 675 2794 secundum
697 2762 833 2795 modum
855 2765 888 2794 in
912 2764 1159 2795 Commentariis
1182 2765 1279 2794 Primi
1302 2765 1389 2794 Libri

323 2809 511 2838 inchoatum

325 2852 415 2892 quod
448 2851 577 2882 rationis
609 2850 750 2891 fideique
781 2851 895 2882 lumini
927 2862 1108 2883 consonum
1141 2853 1315 2893 apparebit,
1335 2852 1387 2882 fir-

324 2895 444 2926 mando
467 2904 594 2935 semper
616 2895 738 2925 ratione
759 2901 814 2925 aut
829 2897 1015 2926 auctoritate
1031 2906 1163 2927 ornnem
1186 2897 1386 2933 sententiam,

325 2946 362 2970 ut.
382 2940 490 2971 nullus
513 2948 603 2970 meae
627 2939 806 2970 auctoritati
828 2946 1003 2971 reservetur
1025 2941 1126 2971 locus.

380 2983 539 3014 Dividitur
553 2984 648 3022 igitur
670 2992 818 3023 praesens
834 2984 938 3020 Liber,
955 2990 991 3014 ut
1005 2985 1039 3015 in
1054 2985 1138 3015 illius
1154 2991 1285 3025 apparet
1300 2986 1386 3025 prin-

327 3029 423 3069 cipio,
439 3029 472 3058 in
489 3033 592 3067 partes
608 3033 670 3057 tres
686 3027 889 3067 principales.
907 3037 1043 3078 quarum
1058 3029 1170 3068 prima,
1187 3029 1226 3060 de
1243 3030 1386 3060 Domino
1413 3060 1414 3065 ,

326 3077 436 3103 nostro
460 3071 532 3101 Iesu
556 3071 698 3106 Christo,
723 3080 826 3110 usque
850 3070 889 3101 ad
912 3072 1132 3111 quaestionem
1160 3074 1387 3113 sexagesimam
1413 3071 1414 3086 ³

327 3115 543 3156 protenditur;
568 3114 708 3145 secunda
730 3124 817 3150 vero,
834 3114 874 3145 de
894 3117 1106 3151 sacramentis,
1122 3116 1197 3147 inde
1220 3117 1386 3152 inchoans,

326 3159 513 3199 imperfecta
523 3159 632 3190 relicta
643 3165 690 3189 est
702 3159 743 3189 ob
755 3159 958 3189 immaturam
968 3159 1117 3190 Doctoris
1133 3165 1284 3196 mortem;
1297 3162 1388 3191 tertia

328 3209 446 3239 autem,
459 3203 499 3234 de
513 3203 686 3234 immortali
701 3204 765 3233 vita
779 3203 1021 3242 resurgentium,
1035 3204 1170 3234 omnino
1186 3204 1302 3235 deficit.
1318 3205 1387 3235 Nos
1413 3210 1415 3246 ξ

91 3263 151 3285 mter
183 3263 203 3285 0
223 3254 303 3285 „scula
329 3253 446 3284 autem,
457 3248 483 3277 si
495 3248 562 3278 eius
575 3257 638 3287 ope
651 3247 738 3277 Deus
755 3247 884 3283 dederit,
898 3246 1052 3287 quasdam
1068 3247 1277 3287 adiungemus
1290 3258 1387 3288 quae-

90 3289 202 3317 Caietnni,
229 3296 276 3311 om.
283 3290 292 3311 1

89 3315 169 3338 Tract.
196 3306 245 3338 'Iv-
247 3305 301 3338 xN

93 3342 182 3368 [Venet.
199 3342 265 3368 ¹6¹2).

328 3344 388 3366 nae
411 3335 619 3377 apparebunt,
638 3345 680 3366 ne
704 3341 845 3376 repetere
869 3335 1004 3365 aliorum
1028 3334 1111 3365 dicta
1134 3335 1296 3375 contingat
1312 3337 1338 3365 ὓ.

527 2808 553 2843 θ’,
571 2812 607 2837 ut
621 2807 802 2847 petentibus
825 2808 888 2838 hoc
911 2818 1036 2838 morem
1058 2818 1176 2849 geram,
1194 2818 1230 2838 ac
1247 2808 1388 2839 dicturus
1413 2838 1415 2846 ,

1499 2588 1604 2617 Prima
1627 2593 1735 2617 autem
1765 2597 1846 2627 pars,
1871 2587 1910 2617 de
1927 2587 1997 2617 Iesu
2022 2587 2160 2623 Christo,
2185 2587 2218 2617 in
2242 2597 2295 2616 sex
2313 2593 2416 2626 partes
2440 2587 2501 2617 dis-

1443 2632 1607 2671 tinguitur.
1632 2632 1737 2662 Prima
1760 2632 1799 2662 de
1822 2632 1943 2661 unione
1966 2631 2037 2661 Filii
2057 2632 2116 2661 Dei
2133 2637 2164 2661 et
2179 2632 2338 2661 humanae
2361 2637 2501 2667 naturae,

1443 2686 1548 2716 usque
1563 2676 1603 2706 ad
1620 2676 1925 2716 quintamdecimam
1941 2676 2162 2715 quaestionem
2178 2675 2346 2711 inclusive;
2363 2675 2503 2706 secunda

1443 2720 1491 2750 de*
1506 2721 1554 2750 his
1578 2730 1661 2760 quae
1685 2726 1928 2760 consequuntur
1951 2720 2116 2756 unionem,
2134 2729 2152 2749 a
2167 2719 2377 2750 sextadecima
2399 2729 2502 2759 usque

1443 2764 1482 2794 ad
1497 2765 1820 2804 vigesimamsextam;
1845 2765 1936 2794 tertia
1955 2763 1995 2794 de
2017 2765 2161 2804 ingressu
2177 2763 2345 2794 Salvatoris
2360 2764 2393 2793 in
2409 2773 2502 2794 mun-

1443 2808 1531 2844 dum,
1543 2818 1560 2838 a
1570 2809 1857 2848 vigesimaseptima
1872 2818 1976 2848 usque
1993 2807 2032 2838 ad
2043 2808 2371 2847 trigesimamnonam;
2392 2813 2502 2847 quarta

1442 2852 1481 2883 de
1494 2862 1664 2893 progressu
1675 2853 1843 2883 Salvatoris
1855 2853 1888 2882 in
1900 2853 1963 2882 hoc
1975 2851 2109 2887 mundo,
2121 2862 2139 2881 a
2149 2852 2388 2892 quadragesima
2399 2861 2502 2891 usque

1412 2905 1414 2936 j
1442 2896 1481 2927 ad
1505 2897 1941 2937 quadragesimamquintam;
1966 2897 2077 2936 quinta
2100 2895 2139 2926 de
2163 2896 2248 2926 exitu
2272 2896 2440 2926 Salvatoris
2465 2905 2502 2926 ex

1412 2938 1414 2970 j
1440 2941 1504 2972 hoc
1526 2941 1664 2976 mundo,
1689 2951 1706 2971 a
1734 2940 2060 2980 quadragesimasexta
2083 2949 2187 2980 usque
2209 2939 2248 2970 ad
2263 2979 2266 2983 Ι
2279 2940 2503 2979 quinquagesi-

1412 2983 1414 3009 ἵ
1440 2985 1716 3020 mamsecundam;
1736 2990 1822 3014 sexta
1838 2984 1969 3014 demum
1985 2983 2024 3013 de
2041 2984 2229 3014 exaltatione
2245 2984 2414 3014 Salvatoris
2429 2990 2503 3024 post

1441 3029 1523 3059 hanc
1546 3030 1654 3064 vitam,
1679 3039 1697 3058 a
1720 3028 2074 3069 quinquagesimatertia
2104 3037 2207 3068 usque
2236 3027 2275 3058 ad
2304 3028 2502 3068 quinquage-

1441 3073 1686 3108 simamnonam,
1711 3077 1831 3102 tractat.

1497 3116 1643 3147 Secunda
1660 3116 1775 3146 deinde
1790 3116 1972 3156 principalis
1988 3126 2070 3156 pars,
2092 3115 2132 3146 de
2147 3116 2360 3151 sacramentis,
2376 3116 2409 3145 in
2426 3121 2500 3146 octo

1441 3161 1644 3200 distinguitur
1659 3166 1779 3200 partes:
1804 3170 1940 3200 quarum
1956 3161 2058 3200 prima
2081 3160 2121 3191 de
2142 3160 2343 3190 sacramentis
2363 3161 2395 3189 in
2413 3169 2501 3190 com-

1441 3205 1543 3240 muni,
1561 3205 1701 3244 reliquae
1725 3210 1847 3244 septem
1866 3204 1906 3235 de
1921 3205 2052 3244 singulis
2075 3210 2197 3245 septem
2221 3204 2422 3236 sacramentis
2438 3204 2501 3233 sin-

1414 3260 1415 3270 *
1441 3249 1573 3288 gillatim
1594 3254 1737 3278 tractant.

328 3292 447 3322 stiones
475 3292 557 3321 circa
579 3291 667 3322 utilia
691 3291 730 3322 ad
753 3292 930 3321 animarum
953 3291 1102 3327 salutem,
1126 3300 1208 3330 quae
1232 3298 1388 3331 opportu-
1414 3306 1416 3324 :

2555 1908 2602 1935 Qu.
2617 1915 2654 1930 Lx.

2530 2013 2593 2035 ·Cf.
2619 2014 2740 2041 Supplem.

2530 2045 2568 2067 qu.
2584 2046 2646 2062 inx.

2529 2320 2539 2331 ⁸
2555 2320 2603 2348 Qu.
2617 2326 2686 2342 xxvii.
