<?xml version="1.0" encoding="UTF-8"?>
<!DOCTYPE html PUBLIC "-//W3C//DTD XHTML 1.0 Transitional//EN"
    "http://www.w3.org/TR/xhtml1/DTD/xhtml1-transitional.dtd">
<html xmlns="http://www.w3.org/1999/xhtml" xml:lang="en" lang="en">
 <head>
  <title>
</title>
<meta http-equiv="Content-Type" content="text/html;charset=utf-8" />
  <meta name='ocr-system' content='tesseract 3.04.00' />
  <meta name='ocr-capabilities' content='ocr_page ocr_carea ocr_par ocr_line ocrx_word'/>
</head>
<body>
  <div class='ocr_page' id='page_1' title='image "./operaomniaiussui11thom_0293.png"; bbox 0 0 2872 3970; ppageno 0'>
   <div class='ocr_carea' id='block_1_1' title="bbox 0 0 116 494">
    <p class='ocr_par' dir='ltr' id='par_1_1' title="bbox 0 0 116 494">
     <span class='ocr_line' id='line_1_1' title="bbox 0 0 116 494; baseline 0 3476"><span class='ocrx_word' id='word_1_1' title='bbox 0 0 116 494; x_wconf 95' lang='lat' dir='ltr'> </span> 
     </span>
    </p>
   </div>
   <div class='ocr_carea' id='block_1_2' title="bbox 926 302 1750 352">
    <p class='ocr_par' dir='ltr' id='par_1_2' title="bbox 926 302 1750 352">
     <span class='ocr_line' id='line_1_2' title="bbox 926 302 1750 352; baseline 0.005 -12"><span class='ocrx_word' id='word_1_2' title='bbox 926 302 1189 349; x_wconf 89' lang='lat' dir='ltr'>QUAESTIO</span> <span class='ocrx_word' id='word_1_3' title='bbox 1217 305 1352 352; x_wconf 84' lang='lat' dir='ltr'>XVIII,</span> <span class='ocrx_word' id='word_1_4' title='bbox 1381 305 1672 344; x_wconf 84' lang='lat' dir='ltr'>ARTICULUS</span> <span class='ocrx_word' id='word_1_5' title='bbox 1700 307 1750 345; x_wconf 94' lang='lat' dir='ltr'>VI</span> 
     </span>
    </p>
   </div>
   <div class='ocr_carea' id='block_1_3' title="bbox 249 379 1312 1163">
    <p class='ocr_par' dir='ltr' id='par_1_3' title="bbox 251 379 1312 835">
     <span class='ocr_line' id='line_1_3' title="bbox 254 379 1312 428; baseline 0.003 -13"><span class='ocrx_word' id='word_1_6' title='bbox 254 380 477 428; x_wconf 85' lang='lat' dir='ltr'><em>concupiscit</em></span> <span class='ocrx_word' id='word_1_7' title='bbox 503 379 678 416; x_wconf 78' lang='lat' dir='ltr'>adversus</span> <span class='ocrx_word' id='word_1_8' title='bbox 703 380 882 428; x_wconf 85' lang='lat' dir='ltr'>spiritum,</span> <span class='ocrx_word' id='word_1_9' title='bbox 907 385 940 415; x_wconf 88' lang='lat' dir='ltr'>et</span> <span class='ocrx_word' id='word_1_10' title='bbox 965 382 1111 428; x_wconf 85' lang='lat' dir='ltr'>spiritus</span> <span class='ocrx_word' id='word_1_11' title='bbox 1137 381 1312 418; x_wconf 83' lang='lat' dir='ltr'>adversus</span> 
     </span>
     <span class='ocr_line' id='line_1_4' title="bbox 254 431 1311 483; baseline 0.003 -16"><span class='ocrx_word' id='word_1_12' title='bbox 254 443 417 468; x_wconf 89' lang='lat' dir='ltr'>carnem.</span> <span class='ocrx_word' id='word_1_13' title='bbox 447 432 514 467; x_wconf 90' lang='lat' dir='ltr'>Est</span> <span class='ocrx_word' id='word_1_14' title='bbox 532 431 643 479; x_wconf 83' lang='lat' dir='ltr'>igitur</span> <span class='ocrx_word' id='word_1_15' title='bbox 661 431 904 468; x_wconf 86' lang='lat' dir='ltr'>contrarietas</span> <span class='ocrx_word' id='word_1_16' title='bbox 923 434 1166 470; x_wconf 88' lang='lat' dir='ltr'>voluntatum</span> <span class='ocrx_word' id='word_1_17' title='bbox 1191 445 1311 483; x_wconf 91' lang='lat' dir='ltr'>quan-</span> 
     </span>
     <span class='ocr_line' id='line_1_5' title="bbox 255 483 1311 532; baseline 0.003 -13"><span class='ocrx_word' id='word_1_18' title='bbox 255 483 306 520; x_wconf 95' lang='lat' dir='ltr'>do</span> <span class='ocrx_word' id='word_1_19' title='bbox 334 483 485 532; x_wconf 91' lang='lat' dir='ltr'>spiritus</span> <span class='ocrx_word' id='word_1_20' title='bbox 509 483 742 532; x_wconf 86' lang='lat' dir='ltr'>concupiscit</span> <span class='ocrx_word' id='word_1_21' title='bbox 760 495 896 531; x_wconf 85' lang='lat' dir='ltr'>unum,</span> <span class='ocrx_word' id='word_1_22' title='bbox 918 492 954 521; x_wconf 88' lang='lat' dir='ltr'>et</span> <span class='ocrx_word' id='word_1_23' title='bbox 973 497 1063 522; x_wconf 89' lang='lat' dir='ltr'>caro</span> <span class='ocrx_word' id='word_1_24' title='bbox 1090 485 1204 522; x_wconf 92' lang='lat' dir='ltr'>aliud.</span> <span class='ocrx_word' id='word_1_25' title='bbox 1235 486 1311 523; x_wconf 87' lang='lat' dir='ltr'>Sed</span> 
     </span>
     <span class='ocr_line' id='line_1_6' title="bbox 253 535 1309 585; baseline 0.003 -13"><span class='ocrx_word' id='word_1_26' title='bbox 253 535 330 572; x_wconf 82' lang='lat' dir='ltr'>hoc</span> <span class='ocrx_word' id='word_1_27' title='bbox 347 535 416 572; x_wconf 82' lang='lat' dir='ltr'>fuit</span> <span class='ocrx_word' id='word_1_28' title='bbox 434 535 474 572; x_wconf 88' lang='lat' dir='ltr'>in</span> <span class='ocrx_word' id='word_1_29' title='bbox 494 535 660 572; x_wconf 88' lang='lat' dir='ltr'>Christo:</span> <span class='ocrx_word' id='word_1_30' title='bbox 685 548 778 573; x_wconf 91' lang='lat' dir='ltr'>nam</span> <span class='ocrx_word' id='word_1_31' title='bbox 795 548 865 585; x_wconf 89' lang='lat' dir='ltr'>per</span> <span class='ocrx_word' id='word_1_32' title='bbox 883 538 1120 574; x_wconf 89' lang='lat' dir='ltr'>voluntatem</span> <span class='ocrx_word' id='word_1_33' title='bbox 1139 538 1309 584; x_wconf 87' lang='lat' dir='ltr'>caritatis,</span> 
     </span>
     <span class='ocr_line' id='line_1_7' title="bbox 253 587 1308 637; baseline 0.003 -13"><span class='ocrx_word' id='word_1_34' title='bbox 253 599 373 637; x_wconf 84' lang='lat' dir='ltr'>quam</span> <span class='ocrx_word' id='word_1_35' title='bbox 401 587 562 637; x_wconf 81' lang='lat' dir='ltr'>Spiritus</span> <span class='ocrx_word' id='word_1_36' title='bbox 599 589 759 626; x_wconf 86' lang='lat' dir='ltr'>Sanctus</span> <span class='ocrx_word' id='word_1_37' title='bbox 787 589 827 625; x_wconf 91' lang='lat' dir='ltr'>in</span> <span class='ocrx_word' id='word_1_38' title='bbox 855 589 936 626; x_wconf 91' lang='lat' dir='ltr'>eius</span> <span class='ocrx_word' id='word_1_39' title='bbox 971 597 1098 626; x_wconf 89' lang='lat' dir='ltr'>mente</span> <span class='ocrx_word' id='word_1_40' title='bbox 1131 590 1308 636; x_wconf 82' lang='lat' dir='ltr'>faciebat,</span> 
     </span>
     <span class='ocr_line' id='line_1_8' title="bbox 252 640 1309 689; baseline 0.004 -13"><span class='ocrx_word' id='word_1_41' title='bbox 252 640 406 677; x_wconf 82' lang='lat' dir='ltr'>v&#39;olebat</span> <span class='ocrx_word' id='word_1_42' title='bbox 431 640 670 689; x_wconf 85' lang='lat' dir='ltr'>passionem,</span> <span class='ocrx_word' id='word_1_43' title='bbox 701 641 916 678; x_wconf 84' lang='lat' dir='ltr'>secundum</span> <span class='ocrx_word' id='word_1_44' title='bbox 944 642 1037 679; x_wconf 91' lang='lat' dir='ltr'>illud</span> <span class='ocrx_word' id='word_1_45' title='bbox 1065 642 1180 679; x_wconf 87' lang='lat' dir='ltr'>Isaiae</span> <span class='ocrx_word' id='word_1_46' title='bbox 1202 643 1309 689; x_wconf 80' lang='lat' dir='ltr'>L111*,</span> 
     </span>
     <span class='ocr_line' id='line_1_9' title="bbox 257 693 1309 743; baseline -0.001 -10"><span class='ocrx_word' id='word_1_47' title='bbox 257 693 406 733; x_wconf 76' lang='lat' dir='ltr'>Oblatas</span> <span class='ocrx_word' id='word_1_48' title='bbox 424 698 475 730; x_wconf 87' lang='lat' dir='ltr'>est</span> <span class='ocrx_word' id='word_1_49' title='bbox 493 695 579 743; x_wconf 87' lang='lat' dir='ltr'>quia</span> <span class='ocrx_word' id='word_1_50' title='bbox 598 695 674 743; x_wconf 76' lang='lat' dir='ltr'>z&#39;pSe</span> <span class='ocrx_word' id='word_1_51' title='bbox 690 695 825 738; x_wconf 78' lang='lat' dir='ltr'>voluit;</span> <span class='ocrx_word' id='word_1_52' title='bbox 848 695 1064 732; x_wconf 88' lang='lat' dir='ltr'>secundum</span> <span class='ocrx_word' id='word_1_53' title='bbox 1083 703 1212 732; x_wconf 89' lang='lat' dir='ltr'>autem</span> <span class='ocrx_word' id='word_1_54' title='bbox 1231 707 1309 732; x_wconf 90' lang='lat' dir='ltr'>car-</span> 
     </span>
     <span class='ocr_line' id='line_1_10' title="bbox 251 744 1309 796; baseline 0.004 -15"><span class='ocrx_word' id='word_1_55' title='bbox 251 756 355 791; x_wconf 77' lang='lat' dir='ltr'>nem,</span> <span class='ocrx_word' id='word_1_56' title='bbox 375 744 595 794; x_wconf 87' lang='lat' dir='ltr'>passionem</span> <span class='ocrx_word' id='word_1_57' title='bbox 619 746 836 794; x_wconf 84' lang='lat' dir='ltr'>refugiebat.</span> <span class='ocrx_word' id='word_1_58' title='bbox 866 747 967 796; x_wconf 89' lang='lat' dir='ltr'>Ergo</span> <span class='ocrx_word' id='word_1_59' title='bbox 988 754 1067 784; x_wconf 90' lang='lat' dir='ltr'>erat</span> <span class='ocrx_word' id='word_1_60' title='bbox 1084 747 1124 784; x_wconf 91' lang='lat' dir='ltr'>in</span> <span class='ocrx_word' id='word_1_61' title='bbox 1144 760 1190 784; x_wconf 95' lang='lat' dir='ltr'>eo</span> <span class='ocrx_word' id='word_1_62' title='bbox 1219 759 1309 785; x_wconf 93' lang='lat' dir='ltr'>con-</span> 
     </span>
     <span class='ocr_line' id='line_1_11' title="bbox 251 797 701 835; baseline 0.002 -1"><span class='ocrx_word' id='word_1_63' title='bbox 251 797 421 834; x_wconf 73' lang='lat' dir='ltr'>trarietas</span> <span class='ocrx_word' id='word_1_64' title='bbox 445 799 701 835; x_wconf 77' lang='lat' dir='ltr'>voluntatum.</span> 
     </span>
    </p>

    <p class='ocr_par' dir='ltr' id='par_1_4' title="bbox 249 849 1311 1099">
     <span class='ocr_line' id='line_1_12' title="bbox 306 849 1311 902; baseline 0.004 -16"><span class='ocrx_word' id='word_1_65' title='bbox 306 849 340 886; x_wconf 94' lang='lat'>3.</span> <span class='ocrx_word' id='word_1_66' title='bbox 369 851 600 897; x_wconf 77' lang='lat' dir='ltr'>PRAETEREA,</span> <span class='ocrx_word' id='word_1_67' title='bbox 629 852 724 888; x_wconf 90' lang='lat' dir='ltr'>Luc.</span> <span class='ocrx_word' id='word_1_68' title='bbox 754 863 824 888; x_wconf 81' lang='lat' dir='ltr'>xxn</span> <span class='ocrx_word' id='word_1_69' title='bbox 841 851 862 874; x_wconf 74' lang='lat'>’¹&#39;</span> <span class='ocrx_word' id='word_1_70' title='bbox 889 851 1026 889; x_wconf 91' lang='lat' dir='ltr'>dicitur</span> <span class='ocrx_word' id='word_1_71' title='bbox 1053 853 1171 902; x_wconf 90' lang='lat' dir='ltr'>quod,</span> <span class='ocrx_word' id='word_1_72' title='bbox 1181 853 1311 901; x_wconf 84' lang='lat' dir='ltr'>factus</span> 
     </span>
     <span class='ocr_line' id='line_1_13' title="bbox 251 903 1310 957; baseline 0.003 -18"><span class='ocrx_word' id='word_1_73' title='bbox 251 904 288 940; x_wconf 78' lang='lat' dir='ltr'>in</span> <span class='ocrx_word' id='word_1_74' title='bbox 317 904 474 957; x_wconf 79' lang='lat' dir='ltr'>agonia,</span> <span class='ocrx_word' id='word_1_75' title='bbox 495 903 684 952; x_wconf 85' lang='lat' dir='ltr'>prolixius</span> <span class='ocrx_word' id='word_1_76' title='bbox 711 905 852 941; x_wconf 84' lang='lat' dir='ltr'>orabat.</span> <span class='ocrx_word' id='word_1_77' title='bbox 891 905 967 942; x_wconf 91' lang='lat' dir='ltr'>Sed</span> <span class='ocrx_word' id='word_1_78' title='bbox 995 905 1132 953; x_wconf 87' lang='lat' dir='ltr'>agonia</span> <span class='ocrx_word' id='word_1_79' title='bbox 1157 905 1310 942; x_wconf 91' lang='lat' dir='ltr'>videtur</span> 
     </span>
     <span class='ocr_line' id='line_1_14' title="bbox 250 952 1309 1014; baseline 0 -19"><span class='ocrx_word' id='word_1_80' title='bbox 250 952 456 1014; x_wconf 81' lang='lat' dir='ltr'>importare</span> <span class='ocrx_word' id='word_1_81' title='bbox 492 957 690 1005; x_wconf 87' lang='lat' dir='ltr'>quandam</span> <span class='ocrx_word' id='word_1_82' title='bbox 724 957 1055 1006; x_wconf 86' lang='lat' dir='ltr'>impugnationem</span> <span class='ocrx_word' id='word_1_83' title='bbox 1075 964 1092 979; x_wconf 66' lang='grc' dir='ltr'>α</span> <span class='ocrx_word' id='word_1_84' title='bbox 1120 957 1238 995; x_wconf 90' lang='lat' dir='ltr'>animi</span> <span class='ocrx_word' id='word_1_85' title='bbox 1269 958 1309 995; x_wconf 91' lang='lat' dir='ltr'>in</span> 
     </span>
     <span class='ocr_line' id='line_1_15' title="bbox 250 1007 1307 1059; baseline 0.004 -15"><span class='ocrx_word' id='word_1_86' title='bbox 250 1007 438 1050; x_wconf 86' lang='lat' dir='ltr'>contraria</span> <span class='ocrx_word' id='word_1_87' title='bbox 455 1009 655 1046; x_wconf 87' lang='lat' dir='ltr'>tendentis.</span> <span class='ocrx_word' id='word_1_88' title='bbox 681 1010 782 1057; x_wconf 88' lang='lat' dir='ltr'>Ergo</span> <span class='ocrx_word' id='word_1_89' title='bbox 802 1009 954 1047; x_wconf 90' lang='lat' dir='ltr'>videtur</span> <span class='ocrx_word' id='word_1_90' title='bbox 972 1010 1106 1059; x_wconf 92' lang='lat' dir='ltr'>quod</span> <span class='ocrx_word' id='word_1_91' title='bbox 1097 1023 1136 1048; x_wconf 90' lang='lat' dir='ltr'>m</span> <span class='ocrx_word' id='word_1_92' title='bbox 1157 1011 1307 1048; x_wconf 89' lang='lat' dir='ltr'>Christo</span> 
     </span>
     <span class='ocr_line' id='line_1_16' title="bbox 249 1060 908 1099; baseline 0.003 -2"><span class='ocrx_word' id='word_1_93' title='bbox 249 1060 360 1097; x_wconf 80' lang='lat' dir='ltr'>fuerit</span> <span class='ocrx_word' id='word_1_94' title='bbox 386 1061 630 1098; x_wconf 87' lang='lat' dir='ltr'>contrarietas</span> <span class='ocrx_word' id='word_1_95' title='bbox 658 1062 863 1099; x_wconf 89' lang='lat' dir='ltr'>voluntatis</span> <span class='ocrx_word' id='word_1_96' title='bbox 882 1061 908 1099; x_wconf 69' lang='grc' dir='ltr'>β.</span> 
     </span>
    </p>

    <p class='ocr_par' dir='ltr' id='par_1_5' title="bbox 304 1113 1308 1163">
     <span class='ocr_line' id='line_1_17' title="bbox 304 1113 1308 1163; baseline 0.002 -13"><span class='ocrx_word' id='word_1_97' title='bbox 304 1113 378 1150; x_wconf 77' lang='lat' dir='ltr'>SED</span> <span class='ocrx_word' id='word_1_98' title='bbox 397 1125 541 1151; x_wconf 78' lang='lat' dir='ltr'>CONTRA</span> <span class='ocrx_word' id='word_1_99' title='bbox 560 1126 625 1151; x_wconf 84' lang='lat' dir='ltr'>EST</span> <span class='ocrx_word' id='word_1_100' title='bbox 645 1115 751 1163; x_wconf 91' lang='lat' dir='ltr'>quod</span> <span class='ocrx_word' id='word_1_101' title='bbox 777 1115 817 1151; x_wconf 93' lang='lat' dir='ltr'>in</span> <span class='ocrx_word' id='word_1_102' title='bbox 837 1115 1151 1153; x_wconf 87' lang='lat' dir='ltr'>determinatione</span> <span class='ocrx_word' id='word_1_103' title='bbox 1173 1116 1308 1152; x_wconf 88' lang='lat' dir='ltr'>Sextae</span> 
     </span>
    </p>
   </div>
   <div class='ocr_carea' id='block_1_4' title="bbox 142 1165 1308 1216">
    <p class='ocr_par' dir='ltr' id='par_1_6' title="bbox 142 1165 1308 1216">
     <span class='ocr_line' id='line_1_18' title="bbox 142 1165 1308 1216; baseline 0.003 -14"><span class='ocrx_word' id='word_1_104' title='bbox 142 1177 177 1190; x_wconf 81' lang='grc'>·“·</span> <span class='ocrx_word' id='word_1_105' title='bbox 217 1183 224 1194; x_wconf 80' lang='lat'>‚</span> <span class='ocrx_word' id='word_1_106' title='bbox 251 1165 397 1216; x_wconf 83' lang='lat' dir='ltr'>Synodi</span> <span class='ocrx_word' id='word_1_107' title='bbox 415 1165 436 1188; x_wconf 71' lang='lat'>²⁸</span> <span class='ocrx_word' id='word_1_108' title='bbox 463 1166 616 1204; x_wconf 89' lang='lat' dir='ltr'>dicitur:</span> <span class='ocrx_word' id='word_1_109' title='bbox 645 1168 910 1205; x_wconf 83' lang='lat' dir='ltr'>Praedicamus</span> <span class='ocrx_word' id='word_1_110' title='bbox 929 1169 1020 1205; x_wconf 87' lang='lat' dir='ltr'>duas</span> <span class='ocrx_word' id='word_1_111' title='bbox 1040 1169 1227 1206; x_wconf 82' lang='lat' dir='ltr'>naturales</span> <span class='ocrx_word' id='word_1_112' title='bbox 1244 1181 1308 1206; x_wconf 83' lang='lat' dir='ltr'>vo-</span> 
     </span>
    </p>
   </div>
   <div class='ocr_carea' id='block_1_5' title="bbox 0 1572 177 3913">
    <p class='ocr_par' dir='ltr' id='par_1_7' title="bbox 0 1572 177 3913">
     <span class='ocr_line' id='line_1_19' title="bbox 0 1572 177 3913; baseline 0 0"><span class='ocrx_word' id='word_1_113' title='bbox 0 1572 177 3913; x_wconf 95' lang='lat' dir='ltr'> </span> 
     </span>
    </p>
   </div>
   <div class='ocr_carea' id='block_1_6' title="bbox 246 1218 1309 3222">
    <p class='ocr_par' dir='ltr' id='par_1_8' title="bbox 247 1218 1309 1429">
     <span class='ocr_line' id='line_1_20' title="bbox 249 1218 1309 1271; baseline 0.001 -14"><span class='ocrx_word' id='word_1_114' title='bbox 249 1218 422 1257; x_wconf 82' lang='lat' dir='ltr'>luntates.-</span> <span class='ocrx_word' id='word_1_115' title='bbox 447 1232 522 1257; x_wconf 89' lang='lat' dir='ltr'>non</span> <span class='ocrx_word' id='word_1_116' title='bbox 541 1222 760 1267; x_wconf 88' lang='lat' dir='ltr'>contrarias,</span> <span class='ocrx_word' id='word_1_117' title='bbox 781 1222 886 1258; x_wconf 86' lang='lat' dir='ltr'>iuxta</span> <span class='ocrx_word' id='word_1_118' title='bbox 906 1221 1004 1270; x_wconf 88' lang='lat' dir='ltr'>quod</span> <span class='ocrx_word' id='word_1_119' title='bbox 1022 1223 1126 1271; x_wconf 80' lang='lat' dir='ltr'>impii</span> <span class='ocrx_word' id='word_1_120' title='bbox 1142 1227 1309 1260; x_wconf 87' lang='lat' dir='ltr'>asserunt</span> 
     </span>
     <span class='ocr_line' id='line_1_21' title="bbox 248 1272 1308 1322; baseline 0.003 -14"><span class='ocrx_word' id='word_1_121' title='bbox 248 1272 424 1312; x_wconf 77' lang='lat' dir='ltr'>haeretici</span> <span class='ocrx_word' id='word_1_122' title='bbox 427 1285 441 1317; x_wconf 90' lang='lat'><em>;</em></span> <span class='ocrx_word' id='word_1_123' title='bbox 473 1273 539 1310; x_wconf 84' lang='lat' dir='ltr'>sed</span> <span class='ocrx_word' id='word_1_124' title='bbox 562 1279 769 1322; x_wconf 84' lang='lat' dir='ltr'>sequentem</span> <span class='ocrx_word' id='word_1_125' title='bbox 804 1275 1008 1311; x_wconf 88' lang='lat' dir='ltr'>humanam</span> <span class='ocrx_word' id='word_1_126' title='bbox 1036 1276 1113 1311; x_wconf 87' lang='lat' dir='ltr'>eius</span> <span class='ocrx_word' id='word_1_127' title='bbox 1143 1275 1308 1312; x_wconf 79' lang='lat' dir='ltr'>volunta-</span> 
     </span>
     <span class='ocr_line' id='line_1_22' title="bbox 248 1327 1309 1376; baseline 0.002 -15"><span class='ocrx_word' id='word_1_128' title='bbox 248 1329 332 1371; x_wconf 84' lang='lat' dir='ltr'>tem,</span> <span class='ocrx_word' id='word_1_129' title='bbox 353 1330 389 1361; x_wconf 86' lang='lat' dir='ltr'>et</span> <span class='ocrx_word' id='word_1_130' title='bbox 413 1337 487 1362; x_wconf 85' lang='lat' dir='ltr'>non</span> <span class='ocrx_word' id='word_1_131' title='bbox 512 1328 733 1363; x_wconf 81' lang='lat' dir='ltr'>resistentem</span> <span class='ocrx_word' id='word_1_132' title='bbox 753 1327 812 1364; x_wconf 79' lang='lat' dir='ltr'>vel</span> <span class='ocrx_word' id='word_1_133' title='bbox 838 1327 1088 1373; x_wconf 83' lang='lat' dir='ltr'>reluctantem,</span> <span class='ocrx_word' id='word_1_134' title='bbox 1108 1327 1172 1364; x_wconf 83' lang='lat' dir='ltr'>sed</span> <span class='ocrx_word' id='word_1_135' title='bbox 1185 1329 1309 1376; x_wconf 83' lang='lat' dir='ltr'>potius</span> 
     </span>
     <span class='ocr_line' id='line_1_23' title="bbox 247 1378 1306 1429; baseline 0.002 -15"><span class='ocrx_word' id='word_1_136' title='bbox 247 1379 445 1415; x_wconf 83' lang='lat' dir='ltr'>subiectam</span> <span class='ocrx_word' id='word_1_137' title='bbox 469 1378 615 1416; x_wconf 80' lang='lat' dir='ltr'>divinae</span> <span class='ocrx_word' id='word_1_138' title='bbox 633 1381 710 1416; x_wconf 92' lang='lat' dir='ltr'>eius</span> <span class='ocrx_word' id='word_1_139' title='bbox 728 1385 836 1429; x_wconf 88' lang='lat' dir='ltr'>atque</span> <span class='ocrx_word' id='word_1_140' title='bbox 863 1381 1103 1429; x_wconf 87' lang='lat' dir='ltr'>omnipotenti</span> <span class='ocrx_word' id='word_1_141' title='bbox 1119 1380 1306 1417; x_wconf 82' lang='lat' dir='ltr'>voluntati.</span> 
     </span>
    </p>

    <p class='ocr_par' dir='ltr' id='par_1_9' title="bbox 247 1431 1309 1850">
     <span class='ocr_line' id='line_1_24' title="bbox 301 1431 1309 1482; baseline 0.002 -15"><span class='ocrx_word' id='word_1_142' title='bbox 301 1431 525 1468; x_wconf 78' lang='lat' dir='ltr'>RESPONDEO</span> <span class='ocrx_word' id='word_1_143' title='bbox 571 1443 752 1470; x_wconf 79' lang='lat' dir='ltr'>DICENDUM</span> <span class='ocrx_word' id='word_1_144' title='bbox 793 1432 900 1482; x_wconf 93' lang='lat' dir='ltr'>quod</span> <span class='ocrx_word' id='word_1_145' title='bbox 941 1432 1183 1469; x_wconf 86' lang='lat' dir='ltr'>contrarietas</span> <span class='ocrx_word' id='word_1_146' title='bbox 1229 1444 1309 1469; x_wconf 91' lang='lat' dir='ltr'>non</span> 
     </span>
     <span class='ocr_line' id='line_1_25' title="bbox 247 1484 1308 1534; baseline 0.001 -13"><span class='ocrx_word' id='word_1_147' title='bbox 247 1490 373 1533; x_wconf 89' lang='lat' dir='ltr'>potest</span> <span class='ocrx_word' id='word_1_148' title='bbox 400 1495 482 1521; x_wconf 91' lang='lat' dir='ltr'>esse</span> <span class='ocrx_word' id='word_1_149' title='bbox 519 1484 592 1522; x_wconf 91' lang='lat' dir='ltr'>nisi</span> <span class='ocrx_word' id='word_1_150' title='bbox 630 1484 820 1534; x_wconf 91' lang='lat' dir='ltr'>oppositio</span> <span class='ocrx_word' id='word_1_151' title='bbox 857 1485 1071 1522; x_wconf 88' lang='lat' dir='ltr'>attendatur</span> <span class='ocrx_word' id='word_1_152' title='bbox 1101 1485 1141 1522; x_wconf 91' lang='lat' dir='ltr'>in</span> <span class='ocrx_word' id='word_1_153' title='bbox 1169 1485 1308 1523; x_wconf 91' lang='lat' dir='ltr'>eodem</span> 
     </span>
     <span class='ocr_line' id='line_1_26' title="bbox 248 1537 1307 1584; baseline 0.002 -12"><span class='ocrx_word' id='word_1_154' title='bbox 248 1542 286 1572; x_wconf 90' lang='lat' dir='ltr'>et</span> <span class='ocrx_word' id='word_1_155' title='bbox 313 1537 529 1574; x_wconf 90' lang='lat' dir='ltr'>secundum</span> <span class='ocrx_word' id='word_1_156' title='bbox 549 1537 664 1574; x_wconf 92' lang='lat' dir='ltr'>idem.</span> <span class='ocrx_word' id='word_1_157' title='bbox 695 1538 734 1575; x_wconf 92' lang='lat' dir='ltr'>Si</span> <span class='ocrx_word' id='word_1_158' title='bbox 754 1545 885 1579; x_wconf 87' lang='lat' dir='ltr'>autem</span> <span class='ocrx_word' id='word_1_159' title='bbox 908 1538 1124 1575; x_wconf 90' lang='lat' dir='ltr'>secundum</span> <span class='ocrx_word' id='word_1_160' title='bbox 1145 1538 1307 1584; x_wconf 90' lang='lat' dir='ltr'>diversa,</span> 
     </span>
     <span class='ocr_line' id='line_1_27' title="bbox 247 1585 1309 1638; baseline 0.002 -13"><span class='ocrx_word' id='word_1_161' title='bbox 247 1595 286 1625; x_wconf 89' lang='lat' dir='ltr'>et</span> <span class='ocrx_word' id='word_1_162' title='bbox 312 1588 352 1626; x_wconf 88' lang='lat' dir='ltr'>in</span> <span class='ocrx_word' id='word_1_163' title='bbox 379 1585 540 1627; x_wconf 84' lang='lat' dir='ltr'>diversis</span> <span class='ocrx_word' id='word_1_164' title='bbox 568 1590 700 1627; x_wconf 83' lang='lat' dir='ltr'>existat</span> <span class='ocrx_word' id='word_1_165' title='bbox 727 1590 934 1638; x_wconf 89' lang='lat' dir='ltr'>diversitas,</span> <span class='ocrx_word' id='word_1_166' title='bbox 960 1603 1039 1628; x_wconf 92' lang='lat' dir='ltr'>non</span> <span class='ocrx_word' id='word_1_167' title='bbox 1068 1590 1206 1627; x_wconf 87' lang='lat' dir='ltr'>sufficit</span> <span class='ocrx_word' id='word_1_168' title='bbox 1233 1591 1309 1627; x_wconf 92' lang='lat' dir='ltr'>hoc</span> 
     </span>
     <span class='ocr_line' id='line_1_28' title="bbox 247 1641 1308 1691; baseline 0.002 -13"><span class='ocrx_word' id='word_1_169' title='bbox 247 1641 298 1678; x_wconf 88' lang='lat' dir='ltr'>ad</span> <span class='ocrx_word' id='word_1_170' title='bbox 334 1642 522 1679; x_wconf 88' lang='lat' dir='ltr'>rationem</span> <span class='ocrx_word' id='word_1_171' title='bbox 559 1643 851 1691; x_wconf 84' lang='lat' dir='ltr'>contrarietatis,</span> <span class='ocrx_word' id='word_1_172' title='bbox 882 1643 978 1680; x_wconf 89' lang='lat' dir='ltr'>sicut</span> <span class='ocrx_word' id='word_1_173' title='bbox 1005 1655 1076 1680; x_wconf 90' lang='lat' dir='ltr'>nec</span> <span class='ocrx_word' id='word_1_174' title='bbox 1114 1643 1163 1680; x_wconf 90' lang='lat' dir='ltr'>ad</span> <span class='ocrx_word' id='word_1_175' title='bbox 1200 1643 1308 1680; x_wconf 88' lang='lat' dir='ltr'>ratio-</span> 
     </span>
     <span class='ocr_line' id='line_1_29' title="bbox 247 1695 1309 1745; baseline 0.001 -14"><span class='ocrx_word' id='word_1_176' title='bbox 247 1706 341 1732; x_wconf 91' lang='lat' dir='ltr'>nem</span> <span class='ocrx_word' id='word_1_177' title='bbox 359 1695 687 1733; x_wconf 87' lang='lat' dir='ltr'>contradictionis:</span> <span class='ocrx_word' id='word_1_178' title='bbox 708 1704 802 1745; x_wconf 87' lang='lat' dir='ltr'>puta</span> <span class='ocrx_word' id='word_1_179' title='bbox 820 1696 926 1745; x_wconf 91' lang='lat' dir='ltr'>quod</span> <span class='ocrx_word' id='word_1_180' title='bbox 946 1697 1066 1733; x_wconf 90' lang='lat' dir='ltr'>homo</span> <span class='ocrx_word' id='word_1_181' title='bbox 1086 1696 1131 1732; x_wconf 91' lang='lat' dir='ltr'>sit</span> <span class='ocrx_word' id='word_1_182' title='bbox 1149 1697 1309 1745; x_wconf 85' lang='lat' dir='ltr'>pulcher</span> 
     </span>
     <span class='ocr_line' id='line_1_30' title="bbox 248 1749 1309 1796; baseline -0.001 -9"><span class='ocrx_word' id='word_1_183' title='bbox 248 1755 315 1787; x_wconf 83' lang='lat' dir='ltr'>aut</span> <span class='ocrx_word' id='word_1_184' title='bbox 341 1760 458 1786; x_wconf 90' lang='lat' dir='ltr'>sanus</span> <span class='ocrx_word' id='word_1_185' title='bbox 485 1749 702 1786; x_wconf 90' lang='lat' dir='ltr'>secundum</span> <span class='ocrx_word' id='word_1_186' title='bbox 726 1761 900 1796; x_wconf 89' lang='lat' dir='ltr'>manum,</span> <span class='ocrx_word' id='word_1_187' title='bbox 922 1757 958 1786; x_wconf 92' lang='lat' dir='ltr'>et</span> <span class='ocrx_word' id='word_1_188' title='bbox 985 1761 1065 1786; x_wconf 91' lang='lat' dir='ltr'>non</span> <span class='ocrx_word' id='word_1_189' title='bbox 1093 1749 1309 1786; x_wconf 89' lang='lat' dir='ltr'>secundum</span> 
     </span>
     <span class='ocr_line' id='line_1_31' title="bbox 247 1801 401 1850; baseline 0.006 -13"><span class='ocrx_word' id='word_1_190' title='bbox 247 1801 401 1850; x_wconf 91' lang='lat' dir='ltr'>pedem.</span> 
     </span>
    </p>

    <p class='ocr_par' dir='ltr' id='par_1_10' title="bbox 246 1853 1309 2695">
     <span class='ocr_line' id='line_1_32' title="bbox 301 1853 1308 1903; baseline 0 -13"><span class='ocrx_word' id='word_1_191' title='bbox 301 1853 363 1890; x_wconf 93' lang='lat' dir='ltr'>Ad</span> <span class='ocrx_word' id='word_1_192' title='bbox 390 1854 466 1890; x_wconf 90' lang='lat' dir='ltr'>hoc</span> <span class='ocrx_word' id='word_1_193' title='bbox 493 1853 605 1902; x_wconf 87' lang='lat' dir='ltr'>igitur</span> <span class='ocrx_word' id='word_1_194' title='bbox 640 1854 748 1903; x_wconf 93' lang='lat' dir='ltr'>quod</span> <span class='ocrx_word' id='word_1_195' title='bbox 784 1853 830 1890; x_wconf 81' lang='lat' dir='ltr'>sit</span> <span class='ocrx_word' id='word_1_196' title='bbox 857 1854 1100 1891; x_wconf 89' lang='lat' dir='ltr'>contrarietas</span> <span class='ocrx_word' id='word_1_197' title='bbox 1135 1855 1308 1890; x_wconf 88' lang='lat' dir='ltr'>volunta-</span> 
     </span>
     <span class='ocr_line' id='line_1_33' title="bbox 246 1906 1308 1955; baseline 0.001 -13"><span class='ocrx_word' id='word_1_198' title='bbox 246 1913 332 1942; x_wconf 89' lang='lat' dir='ltr'>tum</span> <span class='ocrx_word' id='word_1_199' title='bbox 359 1906 400 1942; x_wconf 88' lang='lat' dir='ltr'>in</span> <span class='ocrx_word' id='word_1_200' title='bbox 427 1906 569 1955; x_wconf 90' lang='lat' dir='ltr'>aliquo,</span> <span class='ocrx_word' id='word_1_201' title='bbox 598 1906 817 1955; x_wconf 88' lang='lat' dir='ltr'>requiritur,</span> <span class='ocrx_word' id='word_1_202' title='bbox 846 1906 973 1955; x_wconf 90' lang='lat' dir='ltr'>primo</span> <span class='ocrx_word' id='word_1_203' title='bbox 1002 1906 1172 1955; x_wconf 83' lang='lat' dir='ltr'>quidem,</span> <span class='ocrx_word' id='word_1_204' title='bbox 1202 1906 1308 1955; x_wconf 92' lang='lat' dir='ltr'>quod</span> 
     </span>
     <span class='ocr_line' id='line_1_34' title="bbox 247 1958 1306 1996; baseline 0.001 -1"><span class='ocrx_word' id='word_1_205' title='bbox 247 1959 465 1996; x_wconf 88' lang='lat' dir='ltr'>secundum</span> <span class='ocrx_word' id='word_1_206' title='bbox 483 1958 588 1996; x_wconf 93' lang='lat' dir='ltr'>idem</span> <span class='ocrx_word' id='word_1_207' title='bbox 607 1959 822 1996; x_wconf 84' lang='lat' dir='ltr'>attendatur</span> <span class='ocrx_word' id='word_1_208' title='bbox 840 1959 1035 1996; x_wconf 88' lang='lat' dir='ltr'>diversitas</span> <span class='ocrx_word' id='word_1_209' title='bbox 1051 1961 1306 1996; x_wconf 82' lang='lat' dir='ltr'>voluntatum.</span> 
     </span>
     <span class='ocr_line' id='line_1_35' title="bbox 249 2010 1308 2061; baseline -0.002 -10"><span class='ocrx_word' id='word_1_210' title='bbox 249 2010 290 2051; x_wconf 84' lang='lat' dir='ltr'>Si</span> <span class='ocrx_word' id='word_1_211' title='bbox 317 2011 422 2051; x_wconf 87' lang='lat' dir='ltr'>enim</span> <span class='ocrx_word' id='word_1_212' title='bbox 449 2011 565 2049; x_wconf 72' lang='lat' dir='ltr'>unius</span> <span class='ocrx_word' id='word_1_213' title='bbox 592 2013 770 2050; x_wconf 87' lang='lat' dir='ltr'>voluntas</span> <span class='ocrx_word' id='word_1_214' title='bbox 798 2011 844 2049; x_wconf 90' lang='lat' dir='ltr'>sit</span> <span class='ocrx_word' id='word_1_215' title='bbox 871 2012 919 2049; x_wconf 92' lang='lat' dir='ltr'>de</span> <span class='ocrx_word' id='word_1_216' title='bbox 945 2012 1073 2061; x_wconf 87' lang='lat' dir='ltr'>aliquo</span> <span class='ocrx_word' id='word_1_217' title='bbox 1101 2011 1233 2049; x_wconf 92' lang='lat' dir='ltr'>fiendo</span> <span class='ocrx_word' id='word_1_218' title='bbox 1254 2024 1308 2049; x_wconf 89' lang='lat' dir='ltr'>se-</span> 
     </span>
     <span class='ocr_line' id='line_1_36' title="bbox 247 2064 1308 2114; baseline -0.004 -9"><span class='ocrx_word' id='word_1_219' title='bbox 247 2065 425 2105; x_wconf 83' lang='lat' dir='ltr'>cundum</span> <span class='ocrx_word' id='word_1_220' title='bbox 450 2065 648 2114; x_wconf 87' lang='lat' dir='ltr'>quandam</span> <span class='ocrx_word' id='word_1_221' title='bbox 676 2064 863 2102; x_wconf 89' lang='lat' dir='ltr'>rationem</span> <span class='ocrx_word' id='word_1_222' title='bbox 895 2065 1164 2111; x_wconf 89' lang='lat' dir='ltr'>universalem,</span> <span class='ocrx_word' id='word_1_223' title='bbox 1194 2073 1230 2101; x_wconf 93' lang='lat' dir='ltr'>et</span> <span class='ocrx_word' id='word_1_224' title='bbox 1258 2066 1308 2102; x_wconf 90' lang='lat' dir='ltr'>al-</span> 
     </span>
     <span class='ocr_line' id='line_1_37' title="bbox 247 2116 1308 2155; baseline 0 -1"><span class='ocrx_word' id='word_1_225' title='bbox 247 2116 364 2154; x_wconf 85' lang='lat' dir='ltr'>terius</span> <span class='ocrx_word' id='word_1_226' title='bbox 391 2119 569 2155; x_wconf 88' lang='lat' dir='ltr'>voluntas</span> <span class='ocrx_word' id='word_1_227' title='bbox 598 2118 643 2154; x_wconf 90' lang='lat' dir='ltr'>sit</span> <span class='ocrx_word' id='word_1_228' title='bbox 670 2118 718 2154; x_wconf 93' lang='lat' dir='ltr'>de</span> <span class='ocrx_word' id='word_1_229' title='bbox 747 2118 887 2155; x_wconf 91' lang='lat' dir='ltr'>eodem</span> <span class='ocrx_word' id='word_1_230' title='bbox 914 2130 995 2154; x_wconf 89' lang='lat' dir='ltr'>non</span> <span class='ocrx_word' id='word_1_231' title='bbox 1021 2117 1153 2154; x_wconf 92' lang='lat' dir='ltr'>fiendo</span> <span class='ocrx_word' id='word_1_232' title='bbox 1173 2130 1308 2154; x_wconf 90' lang='lat' dir='ltr'>secun-</span> 
     </span>
     <span class='ocr_line' id='line_1_38' title="bbox 247 2170 1309 2220; baseline -0.001 -13"><span class='ocrx_word' id='word_1_233' title='bbox 247 2170 345 2207; x_wconf 88' lang='lat' dir='ltr'>dum</span> <span class='ocrx_word' id='word_1_234' title='bbox 373 2171 570 2220; x_wconf 87' lang='lat' dir='ltr'>quandam</span> <span class='ocrx_word' id='word_1_235' title='bbox 607 2170 796 2207; x_wconf 90' lang='lat' dir='ltr'>rationem</span> <span class='ocrx_word' id='word_1_236' title='bbox 823 2170 1109 2219; x_wconf 86' lang='lat' dir='ltr'>particularem,</span> <span class='ocrx_word' id='word_1_237' title='bbox 1138 2182 1218 2207; x_wconf 92' lang='lat' dir='ltr'>non</span> <span class='ocrx_word' id='word_1_238' title='bbox 1254 2178 1309 2207; x_wconf 91' lang='lat' dir='ltr'>est</span> 
     </span>
     <span class='ocr_line' id='line_1_39' title="bbox 248 2222 1308 2268; baseline -0.001 -8"><span class='ocrx_word' id='word_1_239' title='bbox 248 2223 410 2261; x_wconf 91' lang='lat' dir='ltr'>omnino</span> <span class='ocrx_word' id='word_1_240' title='bbox 452 2223 695 2261; x_wconf 87' lang='lat' dir='ltr'>contrarietas</span> <span class='ocrx_word' id='word_1_241' title='bbox 731 2224 986 2261; x_wconf 89' lang='lat' dir='ltr'>voluntatum.</span> <span class='ocrx_word' id='word_1_242' title='bbox 1025 2224 1141 2268; x_wconf 88' lang='lat' dir='ltr'>Puta,</span> <span class='ocrx_word' id='word_1_243' title='bbox 1176 2222 1206 2259; x_wconf 94' lang='lat' dir='ltr'>si</span> <span class='ocrx_word' id='word_1_244' title='bbox 1243 2235 1308 2260; x_wconf 89' lang='lat' dir='ltr'>rex</span> 
     </span>
     <span class='ocr_line' id='line_1_40' title="bbox 247 2275 1306 2326; baseline -0.005 -10"><span class='ocrx_word' id='word_1_245' title='bbox 247 2276 331 2316; x_wconf 87' lang='lat' dir='ltr'>vult</span> <span class='ocrx_word' id='word_1_246' title='bbox 357 2276 542 2326; x_wconf 89' lang='lat' dir='ltr'>suspendi</span> <span class='ocrx_word' id='word_1_247' title='bbox 569 2277 757 2315; x_wconf 83' lang='lat' dir='ltr'>latronem</span> <span class='ocrx_word' id='word_1_248' title='bbox 785 2275 825 2314; x_wconf 91' lang='lat' dir='ltr'>in</span> <span class='ocrx_word' id='word_1_249' title='bbox 852 2275 1003 2313; x_wconf 90' lang='lat' dir='ltr'>bonum</span> <span class='ocrx_word' id='word_1_250' title='bbox 1030 2275 1260 2325; x_wconf 89' lang='lat' dir='ltr'>reipublicae</span> <span class='ocrx_word' id='word_1_251' title='bbox 1279 2281 1306 2323; x_wconf 75' lang='grc' dir='ltr'>Υ,</span> 
     </span>
     <span class='ocr_line' id='line_1_41' title="bbox 248 2328 1308 2378; baseline -0.004 -9"><span class='ocrx_word' id='word_1_252' title='bbox 248 2335 286 2370; x_wconf 72' lang='lat' dir='ltr'>et</span> <span class='ocrx_word' id='word_1_253' title='bbox 312 2328 449 2378; x_wconf 85' lang='lat' dir='ltr'>aliquis</span> <span class='ocrx_word' id='word_1_254' title='bbox 468 2329 550 2367; x_wconf 90' lang='lat' dir='ltr'>eius</span> <span class='ocrx_word' id='word_1_255' title='bbox 569 2329 877 2377; x_wconf 88' lang='lat' dir='ltr'>consanguineus</span> <span class='ocrx_word' id='word_1_256' title='bbox 896 2329 986 2366; x_wconf 91' lang='lat' dir='ltr'>velit</span> <span class='ocrx_word' id='word_1_257' title='bbox 1004 2341 1096 2365; x_wconf 90' lang='lat' dir='ltr'>eum</span> <span class='ocrx_word' id='word_1_258' title='bbox 1119 2341 1199 2365; x_wconf 93' lang='lat' dir='ltr'>non</span> <span class='ocrx_word' id='word_1_259' title='bbox 1227 2341 1308 2365; x_wconf 91' lang='lat' dir='ltr'>sus-</span> 
     </span>
     <span class='ocr_line' id='line_1_42' title="bbox 247 2381 1308 2431; baseline -0.001 -12"><span class='ocrx_word' id='word_1_260' title='bbox 247 2381 366 2430; x_wconf 90' lang='lat' dir='ltr'>pendi</span> <span class='ocrx_word' id='word_1_261' title='bbox 392 2390 550 2431; x_wconf 91' lang='lat' dir='ltr'>propter</span> <span class='ocrx_word' id='word_1_262' title='bbox 577 2395 751 2419; x_wconf 89' lang='lat' dir='ltr'>amorem</span> <span class='ocrx_word' id='word_1_263' title='bbox 779 2381 982 2431; x_wconf 85' lang='lat' dir='ltr'>privatum,</span> <span class='ocrx_word' id='word_1_264' title='bbox 1013 2393 1094 2418; x_wconf 92' lang='lat' dir='ltr'>non</span> <span class='ocrx_word' id='word_1_265' title='bbox 1122 2381 1191 2418; x_wconf 93' lang='lat' dir='ltr'>erit</span> <span class='ocrx_word' id='word_1_266' title='bbox 1218 2393 1308 2418; x_wconf 93' lang='lat' dir='ltr'>con-</span> 
     </span>
     <span class='ocr_line' id='line_1_43' title="bbox 247 2434 1308 2479; baseline -0.001 -7"><span class='ocrx_word' id='word_1_267' title='bbox 247 2434 416 2472; x_wconf 76' lang='lat' dir='ltr'>trarietas</span> <span class='ocrx_word' id='word_1_268' title='bbox 443 2435 667 2479; x_wconf 82' lang='lat' dir='ltr'>voluntatis:</span> <span class='ocrx_word' id='word_1_269' title='bbox 706 2434 779 2471; x_wconf 89' lang='lat' dir='ltr'>nisi</span> <span class='ocrx_word' id='word_1_270' title='bbox 812 2435 907 2471; x_wconf 80' lang='lat' dir='ltr'>sorte</span> <span class='ocrx_word' id='word_1_271' title='bbox 936 2447 975 2471; x_wconf 91' lang='lat' dir='ltr'>se</span> <span class='ocrx_word' id='word_1_272' title='bbox 1004 2434 1043 2471; x_wconf 91' lang='lat' dir='ltr'>in</span> <span class='ocrx_word' id='word_1_273' title='bbox 1071 2441 1220 2471; x_wconf 88' lang='lat' dir='ltr'>tantum</span> <span class='ocrx_word' id='word_1_274' title='bbox 1249 2447 1308 2471; x_wconf 88' lang='lat' dir='ltr'>ex-</span> 
     </span>
     <span class='ocr_line' id='line_1_44' title="bbox 248 2486 1308 2537; baseline -0.002 -12"><span class='ocrx_word' id='word_1_275' title='bbox 248 2487 380 2534; x_wconf 83' lang='lat' dir='ltr'>tendat</span> <span class='ocrx_word' id='word_1_276' title='bbox 408 2489 586 2535; x_wconf 86' lang='lat' dir='ltr'>voluntas</span> <span class='ocrx_word' id='word_1_277' title='bbox 622 2487 715 2525; x_wconf 91' lang='lat' dir='ltr'>boni</span> <span class='ocrx_word' id='word_1_278' title='bbox 734 2486 748 2510; x_wconf 66' lang='grc' dir='ltr'><strong>ὅ</strong></span> <span class='ocrx_word' id='word_1_279' title='bbox 775 2487 912 2537; x_wconf 88' lang='lat' dir='ltr'>privati</span> <span class='ocrx_word' id='word_1_280' title='bbox 939 2495 982 2524; x_wconf 91' lang='lat' dir='ltr'>ut</span> <span class='ocrx_word' id='word_1_281' title='bbox 1008 2487 1158 2524; x_wconf 92' lang='lat' dir='ltr'>bonum</span> <span class='ocrx_word' id='word_1_282' title='bbox 1185 2487 1308 2536; x_wconf 89' lang='lat' dir='ltr'>publi-</span> 
     </span>
     <span class='ocr_line' id='line_1_45' title="bbox 249 2539 1308 2590; baseline -0.001 -13"><span class='ocrx_word' id='word_1_283' title='bbox 249 2551 342 2577; x_wconf 88' lang='lat' dir='ltr'>cum</span> <span class='ocrx_word' id='word_1_284' title='bbox 367 2540 459 2580; x_wconf 87' lang='lat' dir='ltr'>velit</span> <span class='ocrx_word' id='word_1_285' title='bbox 484 2540 671 2590; x_wconf 89' lang='lat' dir='ltr'>impedire</span> <span class='ocrx_word' id='word_1_286' title='bbox 706 2548 748 2578; x_wconf 91' lang='lat' dir='ltr'>ut</span> <span class='ocrx_word' id='word_1_287' title='bbox 775 2548 1024 2578; x_wconf 91' lang='lat' dir='ltr'>conservetur</span> <span class='ocrx_word' id='word_1_288' title='bbox 1056 2540 1207 2577; x_wconf 92' lang='lat' dir='ltr'>bonum</span> <span class='ocrx_word' id='word_1_289' title='bbox 1234 2539 1308 2588; x_wconf 91' lang='lat' dir='ltr'>pri-</span> 
     </span>
     <span class='ocr_line' id='line_1_46' title="bbox 249 2592 1308 2640; baseline 0 -11"><span class='ocrx_word' id='word_1_290' title='bbox 249 2599 403 2640; x_wconf 89' lang='lat' dir='ltr'>vatum;</span> <span class='ocrx_word' id='word_1_291' title='bbox 429 2600 522 2635; x_wconf 80' lang='lat' dir='ltr'>tunc</span> <span class='ocrx_word' id='word_1_292' title='bbox 540 2593 645 2635; x_wconf 85' lang='lat' dir='ltr'>enim</span> <span class='ocrx_word' id='word_1_293' title='bbox 664 2594 880 2631; x_wconf 91' lang='lat' dir='ltr'>secundum</span> <span class='ocrx_word' id='word_1_294' title='bbox 903 2593 1007 2630; x_wconf 89' lang='lat' dir='ltr'>idern</span> <span class='ocrx_word' id='word_1_295' title='bbox 1026 2592 1283 2630; x_wconf 90' lang='lat' dir='ltr'>attenderetur</span> <span class='ocrx_word' id='word_1_296' title='bbox 1296 2599 1308 2614; x_wconf 73' lang='lat'><strong>⁶</strong></span> 
     </span>
     <span class='ocr_line' id='line_1_47' title="bbox 249 2646 781 2695; baseline 0.002 -13"><span class='ocrx_word' id='word_1_297' title='bbox 249 2646 499 2695; x_wconf 84' lang='lat' dir='ltr'>repugnantia</span> <span class='ocrx_word' id='word_1_298' title='bbox 525 2648 781 2683; x_wconf 88' lang='lat' dir='ltr'>voluntatum.</span> 
     </span>
    </p>

    <p class='ocr_par' dir='ltr' id='par_1_11' title="bbox 248 2698 1308 3222">
     <span class='ocr_line' id='line_1_48' title="bbox 303 2698 1308 2748; baseline -0.001 -12"><span class='ocrx_word' id='word_1_299' title='bbox 303 2699 484 2736; x_wconf 89' lang='lat' dir='ltr'>Secundo</span> <span class='ocrx_word' id='word_1_300' title='bbox 520 2706 650 2736; x_wconf 89' lang='lat' dir='ltr'>autem</span> <span class='ocrx_word' id='word_1_301' title='bbox 687 2699 891 2748; x_wconf 89' lang='lat' dir='ltr'>requiritur</span> <span class='ocrx_word' id='word_1_302' title='bbox 925 2699 973 2735; x_wconf 90' lang='lat' dir='ltr'>ad</span> <span class='ocrx_word' id='word_1_303' title='bbox 1006 2698 1308 2736; x_wconf 88' lang='lat' dir='ltr'>contrarietatem</span> 
     </span>
     <span class='ocr_line' id='line_1_49' title="bbox 249 2751 1306 2802; baseline 0 -14"><span class='ocrx_word' id='word_1_304' title='bbox 249 2751 475 2798; x_wconf 88' lang='lat' dir='ltr'>voluntatis,</span> <span class='ocrx_word' id='word_1_305' title='bbox 504 2752 612 2802; x_wconf 91' lang='lat' dir='ltr'>quod</span> <span class='ocrx_word' id='word_1_306' title='bbox 649 2751 694 2788; x_wconf 92' lang='lat' dir='ltr'>sit</span> <span class='ocrx_word' id='word_1_307' title='bbox 721 2751 820 2788; x_wconf 92' lang='lat' dir='ltr'>circa</span> <span class='ocrx_word' id='word_1_308' title='bbox 857 2752 1021 2788; x_wconf 89' lang='lat' dir='ltr'>eandem</span> <span class='ocrx_word' id='word_1_309' title='bbox 1057 2753 1306 2788; x_wconf 88' lang='lat' dir='ltr'>voluntatem.</span> 
     </span>
     <span class='ocr_line' id='line_1_50' title="bbox 251 2803 1308 2853; baseline -0.001 -10"><span class='ocrx_word' id='word_1_310' title='bbox 251 2803 292 2843; x_wconf 91' lang='lat' dir='ltr'>Si</span> <span class='ocrx_word' id='word_1_311' title='bbox 318 2804 424 2843; x_wconf 75' lang='lat' dir='ltr'>enlm</span> <span class='ocrx_word' id='word_1_312' title='bbox 450 2805 571 2843; x_wconf 89' lang='lat' dir='ltr'>homo</span> <span class='ocrx_word' id='word_1_313' title='bbox 598 2806 681 2842; x_wconf 91' lang='lat' dir='ltr'>vult</span> <span class='ocrx_word' id='word_1_314' title='bbox 699 2817 825 2842; x_wconf 91' lang='lat' dir='ltr'>unum</span> <span class='ocrx_word' id='word_1_315' title='bbox 853 2805 1070 2843; x_wconf 89' lang='lat' dir='ltr'>secundum</span> <span class='ocrx_word' id='word_1_316' title='bbox 1097 2804 1308 2853; x_wconf 85' lang='lat' dir='ltr'>appetitum</span> 
     </span>
     <span class='ocr_line' id='line_1_51' title="bbox 249 2855 1308 2916; baseline -0.001 -22"><span class='ocrx_word' id='word_1_317' title='bbox 249 2855 479 2905; x_wconf 80' lang='lat' dir='ltr'>intellectuS,</span> <span class='ocrx_word' id='word_1_318' title='bbox 509 2856 576 2894; x_wconf 64' lang='lat' dir='ltr'>et‘</span> <span class='ocrx_word' id='word_1_319' title='bbox 604 2857 707 2899; x_wconf 86' lang='lat' dir='ltr'>aliud</span> <span class='ocrx_word' id='word_1_320' title='bbox 735 2857 952 2899; x_wconf 87' lang='lat' dir='ltr'>secundum</span> <span class='ocrx_word' id='word_1_321' title='bbox 984 2857 1196 2916; x_wconf 81' lang='lat' dir='ltr'>appetitum</span> <span class='ocrx_word' id='word_1_322' title='bbox 1224 2869 1308 2893; x_wconf 91' lang='lat' dir='ltr'>sen-</span> 
     </span>
     <span class='ocr_line' id='line_1_52' title="bbox 249 2909 1307 2959; baseline 0 -13"><span class='ocrx_word' id='word_1_323' title='bbox 249 2909 417 2956; x_wconf 66' lang='lat' dir='ltr'>sifivum,</span> <span class='ocrx_word' id='word_1_324' title='bbox 437 2922 518 2948; x_wconf 90' lang='lat' dir='ltr'>non</span> <span class='ocrx_word' id='word_1_325' title='bbox 537 2917 593 2947; x_wconf 88' lang='lat' dir='ltr'>est</span> <span class='ocrx_word' id='word_1_326' title='bbox 611 2909 673 2946; x_wconf 90' lang='lat' dir='ltr'>hic</span> <span class='ocrx_word' id='word_1_327' title='bbox 692 2910 820 2959; x_wconf 88' lang='lat' dir='ltr'>aliqua</span> <span class='ocrx_word' id='word_1_328' title='bbox 838 2909 1099 2947; x_wconf 83' lang='lat' dir='ltr'>contrarietas:</span> <span class='ocrx_word' id='word_1_329' title='bbox 1124 2910 1196 2946; x_wconf 90' lang='lat' dir='ltr'>nisi</span> <span class='ocrx_word' id='word_1_330' title='bbox 1213 2910 1307 2946; x_wconf 77' lang='lat' dir='ltr'>forte</span> 
     </span>
     <span class='ocr_line' id='line_1_53' title="bbox 250 2960 1308 3016; baseline -0.002 -16"><span class='ocrx_word' id='word_1_331' title='bbox 250 2973 300 3016; x_wconf 77' lang='lat' dir='ltr'>ap</span> <span class='ocrx_word' id='word_1_332' title='bbox 328 2962 438 3000; x_wconf 85' lang='lat' dir='ltr'>etitus</span> <span class='ocrx_word' id='word_1_333' title='bbox 474 2962 629 3000; x_wconf 88' lang='lat' dir='ltr'>sensitiv</span> <span class='ocrx_word' id='word_1_334' title='bbox 632 2975 678 2999; x_wconf 89' lang='lat' dir='ltr'>us</span> <span class='ocrx_word' id='word_1_335' title='bbox 706 2962 745 2998; x_wconf 93' lang='lat' dir='ltr'>in</span> <span class='ocrx_word' id='word_1_336' title='bbox 772 2970 923 2999; x_wconf 88' lang='lat' dir='ltr'>tantum</span> <span class='ocrx_word' id='word_1_337' title='bbox 958 2963 1174 3011; x_wconf 88' lang='lat' dir='ltr'>praevaleat</span> <span class='ocrx_word' id='word_1_338' title='bbox 1202 2960 1308 3011; x_wconf 89' lang='lat' dir='ltr'>quod</span> 
     </span>
     <span class='ocr_line' id='line_1_54' title="bbox 248 3014 1308 3063; baseline -0.001 -11"><span class='ocrx_word' id='word_1_339' title='bbox 248 3026 297 3063; x_wconf 82' lang='lat' dir='ltr'>ve</span> <span class='ocrx_word' id='word_1_340' title='bbox 337 3014 515 3054; x_wconf 87' lang='lat' dir='ltr'>immutet</span> <span class='ocrx_word' id='word_1_341' title='bbox 532 3016 595 3052; x_wconf 90' lang='lat' dir='ltr'>vel</span> <span class='ocrx_word' id='word_1_342' title='bbox 622 3016 755 3052; x_wconf 85' lang='lat' dir='ltr'>saltem</span> <span class='ocrx_word' id='word_1_343' title='bbox 775 3020 792 3042; x_wconf 74' lang='grc' dir='ltr'><strong>η</strong></span> <span class='ocrx_word' id='word_1_344' title='bbox 821 3014 984 3052; x_wconf 87' lang='lat' dir='ltr'>retardet</span> <span class='ocrx_word' id='word_1_345' title='bbox 1012 3014 1223 3063; x_wconf 89' lang='lat' dir='ltr'>appetitum</span> <span class='ocrx_word' id='word_1_346' title='bbox 1251 3027 1308 3051; x_wconf 87' lang='lat' dir='ltr'>ra-</span> 
     </span>
     <span class='ocr_line' id='line_1_55' title="bbox 248 3059 1307 3127; baseline -0.001 -22"><span class='ocrx_word' id='word_1_347' title='bbox 248 3059 380 3127; x_wconf 85' lang='lat' dir='ltr'>tionis;</span> <span class='ocrx_word' id='word_1_348' title='bbox 418 3069 471 3107; x_wconf 89' lang='lat' dir='ltr'>sic</span> <span class='ocrx_word' id='word_1_349' title='bbox 499 3068 603 3106; x_wconf 89' lang='lat' dir='ltr'>enim</span> <span class='ocrx_word' id='word_1_350' title='bbox 639 3067 717 3105; x_wconf 85' lang='lat' dir='ltr'>iam</span> <span class='ocrx_word' id='word_1_351' title='bbox 745 3067 794 3104; x_wconf 88' lang='lat' dir='ltr'>ad</span> <span class='ocrx_word' id='word_1_352' title='bbox 830 3067 954 3116; x_wconf 89' lang='lat' dir='ltr'>ipsam</span> <span class='ocrx_word' id='word_1_353' title='bbox 981 3069 1218 3104; x_wconf 87' lang='lat' dir='ltr'>voluntatem</span> <span class='ocrx_word' id='word_1_354' title='bbox 1251 3079 1307 3104; x_wconf 92' lang='lat' dir='ltr'>ra-</span> 
     </span>
     <span class='ocr_line' id='line_1_56' title="bbox 249 3115 1308 3170; baseline -0.001 -13"><span class='ocrx_word' id='word_1_355' title='bbox 249 3115 377 3157; x_wconf 86' lang='lat' dir='ltr'>tionis</span> <span class='ocrx_word' id='word_1_356' title='bbox 388 3121 586 3170; x_wconf 87' lang='lat' dir='ltr'>perveniet</span> <span class='ocrx_word' id='word_1_357' title='bbox 604 3118 617 3141; x_wconf 78' lang='lat'><strong>⁰</strong></span> <span class='ocrx_word' id='word_1_358' title='bbox 646 3119 790 3168; x_wconf 86' lang='lat' dir='ltr'>aliquid</span> <span class='ocrx_word' id='word_1_359' title='bbox 818 3120 866 3157; x_wconf 89' lang='lat' dir='ltr'>de</span> <span class='ocrx_word' id='word_1_360' title='bbox 894 3127 1005 3159; x_wconf 79' lang='lat' dir='ltr'>motu</span> <span class='ocrx_word' id='word_1_361' title='bbox 1032 3119 1220 3157; x_wconf 88' lang='lat' dir='ltr'>contrario</span> <span class='ocrx_word' id='word_1_362' title='bbox 1242 3132 1308 3168; x_wconf 88' lang='lat' dir='ltr'>ap-</span> 
     </span>
     <span class='ocr_line' id='line_1_57' title="bbox 248 3173 594 3222; baseline 0.003 -13"><span class='ocrx_word' id='word_1_363' title='bbox 248 3173 387 3222; x_wconf 91' lang='lat' dir='ltr'>petitus</span> <span class='ocrx_word' id='word_1_364' title='bbox 415 3173 594 3211; x_wconf 85' lang='lat' dir='ltr'>sensitivi.</span> 
     </span>
    </p>
   </div>
   <div class='ocr_carea' id='block_1_7' title="bbox 246 3381 1307 3628">
    <p class='ocr_par' dir='ltr' id='par_1_12' title="bbox 303 3381 802 3415">
     <span class='ocr_line' id='line_1_58' title="bbox 303 3381 802 3415; baseline -0.004 -7"><span class='ocrx_word' id='word_1_365' title='bbox 303 3381 318 3415; x_wconf 85' lang='grc' dir='ltr'><strong>β</strong></span> <span class='ocrx_word' id='word_1_366' title='bbox 347 3384 502 3409; x_wconf 81' lang='lat' dir='ltr'>uoluntatis.</span> <span class='ocrx_word' id='word_1_367' title='bbox 518 3397 538 3402; x_wconf 93' lang='lat'><em>—</em></span> <span class='ocrx_word' id='word_1_368' title='bbox 555 3384 721 3408; x_wconf 80' lang='lat' dir='ltr'>voluntatum</span> <span class='ocrx_word' id='word_1_369' title='bbox 741 3383 802 3408; x_wconf 83' lang='lat' dir='ltr'>PFI.</span> 
     </span>
    </p>

    <p class='ocr_par' dir='ltr' id='par_1_13' title="bbox 249 3402 1307 3479">
     <span class='ocr_line' id='line_1_59' title="bbox 300 3402 1307 3452; baseline -0.004 -9"><span class='ocrx_word' id='word_1_370' title='bbox 300 3426 317 3452; x_wconf 82' lang='grc' dir='ltr'>γ</span> <span class='ocrx_word' id='word_1_371' title='bbox 347 3418 373 3443; x_wconf 80' lang='lat' dir='ltr'>in</span> <span class='ocrx_word' id='word_1_372' title='bbox 393 3419 488 3444; x_wconf 84' lang='lat' dir='ltr'>bonum</span> <span class='ocrx_word' id='word_1_373' title='bbox 508 3419 706 3451; x_wconf 75' lang='lat' dir='ltr'>reipublicae-</span> <span class='ocrx_word' id='word_1_374' title='bbox 719 3421 833 3450; x_wconf 80' lang='lat' dir='ltr'>propter</span> <span class='ocrx_word' id='word_1_375' title='bbox 850 3417 945 3442; x_wconf 85' lang='lat' dir='ltr'>bonum</span> <span class='ocrx_word' id='word_1_376' title='bbox 959 3417 1008 3449; x_wconf 81' lang='lat' dir='ltr'>pG,</span> <span class='ocrx_word' id='word_1_377' title='bbox 1019 3419 1132 3448; x_wconf 82' lang='lat' dir='ltr'>propter</span> <span class='ocrx_word' id='word_1_378' title='bbox 1151 3416 1246 3441; x_wconf 84' lang='lat' dir='ltr'>bonum</span> <span class='ocrx_word' id='word_1_379' title='bbox 1255 3402 1307 3447; x_wconf 78' lang='lat' dir='ltr'>pu-</span> 
     </span>
     <span class='ocr_line' id='line_1_60' title="bbox 249 3451 1103 3481; baseline -0.002 -4"><span class='ocrx_word' id='word_1_380' title='bbox 249 3451 344 3478; x_wconf 71' lang='lat' dir='ltr'>bIIcum</span> <span class='ocrx_word' id='word_1_381' title='bbox 363 3459 448 3479; x_wconf 82' lang='lat' dir='ltr'>cetera</span> <span class='ocrx_word' id='word_1_382' title='bbox 465 3454 546 3479; x_wconf 86' lang='lat' dir='ltr'>tertia.</span> <span class='ocrx_word' id='word_1_383' title='bbox 564 3468 584 3472; x_wconf 88' lang='grc'><strong>-</strong></span> <span class='ocrx_word' id='word_1_384' title='bbox 602 3454 651 3478; x_wconf 87' lang='lat' dir='ltr'>Pro</span> <span class='ocrx_word' id='word_1_385' title='bbox 671 3454 733 3479; x_wconf 78' lang='lat' dir='ltr'>velit</span> <span class='ocrx_word' id='word_1_386' title='bbox 751 3460 810 3478; x_wconf 87' lang='lat' dir='ltr'>eum</span> <span class='ocrx_word' id='word_1_387' title='bbox 830 3459 891 3481; x_wconf 87' lang='lat' dir='ltr'>non,</span> <span class='ocrx_word' id='word_1_388' title='bbox 911 3452 977 3477; x_wconf 78' lang='lat' dir='ltr'>nolit</span> <span class='ocrx_word' id='word_1_389' title='bbox 996 3459 1054 3477; x_wconf 90' lang='lat' dir='ltr'>eum</span> <span class='ocrx_word' id='word_1_390' title='bbox 1075 3452 1103 3476; x_wconf 87' lang='lat' dir='ltr'>P.</span> 
     </span>
    </p>

    <p class='ocr_par' dir='ltr' id='par_1_14' title="bbox 303 3486 681 3514">
     <span class='ocr_line' id='line_1_61' title="bbox 303 3486 681 3514; baseline 0.003 -2"><span class='ocrx_word' id='word_1_391' title='bbox 303 3486 317 3512; x_wconf 76' lang='grc' dir='ltr'>δ</span> <span class='ocrx_word' id='word_1_392' title='bbox 346 3488 416 3514; x_wconf 78' lang='lat' dir='ltr'>boni.</span> <span class='ocrx_word' id='word_1_393' title='bbox 432 3503 452 3508; x_wconf 90' lang='lat'>—</span> <span class='ocrx_word' id='word_1_394' title='bbox 469 3489 582 3514; x_wconf 81' lang='lat' dir='ltr'>hominis</span> <span class='ocrx_word' id='word_1_395' title='bbox 601 3490 681 3514; x_wconf 79' lang='lat' dir='ltr'>tertia.</span> 
     </span>
    </p>

    <p class='ocr_par' dir='ltr' id='par_1_15' title="bbox 246 3521 1305 3590">
     <span class='ocr_line' id='line_1_62' title="bbox 303 3521 1305 3552; baseline -0.001 -5"><span class='ocrx_word' id='word_1_396' title='bbox 303 3530 314 3547; x_wconf 78' lang='grc' dir='ltr'><strong>ε</strong></span> <span class='ocrx_word' id='word_1_397' title='bbox 344 3524 487 3549; x_wconf 70' lang='lat' dir='ltr'>secundum</span> <span class='ocrx_word' id='word_1_398' title='bbox 511 3524 580 3549; x_wconf 78' lang='lat' dir='ltr'>idem</span> <span class='ocrx_word' id='word_1_399' title='bbox 604 3525 797 3549; x_wconf 81' lang='lat' dir='ltr'>attenderetur.</span> <span class='ocrx_word' id='word_1_400' title='bbox 815 3537 835 3542; x_wconf 83' lang='lat'>—</span> <span class='ocrx_word' id='word_1_401' title='bbox 851 3523 994 3548; x_wconf 82' lang='lat' dir='ltr'>secundum</span> <span class='ocrx_word' id='word_1_402' title='bbox 1014 3522 1082 3546; x_wconf 81' lang='lat' dir='ltr'>idem</span> <span class='ocrx_word' id='word_1_403' title='bbox 1101 3521 1255 3546; x_wconf 78' lang='lat' dir='ltr'>attendetur</span> <span class='ocrx_word' id='word_1_404' title='bbox 1273 3522 1305 3552; x_wconf 79' lang='lat' dir='ltr'>G,</span> 
     </span>
     <span class='ocr_line' id='line_1_63' title="bbox 246 3557 1181 3590; baseline -0.001 -8"><span class='ocrx_word' id='word_1_405' title='bbox 246 3558 392 3583; x_wconf 72' lang='lat' dir='ltr'>secundum</span> <span class='ocrx_word' id='word_1_406' title='bbox 412 3559 480 3584; x_wconf 79' lang='lat' dir='ltr'>idem</span> <span class='ocrx_word' id='word_1_407' title='bbox 498 3559 649 3585; x_wconf 78' lang='lat' dir='ltr'>attenditur</span> <span class='ocrx_word' id='word_1_408' title='bbox 667 3560 684 3590; x_wconf 82' lang='lat' dir='ltr'>l,</span> <span class='ocrx_word' id='word_1_409' title='bbox 703 3559 775 3584; x_wconf 82' lang='lat' dir='ltr'>circa</span> <span class='ocrx_word' id='word_1_410' title='bbox 794 3559 862 3583; x_wconf 83' lang='lat' dir='ltr'>idem</span> <span class='ocrx_word' id='word_1_411' title='bbox 881 3558 1031 3583; x_wconf 79' lang='lat' dir='ltr'>attenditur</span> <span class='ocrx_word' id='word_1_412' title='bbox 1049 3557 1181 3582; x_wconf 86' lang='lat' dir='ltr'>editiones.</span> 
     </span>
    </p>

    <p class='ocr_par' dir='ltr' id='par_1_16' title="bbox 306 3590 994 3628">
     <span class='ocr_line' id='line_1_64' title="bbox 306 3590 994 3628; baseline -0.001 -10"><span class='ocrx_word' id='word_1_413' title='bbox 306 3590 333 3628; x_wconf 78' lang='grc' dir='ltr'>ζ)</span> <span class='ocrx_word' id='word_1_414' title='bbox 351 3593 504 3624; x_wconf 74' lang='lat' dir='ltr'>intellectus,</span> <span class='ocrx_word' id='word_1_415' title='bbox 523 3598 557 3621; x_wconf 83' lang='lat' dir='ltr'>et.</span> <span class='ocrx_word' id='word_1_416' title='bbox 573 3608 592 3614; x_wconf 89' lang='lat'>—-</span> <span class='ocrx_word' id='word_1_417' title='bbox 611 3595 723 3620; x_wconf 80' lang='lat' dir='ltr'>rationis</span> <span class='ocrx_word' id='word_1_418' title='bbox 741 3597 767 3619; x_wconf 88' lang='lat' dir='ltr'>et</span> <span class='ocrx_word' id='word_1_419' title='bbox 785 3595 841 3619; x_wconf 81' lang='lat' dir='ltr'>vult</span> <span class='ocrx_word' id='word_1_420' title='bbox 862 3593 994 3618; x_wconf 86' lang='lat' dir='ltr'>editiones.</span> 
     </span>
    </p>
   </div>
   <div class='ocr_carea' id='block_1_8' title="bbox 302 3345 994 3452">
    <p class='ocr_par' dir='ltr' id='par_1_17' title="bbox 302 3345 994 3452">
     <span class='ocr_line' id='line_1_65' title="bbox 302 3345 994 3452; baseline -0.001 -80"><span class='ocrx_word' id='word_1_421' title='bbox 302 3345 356 3452; x_wconf 61' lang='lat' dir='ltr'>a}</span> <span class='ocrx_word' id='word_1_422' title='bbox 349 3348 622 3381; x_wconf 66' lang='lat' dir='ltr'>impugnationem-</span> <span class='ocrx_word' id='word_1_423' title='bbox 640 3347 889 3381; x_wconf 77' lang='lat' dir='ltr'>compugnationem</span> <span class='ocrx_word' id='word_1_424' title='bbox 908 3347 948 3371; x_wconf 86' lang='lat' dir='ltr'>PF</span> <span class='ocrx_word' id='word_1_425' title='bbox 951 3346 994 3372; x_wconf 92' lang='lat' dir='ltr'>GI</span> 
     </span>
    </p>
   </div>
   <div class='ocr_carea' id='block_1_9' title="bbox 2345 309 2420 356">
    <p class='ocr_par' dir='ltr' id='par_1_18' title="bbox 2345 309 2420 356">
     <span class='ocr_line' id='line_1_66' title="bbox 2345 309 2420 356; baseline -0.013 -10"><span class='ocrx_word' id='word_1_426' title='bbox 2345 309 2420 356; x_wconf 83' lang='lat'>237</span> 
     </span>
    </p>
   </div>
   <div class='ocr_carea' id='block_1_10' title="bbox 1360 382 2421 3215">
    <p class='ocr_par' dir='ltr' id='par_1_19' title="bbox 1363 382 2421 1051">
     <span class='ocr_line' id='line_1_67' title="bbox 1421 382 2420 434; baseline 0.005 -15"><span class='ocrx_word' id='word_1_427' title='bbox 1421 382 1482 420; x_wconf 90' lang='lat' dir='ltr'>Sic</span> <span class='ocrx_word' id='word_1_428' title='bbox 1509 383 1620 431; x_wconf 84' lang='lat' dir='ltr'>igitur</span> <span class='ocrx_word' id='word_1_429' title='bbox 1647 384 1854 421; x_wconf 91' lang='lat' dir='ltr'>dicendum</span> <span class='ocrx_word' id='word_1_430' title='bbox 1891 391 1946 421; x_wconf 91' lang='lat' dir='ltr'>est</span> <span class='ocrx_word' id='word_1_431' title='bbox 1973 386 2099 434; x_wconf 86' lang='lat' dir='ltr'>quod,</span> <span class='ocrx_word' id='word_1_432' title='bbox 2129 386 2212 423; x_wconf 91' lang='lat' dir='ltr'>licet</span> <span class='ocrx_word' id='word_1_433' title='bbox 2243 388 2420 425; x_wconf 92' lang='lat' dir='ltr'>voluntas</span> 
     </span>
     <span class='ocr_line' id='line_1_68' title="bbox 1366 436 2420 477; baseline 0.006 -6"><span class='ocrx_word' id='word_1_434' title='bbox 1366 436 1545 472; x_wconf 90' lang='lat' dir='ltr'>naturalis</span> <span class='ocrx_word' id='word_1_435' title='bbox 1573 443 1609 472; x_wconf 93' lang='lat' dir='ltr'>et</span> <span class='ocrx_word' id='word_1_436' title='bbox 1626 437 1803 473; x_wconf 90' lang='lat' dir='ltr'>voluntas</span> <span class='ocrx_word' id='word_1_437' title='bbox 1823 437 2070 474; x_wconf 86' lang='lat' dir='ltr'>sensualitatis</span> <span class='ocrx_word' id='word_1_438' title='bbox 2090 438 2129 474; x_wconf 91' lang='lat' dir='ltr'>in</span> <span class='ocrx_word' id='word_1_439' title='bbox 2150 439 2300 476; x_wconf 91' lang='lat' dir='ltr'>Christo</span> <span class='ocrx_word' id='word_1_440' title='bbox 2320 446 2327 461; x_wconf 87' lang='lat'><strong>¹</strong></span> <span class='ocrx_word' id='word_1_441' title='bbox 2356 440 2420 477; x_wconf 92' lang='lat' dir='ltr'>ali-</span> 
     </span>
     <span class='ocr_line' id='line_1_69' title="bbox 1366 487 2420 538; baseline 0.005 -14"><span class='ocrx_word' id='word_1_442' title='bbox 1366 487 1459 536; x_wconf 92' lang='lat' dir='ltr'>quid</span> <span class='ocrx_word' id='word_1_443' title='bbox 1487 487 1589 524; x_wconf 90' lang='lat' dir='ltr'>aliud</span> <span class='ocrx_word' id='word_1_444' title='bbox 1617 489 1780 525; x_wconf 91' lang='lat' dir='ltr'>voluerit</span> <span class='ocrx_word' id='word_1_445' title='bbox 1808 502 1926 538; x_wconf 90' lang='lat' dir='ltr'>quam</span> <span class='ocrx_word' id='word_1_446' title='bbox 1945 490 2074 526; x_wconf 89' lang='lat' dir='ltr'>divina</span> <span class='ocrx_word' id='word_1_447' title='bbox 2102 492 2278 528; x_wconf 91' lang='lat' dir='ltr'>voluntas</span> <span class='ocrx_word' id='word_1_448' title='bbox 2298 500 2334 528; x_wconf 91' lang='lat' dir='ltr'>et</span> <span class='ocrx_word' id='word_1_449' title='bbox 2351 505 2420 530; x_wconf 93' lang='lat' dir='ltr'>vo-</span> 
     </span>
     <span class='ocr_line' id='line_1_70' title="bbox 1365 540 2421 593; baseline 0.006 -17"><span class='ocrx_word' id='word_1_450' title='bbox 1365 541 1488 577; x_wconf 88' lang='lat' dir='ltr'>luntas</span> <span class='ocrx_word' id='word_1_451' title='bbox 1516 540 1669 577; x_wconf 91' lang='lat' dir='ltr'>rationis</span> <span class='ocrx_word' id='word_1_452' title='bbox 1688 541 1818 590; x_wconf 90' lang='lat' dir='ltr'>ipsius,</span> <span class='ocrx_word' id='word_1_453' title='bbox 1839 554 1919 578; x_wconf 91' lang='lat' dir='ltr'>non</span> <span class='ocrx_word' id='word_1_454' title='bbox 1937 550 2067 578; x_wconf 91' lang='lat' dir='ltr'>tamen</span> <span class='ocrx_word' id='word_1_455' title='bbox 2093 543 2162 579; x_wconf 89' lang='lat' dir='ltr'>fuit</span> <span class='ocrx_word' id='word_1_456' title='bbox 2180 543 2231 580; x_wconf 93' lang='lat' dir='ltr'>ibi</span> <span class='ocrx_word' id='word_1_457' title='bbox 2250 550 2266 565; x_wconf 58' lang='grc' dir='ltr'>κ</span> <span class='ocrx_word' id='word_1_458' title='bbox 2294 544 2421 593; x_wconf 83' lang='lat' dir='ltr'>aliqua</span> 
     </span>
     <span class='ocr_line' id='line_1_71' title="bbox 1365 593 2419 645; baseline 0.005 -16"><span class='ocrx_word' id='word_1_459' title='bbox 1365 593 1606 630; x_wconf 87' lang='lat' dir='ltr'>contrarietas</span> <span class='ocrx_word' id='word_1_460' title='bbox 1625 595 1879 630; x_wconf 89' lang='lat' dir='ltr'>voluntatum.</span> <span class='ocrx_word' id='word_1_461' title='bbox 1905 594 2035 631; x_wconf 91' lang='lat' dir='ltr'>Primo</span> <span class='ocrx_word' id='word_1_462' title='bbox 2055 595 2224 644; x_wconf 89' lang='lat' dir='ltr'>quidem,</span> <span class='ocrx_word' id='word_1_463' title='bbox 2245 596 2335 645; x_wconf 89' lang='lat' dir='ltr'>quia</span> <span class='ocrx_word' id='word_1_464' title='bbox 2354 609 2419 634; x_wconf 91' lang='lat' dir='ltr'>ne-</span> 
     </span>
     <span class='ocr_line' id='line_1_72' title="bbox 1365 645 2419 696; baseline 0.004 -15"><span class='ocrx_word' id='word_1_465' title='bbox 1365 656 1440 693; x_wconf 92' lang='lat' dir='ltr'>que</span> <span class='ocrx_word' id='word_1_466' title='bbox 1468 647 1645 682; x_wconf 90' lang='lat' dir='ltr'>voluntas</span> <span class='ocrx_word' id='word_1_467' title='bbox 1664 645 1745 682; x_wconf 90' lang='lat' dir='ltr'>eius</span> <span class='ocrx_word' id='word_1_468' title='bbox 1773 646 1963 693; x_wconf 89' lang='lat' dir='ltr'>naturalis,</span> <span class='ocrx_word' id='word_1_469' title='bbox 1984 659 2111 696; x_wconf 90' lang='lat' dir='ltr'>neque</span> <span class='ocrx_word' id='word_1_470' title='bbox 2138 649 2315 685; x_wconf 89' lang='lat' dir='ltr'>voluntas</span> <span class='ocrx_word' id='word_1_471' title='bbox 2335 661 2419 686; x_wconf 92' lang='lat' dir='ltr'>sen-</span> 
     </span>
     <span class='ocr_line' id='line_1_73' title="bbox 1364 697 2419 748; baseline 0.006 -15"><span class='ocrx_word' id='word_1_472' title='bbox 1364 697 1559 744; x_wconf 87' lang='lat' dir='ltr'>sualitatis,</span> <span class='ocrx_word' id='word_1_473' title='bbox 1589 698 1813 748; x_wconf 88' lang='lat' dir='ltr'>repudiabat</span> <span class='ocrx_word' id='word_1_474' title='bbox 1845 698 1948 736; x_wconf 90' lang='lat' dir='ltr'>illam</span> <span class='ocrx_word' id='word_1_475' title='bbox 1983 699 2170 738; x_wconf 90' lang='lat' dir='ltr'>rationem</span> <span class='ocrx_word' id='word_1_476' title='bbox 2204 702 2419 743; x_wconf 87' lang='lat' dir='ltr'>secundum</span> 
     </span>
     <span class='ocr_line' id='line_1_74' title="bbox 1364 749 2418 798; baseline 0.005 -12"><span class='ocrx_word' id='word_1_477' title='bbox 1364 761 1483 798; x_wconf 90' lang='lat' dir='ltr'>quam</span> <span class='ocrx_word' id='word_1_478' title='bbox 1501 749 1515 772; x_wconf 65' lang='grc' dir='ltr'>λ</span> <span class='ocrx_word' id='word_1_479' title='bbox 1543 750 1674 787; x_wconf 89' lang='lat' dir='ltr'>divina</span> <span class='ocrx_word' id='word_1_480' title='bbox 1700 752 1889 797; x_wconf 84' lang='lat' dir='ltr'>voluntas,</span> <span class='ocrx_word' id='word_1_481' title='bbox 1910 759 1946 788; x_wconf 90' lang='lat' dir='ltr'>et</span> <span class='ocrx_word' id='word_1_482' title='bbox 1964 753 2140 789; x_wconf 88' lang='lat' dir='ltr'>voluntas</span> <span class='ocrx_word' id='word_1_483' title='bbox 2166 753 2320 791; x_wconf 89' lang='lat' dir='ltr'>rationis</span> <span class='ocrx_word' id='word_1_484' title='bbox 2348 755 2418 791; x_wconf 88' lang='lat' dir='ltr'>hu-</span> 
     </span>
     <span class='ocr_line' id='line_1_75' title="bbox 1363 802 2420 852; baseline 0.005 -14"><span class='ocrx_word' id='word_1_485' title='bbox 1363 814 1501 839; x_wconf 88' lang='lat' dir='ltr'>manae</span> <span class='ocrx_word' id='word_1_486' title='bbox 1529 802 1569 839; x_wconf 92' lang='lat' dir='ltr'>in</span> <span class='ocrx_word' id='word_1_487' title='bbox 1597 803 1760 848; x_wconf 80' lang='lat' dir='ltr'>Christo,</span> <span class='ocrx_word' id='word_1_488' title='bbox 1789 804 2009 852; x_wconf 88' lang='lat' dir='ltr'>passionem</span> <span class='ocrx_word' id='word_1_489' title='bbox 2038 805 2229 842; x_wconf 90' lang='lat' dir='ltr'>volebant.</span> <span class='ocrx_word' id='word_1_490' title='bbox 2259 806 2420 843; x_wconf 88' lang='lat' dir='ltr'>Volebat</span> 
     </span>
     <span class='ocr_line' id='line_1_76' title="bbox 1364 854 2418 895; baseline 0.004 -4"><span class='ocrx_word' id='word_1_491' title='bbox 1364 854 1468 891; x_wconf 90' lang='lat' dir='ltr'>enim</span> <span class='ocrx_word' id='word_1_492' title='bbox 1487 861 1504 883; x_wconf 68' lang='grc' dir='ltr'>μ</span> <span class='ocrx_word' id='word_1_493' title='bbox 1531 857 1708 892; x_wconf 90' lang='lat' dir='ltr'>voluntas</span> <span class='ocrx_word' id='word_1_494' title='bbox 1728 856 1900 893; x_wconf 89' lang='lat' dir='ltr'>absoluta</span> <span class='ocrx_word' id='word_1_495' title='bbox 1929 857 1967 893; x_wconf 89' lang='lat' dir='ltr'>in</span> <span class='ocrx_word' id='word_1_496' title='bbox 1988 857 2138 894; x_wconf 91' lang='lat' dir='ltr'>Christo</span> <span class='ocrx_word' id='word_1_497' title='bbox 2159 859 2319 894; x_wconf 89' lang='lat' dir='ltr'>salutem</span> <span class='ocrx_word' id='word_1_498' title='bbox 2347 859 2418 895; x_wconf 92' lang='lat' dir='ltr'>hu—</span> 
     </span>
     <span class='ocr_line' id='line_1_77' title="bbox 1363 908 2419 955; baseline 0.005 -12"><span class='ocrx_word' id='word_1_499' title='bbox 1363 908 1468 944; x_wconf 90' lang='lat' dir='ltr'>mani</span> <span class='ocrx_word' id='word_1_500' title='bbox 1504 908 1669 955; x_wconf 86' lang='lat' dir='ltr'>generis:</span> <span class='ocrx_word' id='word_1_501' title='bbox 1709 909 1776 945; x_wconf 91' lang='lat' dir='ltr'>sed</span> <span class='ocrx_word' id='word_1_502' title='bbox 1805 908 1885 946; x_wconf 90' lang='lat' dir='ltr'>eius</span> <span class='ocrx_word' id='word_1_503' title='bbox 1922 921 2002 946; x_wconf 93' lang='lat' dir='ltr'>non</span> <span class='ocrx_word' id='word_1_504' title='bbox 2039 918 2117 947; x_wconf 89' lang='lat' dir='ltr'>erat</span> <span class='ocrx_word' id='word_1_505' title='bbox 2143 911 2239 948; x_wconf 90' lang='lat' dir='ltr'>velle</span> <span class='ocrx_word' id='word_1_506' title='bbox 2277 912 2351 947; x_wconf 91' lang='lat' dir='ltr'>hoc</span> <span class='ocrx_word' id='word_1_507' title='bbox 2379 911 2419 948; x_wconf 91' lang='lat' dir='ltr'>in</span> 
     </span>
     <span class='ocr_line' id='line_1_78' title="bbox 1364 959 2419 1002; baseline 0.004 -6"><span class='ocrx_word' id='word_1_508' title='bbox 1364 959 1497 996; x_wconf 91' lang='lat' dir='ltr'>ordine</span> <span class='ocrx_word' id='word_1_509' title='bbox 1525 961 1574 997; x_wconf 92' lang='lat' dir='ltr'>ad</span> <span class='ocrx_word' id='word_1_510' title='bbox 1602 961 1715 997; x_wconf 86' lang='lat' dir='ltr'>aliud.</span> <span class='ocrx_word' id='word_1_511' title='bbox 1754 962 1884 998; x_wconf 91' lang='lat' dir='ltr'>Motus</span> <span class='ocrx_word' id='word_1_512' title='bbox 1921 969 2050 999; x_wconf 88' lang='lat' dir='ltr'>autem</span> <span class='ocrx_word' id='word_1_513' title='bbox 2088 963 2335 1002; x_wconf 87' lang='lat' dir='ltr'>sensualitatis</span> <span class='ocrx_word' id='word_1_514' title='bbox 2369 963 2419 1000; x_wconf 90' lang='lat' dir='ltr'>ad</span> 
     </span>
     <span class='ocr_line' id='line_1_79' title="bbox 1363 1013 2032 1051; baseline 0.004 -3"><span class='ocrx_word' id='word_1_515' title='bbox 1363 1013 1438 1048; x_wconf 93' lang='lat' dir='ltr'>hoc</span> <span class='ocrx_word' id='word_1_516' title='bbox 1466 1024 1506 1048; x_wconf 91' lang='lat' dir='ltr'>se</span> <span class='ocrx_word' id='word_1_517' title='bbox 1535 1013 1736 1050; x_wconf 87' lang='lat' dir='ltr'>extendere</span> <span class='ocrx_word' id='word_1_518' title='bbox 1765 1025 1845 1050; x_wconf 88' lang='lat' dir='ltr'>non</span> <span class='ocrx_word' id='word_1_519' title='bbox 1872 1015 2032 1051; x_wconf 87' lang='lat' dir='ltr'>valebat.</span> 
     </span>
    </p>

    <p class='ocr_par' dir='ltr' id='par_1_20' title="bbox 1362 1065 2419 1680">
     <span class='ocr_line' id='line_1_80' title="bbox 1418 1065 2418 1124; baseline 0.003 -22"><span class='ocrx_word' id='word_1_520' title='bbox 1418 1065 1610 1112; x_wconf 93' lang='lat' dir='ltr'>Secundo,</span> <span class='ocrx_word' id='word_1_521' title='bbox 1640 1065 1730 1114; x_wconf 92' lang='lat' dir='ltr'>quia</span> <span class='ocrx_word' id='word_1_522' title='bbox 1757 1078 1884 1124; x_wconf 81' lang='lat' dir='ltr'>neque</span> <span class='ocrx_word' id='word_1_523' title='bbox 1911 1068 2087 1104; x_wconf 89' lang='lat' dir='ltr'>voluntas</span> <span class='ocrx_word' id='word_1_524' title='bbox 2121 1067 2262 1115; x_wconf 89' lang='lat' dir='ltr'>divina,</span> <span class='ocrx_word' id='word_1_525' title='bbox 2291 1080 2418 1117; x_wconf 90' lang='lat' dir='ltr'>neque</span> 
     </span>
     <span class='ocr_line' id='line_1_81' title="bbox 1362 1118 2419 1168; baseline 0.005 -15"><span class='ocrx_word' id='word_1_526' title='bbox 1362 1118 1540 1154; x_wconf 90' lang='lat' dir='ltr'>voluntas</span> <span class='ocrx_word' id='word_1_527' title='bbox 1577 1118 1732 1154; x_wconf 88' lang='lat' dir='ltr'>rationis</span> <span class='ocrx_word' id='word_1_528' title='bbox 1759 1118 1798 1154; x_wconf 90' lang='lat' dir='ltr'>in</span> <span class='ocrx_word' id='word_1_529' title='bbox 1837 1119 2008 1167; x_wconf 81' lang='lat' dir='ltr'>Christo,</span> <span class='ocrx_word' id='word_1_530' title='bbox 2038 1119 2318 1168; x_wconf 89' lang='lat' dir='ltr'>impediebatur</span> <span class='ocrx_word' id='word_1_531' title='bbox 2354 1128 2419 1158; x_wconf 88' lang='lat' dir='ltr'>aut</span> 
     </span>
     <span class='ocr_line' id='line_1_82' title="bbox 1363 1170 2419 1222; baseline 0.005 -17"><span class='ocrx_word' id='word_1_532' title='bbox 1363 1170 1623 1206; x_wconf 87' lang='lat' dir='ltr'>retardabatur</span> <span class='ocrx_word' id='word_1_533' title='bbox 1649 1183 1719 1219; x_wconf 90' lang='lat' dir='ltr'>per</span> <span class='ocrx_word' id='word_1_534' title='bbox 1744 1172 1981 1208; x_wconf 89' lang='lat' dir='ltr'>voluntatem</span> <span class='ocrx_word' id='word_1_535' title='bbox 2010 1174 2233 1218; x_wconf 87' lang='lat' dir='ltr'>naturalem,</span> <span class='ocrx_word' id='word_1_536' title='bbox 2258 1181 2322 1210; x_wconf 90' lang='lat' dir='ltr'>aut</span> <span class='ocrx_word' id='word_1_537' title='bbox 2349 1185 2419 1222; x_wconf 90' lang='lat' dir='ltr'>per</span> 
     </span>
     <span class='ocr_line' id='line_1_83' title="bbox 1363 1221 2418 1271; baseline 0.005 -13"><span class='ocrx_word' id='word_1_538' title='bbox 1363 1221 1574 1271; x_wconf 88' lang='lat' dir='ltr'>appetitum</span> <span class='ocrx_word' id='word_1_539' title='bbox 1612 1223 1871 1260; x_wconf 89' lang='lat' dir='ltr'>sensualitatis.</span> <span class='ocrx_word' id='word_1_540' title='bbox 1911 1224 2088 1261; x_wconf 82' lang='lat' dir='ltr'>Similiter</span> <span class='ocrx_word' id='word_1_541' title='bbox 2124 1233 2253 1262; x_wconf 89' lang='lat' dir='ltr'>autem</span> <span class='ocrx_word' id='word_1_542' title='bbox 2289 1238 2360 1262; x_wconf 90' lang='lat' dir='ltr'>nec</span> <span class='ocrx_word' id='word_1_543' title='bbox 2397 1238 2418 1263; x_wconf 94' lang='lat' dir='ltr'>e</span> 
     </span>
     <span class='ocr_line' id='line_1_84' title="bbox 1362 1275 2419 1322; baseline 0.004 -11"><span class='ocrx_word' id='word_1_544' title='bbox 1362 1286 1550 1311; x_wconf 90' lang='lat' dir='ltr'>converso</span> <span class='ocrx_word' id='word_1_545' title='bbox 1578 1276 1754 1312; x_wconf 89' lang='lat' dir='ltr'>voluntas</span> <span class='ocrx_word' id='word_1_546' title='bbox 1789 1275 1936 1322; x_wconf 89' lang='lat' dir='ltr'>divina,</span> <span class='ocrx_word' id='word_1_547' title='bbox 1965 1277 2027 1313; x_wconf 92' lang='lat' dir='ltr'>vel</span> <span class='ocrx_word' id='word_1_548' title='bbox 2054 1278 2230 1314; x_wconf 90' lang='lat' dir='ltr'>voluntas</span> <span class='ocrx_word' id='word_1_549' title='bbox 2265 1278 2419 1315; x_wconf 86' lang='lat' dir='ltr'>rationis</span> 
     </span>
     <span class='ocr_line' id='line_1_85' title="bbox 1362 1327 2418 1376; baseline 0.004 -13"><span class='ocrx_word' id='word_1_550' title='bbox 1362 1327 1402 1363; x_wconf 90' lang='lat' dir='ltr'>in</span> <span class='ocrx_word' id='word_1_551' title='bbox 1431 1327 1594 1374; x_wconf 90' lang='lat' dir='ltr'>Christo,</span> <span class='ocrx_word' id='word_1_552' title='bbox 1617 1328 1822 1376; x_wconf 83' lang='lat' dir='ltr'>refugiebat</span> <span class='ocrx_word' id='word_1_553' title='bbox 1850 1336 1915 1365; x_wconf 91' lang='lat' dir='ltr'>aut</span> <span class='ocrx_word' id='word_1_554' title='bbox 1942 1329 2154 1366; x_wconf 85' lang='lat' dir='ltr'>retardabat</span> <span class='ocrx_word' id='word_1_555' title='bbox 2181 1337 2333 1366; x_wconf 91' lang='lat' dir='ltr'>motum</span> <span class='ocrx_word' id='word_1_556' title='bbox 2350 1343 2418 1367; x_wconf 91' lang='lat' dir='ltr'>vo-</span> 
     </span>
     <span class='ocr_line' id='line_1_86' title="bbox 1362 1380 2418 1428; baseline 0.003 -12"><span class='ocrx_word' id='word_1_557' title='bbox 1362 1380 1514 1417; x_wconf 89' lang='lat' dir='ltr'>luntatis</span> <span class='ocrx_word' id='word_1_558' title='bbox 1541 1381 1720 1417; x_wconf 89' lang='lat' dir='ltr'>naturalis</span> <span class='ocrx_word' id='word_1_559' title='bbox 1749 1381 1960 1428; x_wconf 90' lang='lat' dir='ltr'>humanae,</span> <span class='ocrx_word' id='word_1_560' title='bbox 1990 1389 2026 1418; x_wconf 92' lang='lat' dir='ltr'>et</span> <span class='ocrx_word' id='word_1_561' title='bbox 2053 1389 2204 1419; x_wconf 90' lang='lat' dir='ltr'>motum</span> <span class='ocrx_word' id='word_1_562' title='bbox 2239 1382 2418 1419; x_wconf 88' lang='lat' dir='ltr'>sensuali-</span> 
     </span>
     <span class='ocr_line' id='line_1_87' title="bbox 1362 1433 2418 1473; baseline 0.003 -4"><span class='ocrx_word' id='word_1_563' title='bbox 1362 1433 1445 1469; x_wconf 90' lang='lat' dir='ltr'>tatis</span> <span class='ocrx_word' id='word_1_564' title='bbox 1481 1433 1521 1469; x_wconf 92' lang='lat' dir='ltr'>in</span> <span class='ocrx_word' id='word_1_565' title='bbox 1551 1433 1712 1470; x_wconf 88' lang='lat' dir='ltr'>Christo.</span> <span class='ocrx_word' id='word_1_566' title='bbox 1752 1434 1928 1470; x_wconf 89' lang='lat' dir='ltr'>Placebat</span> <span class='ocrx_word' id='word_1_567' title='bbox 1955 1434 2058 1471; x_wconf 90' lang='lat' dir='ltr'>enim</span> <span class='ocrx_word' id='word_1_568' title='bbox 2097 1434 2247 1471; x_wconf 90' lang='lat' dir='ltr'>Christo</span> <span class='ocrx_word' id='word_1_569' title='bbox 2285 1447 2418 1473; x_wconf 90' lang='lat' dir='ltr'>secun-</span> 
     </span>
     <span class='ocr_line' id='line_1_88' title="bbox 1362 1486 2418 1533; baseline 0.003 -11"><span class='ocrx_word' id='word_1_570' title='bbox 1362 1486 1459 1523; x_wconf 91' lang='lat' dir='ltr'>dum</span> <span class='ocrx_word' id='word_1_571' title='bbox 1486 1487 1724 1523; x_wconf 89' lang='lat' dir='ltr'>voluntatem</span> <span class='ocrx_word' id='word_1_572' title='bbox 1752 1486 1941 1533; x_wconf 90' lang='lat' dir='ltr'>divinam,</span> <span class='ocrx_word' id='word_1_573' title='bbox 1972 1494 2008 1523; x_wconf 92' lang='lat' dir='ltr'>et</span> <span class='ocrx_word' id='word_1_574' title='bbox 2035 1487 2251 1525; x_wconf 89' lang='lat' dir='ltr'>secundum</span> <span class='ocrx_word' id='word_1_575' title='bbox 2281 1489 2418 1527; x_wconf 90' lang='lat' dir='ltr'>volun-</span> 
     </span>
     <span class='ocr_line' id='line_1_89' title="bbox 1362 1538 2419 1589; baseline 0.004 -15"><span class='ocrx_word' id='word_1_576' title='bbox 1362 1546 1478 1575; x_wconf 90' lang='lat' dir='ltr'>tatem</span> <span class='ocrx_word' id='word_1_577' title='bbox 1513 1538 1682 1584; x_wconf 90' lang='lat' dir='ltr'>rationis,</span> <span class='ocrx_word' id='word_1_578' title='bbox 1711 1546 1754 1575; x_wconf 90' lang='lat' dir='ltr'>ut</span> <span class='ocrx_word' id='word_1_579' title='bbox 1780 1540 1957 1576; x_wconf 89' lang='lat' dir='ltr'>voluntas</span> <span class='ocrx_word' id='word_1_580' title='bbox 1989 1540 2169 1576; x_wconf 89' lang='lat' dir='ltr'>naturalis</span> <span class='ocrx_word' id='word_1_581' title='bbox 2197 1540 2236 1577; x_wconf 94' lang='lat' dir='ltr'>in</span> <span class='ocrx_word' id='word_1_582' title='bbox 2263 1540 2348 1589; x_wconf 91' lang='lat' dir='ltr'>ipso</span> <span class='ocrx_word' id='word_1_583' title='bbox 2382 1548 2419 1578; x_wconf 90' lang='lat' dir='ltr'>et</span> 
     </span>
     <span class='ocr_line' id='line_1_90' title="bbox 1362 1591 2419 1630; baseline 0.003 -3"><span class='ocrx_word' id='word_1_584' title='bbox 1362 1592 1539 1628; x_wconf 88' lang='lat' dir='ltr'>voluntas</span> <span class='ocrx_word' id='word_1_585' title='bbox 1576 1591 1824 1628; x_wconf 89' lang='lat' dir='ltr'>sensualitatis</span> <span class='ocrx_word' id='word_1_586' title='bbox 1862 1593 2077 1629; x_wconf 90' lang='lat' dir='ltr'>secundum</span> <span class='ocrx_word' id='word_1_587' title='bbox 2114 1592 2290 1630; x_wconf 84' lang='lat' dir='ltr'>ordinem</span> <span class='ocrx_word' id='word_1_588' title='bbox 2326 1605 2419 1630; x_wconf 89' lang='lat' dir='ltr'>suae</span> 
     </span>
     <span class='ocr_line' id='line_1_91' title="bbox 1362 1651 1804 1680; baseline 0 0"><span class='ocrx_word' id='word_1_589' title='bbox 1362 1651 1518 1680; x_wconf 88' lang='lat' dir='ltr'>naturae</span> <span class='ocrx_word' id='word_1_590' title='bbox 1546 1651 1804 1680; x_wconf 87' lang='lat' dir='ltr'>moverentur.</span> 
     </span>
    </p>

    <p class='ocr_par' dir='ltr' id='par_1_21' title="bbox 1362 1696 2417 1798">
     <span class='ocr_line' id='line_1_92' title="bbox 1414 1696 2417 1745; baseline 0.001 -11"><span class='ocrx_word' id='word_1_591' title='bbox 1414 1697 1526 1734; x_wconf 93' lang='lat' dir='ltr'>Unde</span> <span class='ocrx_word' id='word_1_592' title='bbox 1554 1704 1655 1745; x_wconf 90' lang='lat' dir='ltr'>patet</span> <span class='ocrx_word' id='word_1_593' title='bbox 1692 1697 1798 1745; x_wconf 90' lang='lat' dir='ltr'>quod</span> <span class='ocrx_word' id='word_1_594' title='bbox 1831 1696 1870 1733; x_wconf 90' lang='lat' dir='ltr'>in</span> <span class='ocrx_word' id='word_1_595' title='bbox 1899 1697 2049 1734; x_wconf 89' lang='lat' dir='ltr'>Christo</span> <span class='ocrx_word' id='word_1_596' title='bbox 2084 1699 2188 1734; x_wconf 89' lang='lat' dir='ltr'>nulla</span> <span class='ocrx_word' id='word_1_597' title='bbox 2223 1697 2333 1735; x_wconf 81' lang='lat' dir='ltr'>fuerit</span> <span class='ocrx_word' id='word_1_598' title='bbox 2360 1710 2417 1735; x_wconf 91' lang='lat' dir='ltr'>re-</span> 
     </span>
     <span class='ocr_line' id='line_1_93' title="bbox 1362 1748 2209 1798; baseline 0.001 -13"><span class='ocrx_word' id='word_1_599' title='bbox 1362 1749 1570 1798; x_wconf 85' lang='lat' dir='ltr'>pugnantia</span> <span class='ocrx_word' id='word_1_600' title='bbox 1597 1750 1658 1786; x_wconf 93' lang='lat' dir='ltr'>vel</span> <span class='ocrx_word' id='word_1_601' title='bbox 1686 1748 1928 1786; x_wconf 90' lang='lat' dir='ltr'>contrarietas</span> <span class='ocrx_word' id='word_1_602' title='bbox 1956 1751 2209 1787; x_wconf 89' lang='lat' dir='ltr'>voluntatum.</span> 
     </span>
    </p>

    <p class='ocr_par' dir='ltr' id='par_1_22' title="bbox 1362 1802 2420 2102">
     <span class='ocr_line' id='line_1_94' title="bbox 1415 1802 2418 1851; baseline 0.001 -13"><span class='ocrx_word' id='word_1_603' title='bbox 1415 1803 1472 1838; x_wconf 81' lang='lat' dir='ltr'>An</span> <span class='ocrx_word' id='word_1_604' title='bbox 1487 1813 1622 1838; x_wconf 80' lang='lat' dir='ltr'>PRlMUM</span> <span class='ocrx_word' id='word_1_605' title='bbox 1641 1813 1738 1838; x_wconf 86' lang='lat' dir='ltr'>ERGO</span> <span class='ocrx_word' id='word_1_606' title='bbox 1758 1814 1938 1838; x_wconf 82' lang='lat' dir='ltr'>DICENDUM</span> <span class='ocrx_word' id='word_1_607' title='bbox 1953 1803 2059 1850; x_wconf 91' lang='lat' dir='ltr'>quod</span> <span class='ocrx_word' id='word_1_608' title='bbox 2074 1803 2150 1839; x_wconf 93' lang='lat' dir='ltr'>hoc</span> <span class='ocrx_word' id='word_1_609' title='bbox 2168 1802 2296 1851; x_wconf 91' lang='lat' dir='ltr'>ipsum</span> <span class='ocrx_word' id='word_1_610' title='bbox 2311 1803 2418 1851; x_wconf 92' lang='lat' dir='ltr'>quod</span> 
     </span>
     <span class='ocr_line' id='line_1_95' title="bbox 1363 1853 2419 1903; baseline 0 -12"><span class='ocrx_word' id='word_1_611' title='bbox 1363 1854 1489 1903; x_wconf 89' lang='lat' dir='ltr'>aliqua</span> <span class='ocrx_word' id='word_1_612' title='bbox 1507 1855 1684 1890; x_wconf 91' lang='lat' dir='ltr'>voluntas</span> <span class='ocrx_word' id='word_1_613' title='bbox 1712 1854 1884 1890; x_wconf 90' lang='lat' dir='ltr'>humana</span> <span class='ocrx_word' id='word_1_614' title='bbox 1902 1853 1942 1890; x_wconf 92' lang='lat' dir='ltr'>in</span> <span class='ocrx_word' id='word_1_615' title='bbox 1962 1854 2111 1891; x_wconf 88' lang='lat' dir='ltr'>Christo</span> <span class='ocrx_word' id='word_1_616' title='bbox 2140 1855 2243 1892; x_wconf 89' lang='lat' dir='ltr'>aliud</span> <span class='ocrx_word' id='word_1_617' title='bbox 2266 1855 2419 1892; x_wconf 90' lang='lat' dir='ltr'>volebat</span> 
     </span>
     <span class='ocr_line' id='line_1_96' title="bbox 1363 1906 2418 1956; baseline 0.001 -13"><span class='ocrx_word' id='word_1_618' title='bbox 1363 1919 1482 1955; x_wconf 89' lang='lat' dir='ltr'>quam</span> <span class='ocrx_word' id='word_1_619' title='bbox 1510 1906 1592 1943; x_wconf 92' lang='lat' dir='ltr'>eius</span> <span class='ocrx_word' id='word_1_620' title='bbox 1619 1907 1796 1943; x_wconf 90' lang='lat' dir='ltr'>voluntas</span> <span class='ocrx_word' id='word_1_621' title='bbox 1829 1906 1976 1952; x_wconf 88' lang='lat' dir='ltr'>divina,</span> <span class='ocrx_word' id='word_1_622' title='bbox 2005 1907 2236 1955; x_wconf 90' lang='lat' dir='ltr'>procedebat</span> <span class='ocrx_word' id='word_1_623' title='bbox 2263 1919 2309 1944; x_wconf 85' lang='lat' dir='ltr'>ex</span> <span class='ocrx_word' id='word_1_624' title='bbox 2336 1908 2418 1956; x_wconf 90' lang='lat' dir='ltr'>ipsa</span> 
     </span>
     <span class='ocr_line' id='line_1_97' title="bbox 1362 1958 2418 2008; baseline 0.001 -13"><span class='ocrx_word' id='word_1_625' title='bbox 1362 1961 1557 1996; x_wconf 91' lang='lat' dir='ltr'>voluntate</span> <span class='ocrx_word' id='word_1_626' title='bbox 1586 1958 1734 2005; x_wconf 89' lang='lat' dir='ltr'>divina,</span> <span class='ocrx_word' id='word_1_627' title='bbox 1764 1958 1873 1996; x_wconf 90' lang='lat' dir='ltr'>cuius</span> <span class='ocrx_word' id='word_1_628' title='bbox 1911 1959 2147 2008; x_wconf 90' lang='lat' dir='ltr'>beneplacito</span> <span class='ocrx_word' id='word_1_629' title='bbox 2185 1967 2320 1996; x_wconf 89' lang='lat' dir='ltr'>natura</span> <span class='ocrx_word' id='word_1_630' title='bbox 2347 1961 2418 1996; x_wconf 94' lang='lat' dir='ltr'>hu-</span> 
     </span>
     <span class='ocr_line' id='line_1_98' title="bbox 1363 2011 2420 2062; baseline 0.001 -13"><span class='ocrx_word' id='word_1_631' title='bbox 1363 2024 1478 2049; x_wconf 88' lang='lat' dir='ltr'>mana</span> <span class='ocrx_word' id='word_1_632' title='bbox 1505 2011 1668 2062; x_wconf 90' lang='lat' dir='ltr'>propriis</span> <span class='ocrx_word' id='word_1_633' title='bbox 1687 2011 1854 2049; x_wconf 91' lang='lat' dir='ltr'>motibus</span> <span class='ocrx_word' id='word_1_634' title='bbox 1873 2011 2102 2049; x_wconf 86' lang='lat' dir='ltr'>movebatur</span> <span class='ocrx_word' id='word_1_635' title='bbox 2128 2012 2168 2049; x_wconf 93' lang='lat' dir='ltr'>in</span> <span class='ocrx_word' id='word_1_636' title='bbox 2195 2012 2357 2060; x_wconf 84' lang='lat' dir='ltr'>Christo,</span> <span class='ocrx_word' id='word_1_637' title='bbox 2377 2020 2420 2050; x_wconf 89' lang='lat' dir='ltr'>ut</span> 
     </span>
     <span class='ocr_line' id='line_1_99' title="bbox 1363 2063 1790 2102; baseline -0.005 0"><span class='ocrx_word' id='word_1_638' title='bbox 1363 2065 1626 2102; x_wconf 89' lang='lat' dir='ltr'>Damascenus</span> <span class='ocrx_word' id='word_1_639' title='bbox 1653 2063 1742 2101; x_wconf 90' lang='lat' dir='ltr'>dicit</span> <span class='ocrx_word' id='word_1_640' title='bbox 1760 2064 1790 2101; x_wconf 69' lang='lat'>³¹⁸.</span> 
     </span>
    </p>

    <p class='ocr_par' dir='ltr' id='par_1_23' title="bbox 1362 2116 2419 2376">
     <span class='ocr_line' id='line_1_100' title="bbox 1415 2116 2419 2166; baseline 0.002 -13"><span class='ocrx_word' id='word_1_641' title='bbox 1415 2118 1472 2154; x_wconf 80' lang='lat' dir='ltr'>An</span> <span class='ocrx_word' id='word_1_642' title='bbox 1500 2129 1688 2153; x_wconf 79' lang='lat' dir='ltr'><strong>SECUNDUM</strong></span> <span class='ocrx_word' id='word_1_643' title='bbox 1709 2129 1890 2154; x_wconf 85' lang='lat' dir='ltr'><strong>DICENDUM</strong></span> <span class='ocrx_word' id='word_1_644' title='bbox 1917 2117 2024 2165; x_wconf 92' lang='lat' dir='ltr'>quod</span> <span class='ocrx_word' id='word_1_645' title='bbox 2045 2116 2084 2153; x_wconf 91' lang='lat' dir='ltr'>in</span> <span class='ocrx_word' id='word_1_646' title='bbox 2103 2117 2214 2154; x_wconf 91' lang='lat' dir='ltr'>nobis</span> <span class='ocrx_word' id='word_1_647' title='bbox 2232 2130 2302 2166; x_wconf 90' lang='lat' dir='ltr'>per</span> <span class='ocrx_word' id='word_1_648' title='bbox 2328 2130 2419 2155; x_wconf 92' lang='lat' dir='ltr'>con-</span> 
     </span>
     <span class='ocr_line' id='line_1_101' title="bbox 1362 2167 2418 2218; baseline 0.001 -11"><span class='ocrx_word' id='word_1_649' title='bbox 1362 2167 1635 2218; x_wconf 86' lang='lat' dir='ltr'>cupiscentiam</span> <span class='ocrx_word' id='word_1_650' title='bbox 1654 2168 1776 2205; x_wconf 91' lang='lat' dir='ltr'>carnis</span> <span class='ocrx_word' id='word_1_651' title='bbox 1795 2169 2002 2217; x_wconf 91' lang='lat' dir='ltr'>impeditur</span> <span class='ocrx_word' id='word_1_652' title='bbox 2020 2177 2085 2206; x_wconf 90' lang='lat' dir='ltr'>aut</span> <span class='ocrx_word' id='word_1_653' title='bbox 2103 2170 2313 2207; x_wconf 90' lang='lat' dir='ltr'>retardatur</span> <span class='ocrx_word' id='word_1_654' title='bbox 2330 2183 2418 2208; x_wconf 90' lang='lat' dir='ltr'>con-</span> 
     </span>
     <span class='ocr_line' id='line_1_102' title="bbox 1362 2221 2416 2272; baseline 0 -12"><span class='ocrx_word' id='word_1_655' title='bbox 1362 2221 1594 2272; x_wconf 88' lang='lat' dir='ltr'>cupiscentia</span> <span class='ocrx_word' id='word_1_656' title='bbox 1629 2221 1796 2270; x_wconf 90' lang='lat' dir='ltr'>spiritus:</span> <span class='ocrx_word' id='word_1_657' title='bbox 1833 2221 1940 2270; x_wconf 88' lang='lat' dir='ltr'>quod</span> <span class='ocrx_word' id='word_1_658' title='bbox 1967 2222 2007 2258; x_wconf 89' lang='lat' dir='ltr'>in</span> <span class='ocrx_word' id='word_1_659' title='bbox 2036 2222 2186 2259; x_wconf 87' lang='lat' dir='ltr'>Christo</span> <span class='ocrx_word' id='word_1_660' title='bbox 2221 2235 2301 2259; x_wconf 93' lang='lat' dir='ltr'>non</span> <span class='ocrx_word' id='word_1_661' title='bbox 2337 2223 2416 2261; x_wconf 81' lang='lat' dir='ltr'>fuit.</span> 
     </span>
     <span class='ocr_line' id='line_1_103' title="bbox 1362 2273 2418 2314; baseline 0.001 -2"><span class='ocrx_word' id='word_1_662' title='bbox 1362 2277 1411 2313; x_wconf 92' lang='lat' dir='ltr'>Et</span> <span class='ocrx_word' id='word_1_663' title='bbox 1437 2275 1524 2311; x_wconf 91' lang='lat' dir='ltr'>ideo</span> <span class='ocrx_word' id='word_1_664' title='bbox 1560 2274 1599 2310; x_wconf 91' lang='lat' dir='ltr'>in</span> <span class='ocrx_word' id='word_1_665' title='bbox 1628 2273 1778 2311; x_wconf 91' lang='lat' dir='ltr'>Christo</span> <span class='ocrx_word' id='word_1_666' title='bbox 1816 2285 1896 2311; x_wconf 91' lang='lat' dir='ltr'>non</span> <span class='ocrx_word' id='word_1_667' title='bbox 1922 2274 1991 2311; x_wconf 88' lang='lat' dir='ltr'>fuit</span> <span class='ocrx_word' id='word_1_668' title='bbox 2018 2275 2260 2314; x_wconf 89' lang='lat' dir='ltr'>contrarietas</span> <span class='ocrx_word' id='word_1_669' title='bbox 2296 2276 2418 2313; x_wconf 90' lang='lat' dir='ltr'>carnis</span> 
     </span>
     <span class='ocr_line' id='line_1_104' title="bbox 1363 2325 1967 2376; baseline -0.005 -11"><span class='ocrx_word' id='word_1_670' title='bbox 1363 2329 1411 2366; x_wconf 89' lang='lat' dir='ltr'>ad</span> <span class='ocrx_word' id='word_1_671' title='bbox 1439 2327 1626 2376; x_wconf 88' lang='lat' dir='ltr'>spiritum,</span> <span class='ocrx_word' id='word_1_672' title='bbox 1655 2326 1751 2363; x_wconf 90' lang='lat' dir='ltr'>sicut</span> <span class='ocrx_word' id='word_1_673' title='bbox 1779 2326 1818 2363; x_wconf 92' lang='lat' dir='ltr'>in</span> <span class='ocrx_word' id='word_1_674' title='bbox 1845 2325 1967 2363; x_wconf 89' lang='lat' dir='ltr'>nobis.</span> 
     </span>
    </p>

    <p class='ocr_par' dir='ltr' id='par_1_24' title="bbox 1360 2379 2417 3215">
     <span class='ocr_line' id='line_1_105' title="bbox 1415 2379 2417 2427; baseline 0.001 -10"><span class='ocrx_word' id='word_1_675' title='bbox 1415 2381 1472 2417; x_wconf 80' lang='lat' dir='ltr'>An</span> <span class='ocrx_word' id='word_1_676' title='bbox 1499 2391 1657 2417; x_wconf 81' lang='lat' dir='ltr'>TERTIUM</span> <span class='ocrx_word' id='word_1_677' title='bbox 1684 2391 1864 2416; x_wconf 85' lang='lat' dir='ltr'>DICENDUM</span> <span class='ocrx_word' id='word_1_678' title='bbox 1892 2379 1998 2427; x_wconf 90' lang='lat' dir='ltr'>quod</span> <span class='ocrx_word' id='word_1_679' title='bbox 2017 2379 2154 2427; x_wconf 83' lang='lat' dir='ltr'>agonia</span> <span class='ocrx_word' id='word_1_680' title='bbox 2180 2392 2260 2417; x_wconf 91' lang='lat' dir='ltr'>non</span> <span class='ocrx_word' id='word_1_681' title='bbox 2282 2380 2351 2417; x_wconf 81' lang='lat' dir='ltr'>fuit</span> <span class='ocrx_word' id='word_1_682' title='bbox 2377 2381 2417 2418; x_wconf 93' lang='lat' dir='ltr'>in</span> 
     </span>
     <span class='ocr_line' id='line_1_106' title="bbox 1364 2432 2415 2481; baseline 0 -11"><span class='ocrx_word' id='word_1_683' title='bbox 1364 2433 1515 2470; x_wconf 91' lang='lat' dir='ltr'>Christo</span> <span class='ocrx_word' id='word_1_684' title='bbox 1544 2439 1732 2481; x_wconf 87' lang='lat' dir='ltr'>quantum</span> <span class='ocrx_word' id='word_1_685' title='bbox 1760 2432 1809 2468; x_wconf 89' lang='lat' dir='ltr'>ad</span> <span class='ocrx_word' id='word_1_686' title='bbox 1836 2440 1983 2480; x_wconf 91' lang='lat' dir='ltr'>partem</span> <span class='ocrx_word' id='word_1_687' title='bbox 2011 2432 2161 2468; x_wconf 89' lang='lat' dir='ltr'>animae</span> <span class='ocrx_word' id='word_1_688' title='bbox 2181 2433 2415 2478; x_wconf 73' lang='lat' dir='ltr'>rationalem,</span> 
     </span>
     <span class='ocr_line' id='line_1_107' title="bbox 1363 2484 2416 2535; baseline -0.001 -12"><span class='ocrx_word' id='word_1_689' title='bbox 1363 2486 1578 2523; x_wconf 91' lang='lat' dir='ltr'>secundum</span> <span class='ocrx_word' id='word_1_690' title='bbox 1606 2485 1711 2535; x_wconf 93' lang='lat' dir='ltr'>quod</span> <span class='ocrx_word' id='word_1_691' title='bbox 1731 2484 1909 2533; x_wconf 89' lang='lat' dir='ltr'>importat</span> <span class='ocrx_word' id='word_1_692' title='bbox 1936 2484 2256 2521; x_wconf 89' lang='lat' dir='ltr'>concertationem</span> <span class='ocrx_word' id='word_1_693' title='bbox 2279 2487 2416 2523; x_wconf 90' lang='lat' dir='ltr'>volun-</span> 
     </span>
     <span class='ocr_line' id='line_1_108' title="bbox 1362 2537 2417 2587; baseline -0.001 -11"><span class='ocrx_word' id='word_1_694' title='bbox 1362 2546 1484 2576; x_wconf 89' lang='lat' dir='ltr'>tatum</span> <span class='ocrx_word' id='word_1_695' title='bbox 1503 2551 1550 2576; x_wconf 84' lang='lat' dir='ltr'>ex</span> <span class='ocrx_word' id='word_1_696' title='bbox 1569 2537 1781 2575; x_wconf 89' lang='lat' dir='ltr'>diversitate</span> <span class='ocrx_word' id='word_1_697' title='bbox 1801 2537 1992 2575; x_wconf 88' lang='lat' dir='ltr'>rationum</span> <span class='ocrx_word' id='word_1_698' title='bbox 2011 2537 2300 2587; x_wconf 88' lang='lat' dir='ltr'>procedentem:</span> <span class='ocrx_word' id='word_1_699' title='bbox 2323 2546 2417 2586; x_wconf 87' lang='lat' dir='ltr'>puta</span> 
     </span>
     <span class='ocr_line' id='line_1_109' title="bbox 1362 2589 2416 2640; baseline -0.001 -11"><span class='ocrx_word' id='word_1_700' title='bbox 1362 2604 1454 2630; x_wconf 90' lang='lat' dir='ltr'>cum</span> <span class='ocrx_word' id='word_1_701' title='bbox 1490 2590 1646 2640; x_wconf 89' lang='lat' dir='ltr'>aliquis,</span> <span class='ocrx_word' id='word_1_702' title='bbox 1679 2590 1895 2629; x_wconf 87' lang='lat' dir='ltr'>secundum</span> <span class='ocrx_word' id='word_1_703' title='bbox 1931 2590 2036 2639; x_wconf 92' lang='lat' dir='ltr'>quod</span> <span class='ocrx_word' id='word_1_704' title='bbox 2073 2589 2166 2629; x_wconf 87' lang='lat' dir='ltr'>ratio</span> <span class='ocrx_word' id='word_1_705' title='bbox 2203 2590 2416 2631; x_wconf 87' lang='lat' dir='ltr'>considerat</span> 
     </span>
     <span class='ocr_line' id='line_1_110' title="bbox 1362 2643 2416 2692; baseline -0.002 -10"><span class='ocrx_word' id='word_1_706' title='bbox 1362 2657 1506 2690; x_wconf 90' lang='lat' dir='ltr'>unum,</span> <span class='ocrx_word' id='word_1_707' title='bbox 1534 2645 1617 2680; x_wconf 93' lang='lat' dir='ltr'>vult</span> <span class='ocrx_word' id='word_1_708' title='bbox 1643 2644 1736 2688; x_wconf 85' lang='lat' dir='ltr'>hoc,</span> <span class='ocrx_word' id='word_1_709' title='bbox 1766 2651 1802 2679; x_wconf 88' lang='lat' dir='ltr'>et</span> <span class='ocrx_word' id='word_1_710' title='bbox 1829 2643 2042 2679; x_wconf 90' lang='lat' dir='ltr'>secundum</span> <span class='ocrx_word' id='word_1_711' title='bbox 2071 2643 2177 2692; x_wconf 92' lang='lat' dir='ltr'>quod</span> <span class='ocrx_word' id='word_1_712' title='bbox 2204 2643 2416 2681; x_wconf 88' lang='lat' dir='ltr'>considerat</span> 
     </span>
     <span class='ocr_line' id='line_1_111' title="bbox 1363 2695 2414 2744; baseline -0.003 -10"><span class='ocrx_word' id='word_1_713' title='bbox 1363 2698 1477 2743; x_wconf 89' lang='lat' dir='ltr'>aliud,</span> <span class='ocrx_word' id='word_1_714' title='bbox 1506 2698 1588 2733; x_wconf 91' lang='lat' dir='ltr'>vult</span> <span class='ocrx_word' id='word_1_715' title='bbox 1615 2695 1858 2733; x_wconf 90' lang='lat' dir='ltr'>contrarium.</span> <span class='ocrx_word' id='word_1_716' title='bbox 1889 2696 1974 2732; x_wconf 93' lang='lat' dir='ltr'>Hoc</span> <span class='ocrx_word' id='word_1_717' title='bbox 2002 2695 2104 2732; x_wconf 88' lang='lat' dir='ltr'>enim</span> <span class='ocrx_word' id='word_1_718' title='bbox 2124 2695 2303 2743; x_wconf 86' lang='lat' dir='ltr'>contingit</span> <span class='ocrx_word' id='word_1_719' title='bbox 2326 2707 2414 2744; x_wconf 92' lang='lat' dir='ltr'>pro-</span> 
     </span>
     <span class='ocr_line' id='line_1_112' title="bbox 1362 2747 2414 2800; baseline -0.002 -13"><span class='ocrx_word' id='word_1_720' title='bbox 1362 2759 1446 2800; x_wconf 92' lang='lat' dir='ltr'>pter</span> <span class='ocrx_word' id='word_1_721' title='bbox 1473 2749 1701 2787; x_wconf 91' lang='lat' dir='ltr'>debilitatem</span> <span class='ocrx_word' id='word_1_722' title='bbox 1730 2748 1900 2795; x_wconf 91' lang='lat' dir='ltr'>rationis,</span> <span class='ocrx_word' id='word_1_723' title='bbox 1930 2760 2028 2797; x_wconf 91' lang='lat' dir='ltr'>quae</span> <span class='ocrx_word' id='word_1_724' title='bbox 2056 2760 2135 2784; x_wconf 92' lang='lat' dir='ltr'>non</span> <span class='ocrx_word' id='word_1_725' title='bbox 2169 2755 2292 2796; x_wconf 90' lang='lat' dir='ltr'>potest</span> <span class='ocrx_word' id='word_1_726' title='bbox 2318 2747 2414 2785; x_wconf 88' lang='lat' dir='ltr'>diiu-</span> 
     </span>
     <span class='ocr_line' id='line_1_113' title="bbox 1362 2800 2414 2851; baseline -0.003 -11"><span class='ocrx_word' id='word_1_727' title='bbox 1362 2803 1487 2840; x_wconf 89' lang='lat' dir='ltr'>dicare</span> <span class='ocrx_word' id='word_1_728' title='bbox 1511 2802 1605 2851; x_wconf 93' lang='lat' dir='ltr'>quid</span> <span class='ocrx_word' id='word_1_729' title='bbox 1624 2801 1670 2838; x_wconf 89' lang='lat' dir='ltr'>sit</span> <span class='ocrx_word' id='word_1_730' title='bbox 1688 2801 1905 2850; x_wconf 88' lang='lat' dir='ltr'>simpliciter</span> <span class='ocrx_word' id='word_1_731' title='bbox 1930 2800 2077 2838; x_wconf 83' lang='lat' dir='ltr'>melius.</span> <span class='ocrx_word' id='word_1_732' title='bbox 2108 2800 2226 2847; x_wconf 91' lang='lat' dir='ltr'>Quod</span> <span class='ocrx_word' id='word_1_733' title='bbox 2247 2800 2290 2837; x_wconf 91' lang='lat' dir='ltr'>in·</span> <span class='ocrx_word' id='word_1_734' title='bbox 2306 2800 2414 2837; x_wconf 88' lang='lat' dir='ltr'>Chri-</span> 
     </span>
     <span class='ocr_line' id='line_1_114' title="bbox 1362 2851 2415 2903; baseline -0.003 -10"><span class='ocrx_word' id='word_1_735' title='bbox 1362 2864 1419 2893; x_wconf 90' lang='lat' dir='ltr'>sto</span> <span class='ocrx_word' id='word_1_736' title='bbox 1447 2867 1527 2892; x_wconf 92' lang='lat' dir='ltr'>non</span> <span class='ocrx_word' id='word_1_737' title='bbox 1554 2854 1641 2892; x_wconf 83' lang='lat' dir='ltr'>fuit:</span> <span class='ocrx_word' id='word_1_738' title='bbox 1672 2853 1762 2903; x_wconf 90' lang='lat' dir='ltr'>quia</span> <span class='ocrx_word' id='word_1_739' title='bbox 1780 2865 1849 2902; x_wconf 91' lang='lat' dir='ltr'>per</span> <span class='ocrx_word' id='word_1_740' title='bbox 1876 2865 1986 2890; x_wconf 90' lang='lat' dir='ltr'>suam</span> <span class='ocrx_word' id='word_1_741' title='bbox 2011 2852 2197 2891; x_wconf 89' lang='lat' dir='ltr'>rationem</span> <span class='ocrx_word' id='word_1_742' title='bbox 2224 2851 2415 2891; x_wconf 83' lang='lat' dir='ltr'>iudicabat</span> 
     </span>
     <span class='ocr_line' id='line_1_115' title="bbox 1362 2905 2414 2957; baseline -0.003 -12"><span class='ocrx_word' id='word_1_743' title='bbox 1362 2907 1581 2957; x_wconf 88' lang='lat' dir='ltr'>simpliciter</span> <span class='ocrx_word' id='word_1_744' title='bbox 1608 2919 1689 2943; x_wconf 90' lang='lat' dir='ltr'>esse</span> <span class='ocrx_word' id='word_1_745' title='bbox 1709 2906 1845 2942; x_wconf 84' lang='lat' dir='ltr'>melius</span> <span class='ocrx_word' id='word_1_746' title='bbox 1873 2905 1978 2954; x_wconf 93' lang='lat' dir='ltr'>quod</span> <span class='ocrx_word' id='word_1_747' title='bbox 1996 2917 2066 2953; x_wconf 90' lang='lat' dir='ltr'>per</span> <span class='ocrx_word' id='word_1_748' title='bbox 2093 2905 2174 2941; x_wconf 92' lang='lat' dir='ltr'>eius</span> <span class='ocrx_word' id='word_1_749' title='bbox 2194 2905 2414 2953; x_wconf 88' lang='lat' dir='ltr'>passionem</span> 
     </span>
     <span class='ocr_line' id='line_1_116' title="bbox 1362 2957 2413 3009; baseline -0.003 -11"><span class='ocrx_word' id='word_1_750' title='bbox 1362 2961 1582 3009; x_wconf 90' lang='lat' dir='ltr'>impleretur</span> <span class='ocrx_word' id='word_1_751' title='bbox 1599 2960 1774 2996; x_wconf 90' lang='lat' dir='ltr'>voluntas</span> <span class='ocrx_word' id='word_1_752' title='bbox 1801 2958 1931 2994; x_wconf 90' lang='lat' dir='ltr'>divina</span> <span class='ocrx_word' id='word_1_753' title='bbox 1958 2957 2056 3002; x_wconf 84' lang='lat' dir='ltr'>eirca</span> <span class='ocrx_word' id='word_1_754' title='bbox 2083 2958 2242 2994; x_wconf 89' lang='lat' dir='ltr'>salutern</span> <span class='ocrx_word' id='word_1_755' title='bbox 2267 2957 2413 3005; x_wconf 89' lang='lat' dir='ltr'>generis</span> 
     </span>
     <span class='ocr_line' id='line_1_117' title="bbox 1361 3009 2413 3061; baseline -0.004 -11"><span class='ocrx_word' id='word_1_756' title='bbox 1361 3012 1532 3050; x_wconf 92' lang='lat' dir='ltr'>humani.</span> <span class='ocrx_word' id='word_1_757' title='bbox 1563 3011 1650 3048; x_wconf 90' lang='lat' dir='ltr'>Fuit</span> <span class='ocrx_word' id='word_1_758' title='bbox 1676 3018 1805 3047; x_wconf 90' lang='lat' dir='ltr'>tamen</span> <span class='ocrx_word' id='word_1_759' title='bbox 1824 3010 1863 3046; x_wconf 93' lang='lat' dir='ltr'>in</span> <span class='ocrx_word' id='word_1_760' title='bbox 1884 3009 2033 3047; x_wconf 93' lang='lat' dir='ltr'>Christo</span> <span class='ocrx_word' id='word_1_761' title='bbox 2062 3009 2197 3058; x_wconf 86' lang='lat' dir='ltr'>agonia</span> <span class='ocrx_word' id='word_1_762' title='bbox 2225 3017 2413 3061; x_wconf 85' lang='lat' dir='ltr'>quantum</span> 
     </span>
     <span class='ocr_line' id='line_1_118' title="bbox 1361 3062 2414 3114; baseline -0.002 -12"><span class='ocrx_word' id='word_1_763' title='bbox 1361 3066 1409 3102; x_wconf 91' lang='lat' dir='ltr'>ad</span> <span class='ocrx_word' id='word_1_764' title='bbox 1436 3073 1584 3114; x_wconf 87' lang='lat' dir='ltr'>partem</span> <span class='ocrx_word' id='word_1_765' title='bbox 1608 3063 1837 3108; x_wconf 90' lang='lat' dir='ltr'>sensitivam,</span> <span class='ocrx_word' id='word_1_766' title='bbox 1860 3062 2075 3099; x_wconf 90' lang='lat' dir='ltr'>secundum</span> <span class='ocrx_word' id='word_1_767' title='bbox 2102 3062 2209 3113; x_wconf 89' lang='lat' dir='ltr'>quod</span> <span class='ocrx_word' id='word_1_768' title='bbox 2236 3062 2414 3112; x_wconf 79' lang='lat' dir='ltr'>importat</span> 
     </span>
     <span class='ocr_line' id='line_1_119' title="bbox 1360 3114 2413 3162; baseline -0.001 -8"><span class='ocrx_word' id='word_1_769' title='bbox 1360 3118 1539 3155; x_wconf 88' lang='lat' dir='ltr'>timorem</span> <span class='ocrx_word' id='word_1_770' title='bbox 1558 3122 1571 3138; x_wconf 61' lang='grc' dir='ltr'><strong>ν</strong></span> <span class='ocrx_word' id='word_1_771' title='bbox 1597 3115 1790 3153; x_wconf 88' lang='lat' dir='ltr'>infortunii</span> <span class='ocrx_word' id='word_1_772' title='bbox 1818 3115 2061 3162; x_wconf 85' lang='lat' dir='ltr'>imminentis,</span> <span class='ocrx_word' id='word_1_773' title='bbox 2089 3123 2130 3152; x_wconf 91' lang='lat' dir='ltr'>ut</span> <span class='ocrx_word' id='word_1_774' title='bbox 2158 3114 2246 3152; x_wconf 86' lang='lat' dir='ltr'>dicit</span> <span class='ocrx_word' id='word_1_775' title='bbox 2272 3116 2413 3155; x_wconf 81' lang='lat' dir='ltr'>Dama-</span> 
     </span>
     <span class='ocr_line' id='line_1_120' title="bbox 1361 3167 1823 3215; baseline -0.006 -8"><span class='ocrx_word' id='word_1_776' title='bbox 1361 3182 1509 3215; x_wconf 89' lang='lat' dir='ltr'>scenus,</span> <span class='ocrx_word' id='word_1_777' title='bbox 1539 3169 1578 3205; x_wconf 94' lang='lat' dir='ltr'>in</span> <span class='ocrx_word' id='word_1_778' title='bbox 1606 3170 1650 3205; x_wconf 94' lang='lat' dir='ltr'>III</span> <span class='ocrx_word' id='word_1_779' title='bbox 1679 3168 1774 3204; x_wconf 91' lang='lat' dir='ltr'>libro</span> <span class='ocrx_word' id='word_1_780' title='bbox 1793 3167 1823 3204; x_wconf 71' lang='lat'>²¹².</span> 
     </span>
    </p>
   </div>
   <div class='ocr_carea' id='block_1_11' title="bbox 1409 3342 2379 3590">
    <p class='ocr_par' dir='ltr' id='par_1_25' title="bbox 1413 3342 1828 3377">
     <span class='ocr_line' id='line_1_121' title="bbox 1413 3342 1828 3377; baseline -0.002 -8"><span class='ocrx_word' id='word_1_781' title='bbox 1413 3343 1440 3377; x_wconf 90' lang='grc' dir='ltr'>η)</span> <span class='ocrx_word' id='word_1_782' title='bbox 1459 3345 1560 3369; x_wconf 83' lang='lat' dir='ltr'>saltem.</span> <span class='ocrx_word' id='word_1_783' title='bbox 1578 3357 1597 3362; x_wconf 84' lang='lat'><em>-</em></span> <span class='ocrx_word' id='word_1_784' title='bbox 1615 3343 1675 3368; x_wconf 89' lang='lat' dir='ltr'>Om.</span> <span class='ocrx_word' id='word_1_785' title='bbox 1695 3342 1828 3368; x_wconf 83' lang='lat' dir='ltr'>editiones.</span> 
     </span>
    </p>

    <p class='ocr_par' dir='ltr' id='par_1_26' title="bbox 1413 3377 2075 3412">
     <span class='ocr_line' id='line_1_122' title="bbox 1413 3377 2075 3412; baseline 0.002 -10"><span class='ocrx_word' id='word_1_786' title='bbox 1413 3377 1437 3412; x_wconf 86' lang='grc' dir='ltr'>θ)</span> <span class='ocrx_word' id='word_1_787' title='bbox 1453 3379 1600 3411; x_wconf 79' lang='lat' dir='ltr'>perveniet.</span> <span class='ocrx_word' id='word_1_788' title='bbox 1616 3393 1636 3397; x_wconf 88' lang='lat'>-</span> <span class='ocrx_word' id='word_1_789' title='bbox 1648 3379 1804 3410; x_wconf 82' lang='lat' dir='ltr'>perveniret</span> <span class='ocrx_word' id='word_1_790' title='bbox 1822 3378 1894 3409; x_wconf 84' lang='lat' dir='ltr'>PDF,</span> <span class='ocrx_word' id='word_1_791' title='bbox 1911 3378 2034 3411; x_wconf 80' lang='lat' dir='ltr'>pervenit</span> <span class='ocrx_word' id='word_1_792' title='bbox 2052 3386 2075 3403; x_wconf 89' lang='lat' dir='ltr'>c.</span> 
     </span>
    </p>

    <p class='ocr_par' dir='ltr' id='par_1_27' title="bbox 1413 3413 1910 3448">
     <span class='ocr_line' id='line_1_123' title="bbox 1413 3413 1910 3448; baseline 0 -10"><span class='ocrx_word' id='word_1_793' title='bbox 1413 3413 1432 3448; x_wconf 87' lang='grc' dir='ltr'>ι)</span> <span class='ocrx_word' id='word_1_794' title='bbox 1452 3415 1477 3439; x_wconf 84' lang='lat' dir='ltr'>in</span> <span class='ocrx_word' id='word_1_795' title='bbox 1500 3414 1614 3439; x_wconf 79' lang='lat' dir='ltr'>Christo.</span> <span class='ocrx_word' id='word_1_796' title='bbox 1630 3428 1650 3432; x_wconf 87' lang='lat'>—</span> <span class='ocrx_word' id='word_1_797' title='bbox 1668 3414 1688 3438; x_wconf 83' lang='lat' dir='ltr'>E</span> <span class='ocrx_word' id='word_1_798' title='bbox 1708 3419 1733 3438; x_wconf 90' lang='lat' dir='ltr'>et</span> <span class='ocrx_word' id='word_1_799' title='bbox 1749 3414 1838 3445; x_wconf 84' lang='lat' dir='ltr'>tertia;</span> <span class='ocrx_word' id='word_1_800' title='bbox 1857 3422 1910 3439; x_wconf 81' lang='lat' dir='ltr'>om.</span> 
     </span>
    </p>

    <p class='ocr_par' dir='ltr' id='par_1_28' title="bbox 1413 3449 1769 3475">
     <span class='ocr_line' id='line_1_124' title="bbox 1413 3449 1769 3475; baseline 0 -1"><span class='ocrx_word' id='word_1_801' title='bbox 1413 3458 1427 3474; x_wconf 77' lang='grc' dir='ltr'><strong><em>κ</em></strong></span> <span class='ocrx_word' id='word_1_802' title='bbox 1458 3450 1501 3475; x_wconf 79' lang='lat' dir='ltr'>ibi.</span> <span class='ocrx_word' id='word_1_803' title='bbox 1519 3463 1538 3468; x_wconf 86' lang='lat'>—-</span> <span class='ocrx_word' id='word_1_804' title='bbox 1556 3450 1616 3474; x_wconf 90' lang='lat' dir='ltr'>Om.</span> <span class='ocrx_word' id='word_1_805' title='bbox 1636 3449 1769 3474; x_wconf 82' lang='lat' dir='ltr'>editiones.</span> 
     </span>
    </p>

    <p class='ocr_par' dir='ltr' id='par_1_29' title="bbox 1410 3482 2379 3554">
     <span class='ocr_line' id='line_1_125' title="bbox 1410 3482 2379 3517; baseline -0.003 -7"><span class='ocrx_word' id='word_1_806' title='bbox 1410 3484 1427 3509; x_wconf 86' lang='grc' dir='ltr'>λ</span> <span class='ocrx_word' id='word_1_807' title='bbox 1458 3485 1600 3517; x_wconf 65' lang='lat' dir='ltr'>secundum</span> <span class='ocrx_word' id='word_1_808' title='bbox 1620 3492 1708 3516; x_wconf 83' lang='lat' dir='ltr'>quam.</span> <span class='ocrx_word' id='word_1_809' title='bbox 1725 3498 1743 3502; x_wconf 95' lang='lat'>——</span> <span class='ocrx_word' id='word_1_810' title='bbox 1761 3485 1860 3509; x_wconf 79' lang='lat' dir='ltr'>scilicet</span> <span class='ocrx_word' id='word_1_811' title='bbox 1878 3491 1956 3516; x_wconf 84' lang='lat' dir='ltr'>quam</span> <span class='ocrx_word' id='word_1_812' title='bbox 1976 3485 1993 3514; x_wconf 84' lang='lat'>1,</span> <span class='ocrx_word' id='word_1_813' title='bbox 2008 3483 2106 3508; x_wconf 83' lang='lat' dir='ltr'>scilicet</span> <span class='ocrx_word' id='word_1_814' title='bbox 2124 3490 2176 3515; x_wconf 85' lang='lat' dir='ltr'>qua</span> <span class='ocrx_word' id='word_1_815' title='bbox 2195 3488 2278 3508; x_wconf 78' lang='lat' dir='ltr'>cetera</span> <span class='ocrx_word' id='word_1_816' title='bbox 2297 3482 2379 3508; x_wconf 83' lang='lat' dir='ltr'>tertia.</span> 
     </span>
     <span class='ocr_line' id='line_1_126' title="bbox 1412 3518 2234 3554; baseline -0.004 -9"><span class='ocrx_word' id='word_1_817' title='bbox 1412 3529 1429 3554; x_wconf 83' lang='grc' dir='ltr'>μ</span> <span class='ocrx_word' id='word_1_818' title='bbox 1459 3520 1537 3545; x_wconf 82' lang='lat' dir='ltr'>enim.</span> <span class='ocrx_word' id='word_1_819' title='bbox 1555 3534 1574 3538; x_wconf 90' lang='lat'><em>-</em></span> <span class='ocrx_word' id='word_1_820' title='bbox 1591 3520 1672 3545; x_wconf 79' lang='lat' dir='ltr'>etiam</span> <span class='ocrx_word' id='word_1_821' title='bbox 1691 3519 1773 3552; x_wconf 85' lang='lat' dir='ltr'>prima</span> <span class='ocrx_word' id='word_1_822' title='bbox 1792 3525 1817 3544; x_wconf 88' lang='lat' dir='ltr'>et</span> <span class='ocrx_word' id='word_1_823' title='bbox 1836 3520 1865 3551; x_wconf 82' lang='lat' dir='ltr'>E,</span> <span class='ocrx_word' id='word_1_824' title='bbox 1885 3520 1953 3544; x_wconf 84' lang='lat' dir='ltr'>enim</span> <span class='ocrx_word' id='word_1_825' title='bbox 1972 3519 2052 3544; x_wconf 83' lang='lat' dir='ltr'>etiam</span> <span class='ocrx_word' id='word_1_826' title='bbox 2071 3519 2090 3542; x_wconf 86' lang='lat' dir='ltr'>F</span> <span class='ocrx_word' id='word_1_827' title='bbox 2111 3524 2135 3543; x_wconf 87' lang='lat' dir='ltr'>et</span> <span class='ocrx_word' id='word_1_828' title='bbox 2152 3518 2234 3543; x_wconf 79' lang='lat' dir='ltr'>tertia.</span> 
     </span>
    </p>

    <p class='ocr_par' dir='ltr' id='par_1_30' title="bbox 1409 3555 1847 3590">
     <span class='ocr_line' id='line_1_127' title="bbox 1409 3555 1847 3590; baseline -0.002 -10"><span class='ocrx_word' id='word_1_829' title='bbox 1409 3559 1433 3590; x_wconf 87' lang='grc' dir='ltr'>ν)</span> <span class='ocrx_word' id='word_1_830' title='bbox 1453 3555 1583 3581; x_wconf 86' lang='lat' dir='ltr'>timorem.</span> <span class='ocrx_word' id='word_1_831' title='bbox 1601 3570 1620 3574; x_wconf 90' lang='lat'><em>-</em></span> <span class='ocrx_word' id='word_1_832' title='bbox 1637 3559 1766 3580; x_wconf 84' lang='lat' dir='ltr'>terrorem</span> <span class='ocrx_word' id='word_1_833' title='bbox 1786 3555 1847 3580; x_wconf 83' lang='lat' dir='ltr'>Gbc.</span> 
     </span>
    </p>
   </div>
   <div class='ocr_carea' id='block_1_12' title="bbox 2445 2076 2654 2156">
    <p class='ocr_par' dir='ltr' id='par_1_31' title="bbox 2445 2076 2654 2156">
     <span class='ocr_line' id='line_1_128' title="bbox 2445 2076 2654 2105; baseline 0.005 -7"><span class='ocrx_word' id='word_1_834' title='bbox 2445 2079 2454 2087; x_wconf 81' lang='lat'>&#39;¹</span> <span class='ocrx_word' id='word_1_835' title='bbox 2465 2077 2501 2098; x_wconf 86' lang='lat' dir='ltr'>De</span> <span class='ocrx_word' id='word_1_836' title='bbox 2509 2076 2569 2098; x_wconf 77' lang='lat' dir='ltr'>Fide</span> <span class='ocrx_word' id='word_1_837' title='bbox 2578 2077 2654 2105; x_wconf 65' lang='lat' dir='ltr'>Orth„</span> 
     </span>
     <span class='ocr_line' id='line_1_129' title="bbox 2446 2103 2654 2131; baseline 0.005 -6"><span class='ocrx_word' id='word_1_838' title='bbox 2446 2103 2484 2125; x_wconf 82' lang='lat' dir='ltr'>lib.</span> <span class='ocrx_word' id='word_1_839' title='bbox 2499 2103 2539 2129; x_wconf 89' lang='lat'>111,</span> <span class='ocrx_word' id='word_1_840' title='bbox 2554 2109 2603 2131; x_wconf 78' lang='lat' dir='ltr'>cap.</span> <span class='ocrx_word' id='word_1_841' title='bbox 2615 2110 2654 2131; x_wconf 84' lang='lat' dir='ltr'>xv,</span> 
     </span>
     <span class='ocr_line' id='line_1_130' title="bbox 2445 2135 2574 2156; baseline 0 -5"><span class='ocrx_word' id='word_1_842' title='bbox 2445 2135 2511 2156; x_wconf 80' lang='lat' dir='ltr'>xvin,</span> <span class='ocrx_word' id='word_1_843' title='bbox 2526 2135 2574 2151; x_wconf 78' lang='lat' dir='ltr'>xix.</span> 
     </span>
    </p>
   </div>
   <div class='ocr_carea' id='block_1_13' title="bbox 2440 3116 2651 3222">
    <p class='ocr_par' dir='ltr' id='par_1_32' title="bbox 2440 3116 2651 3222">
     <span class='ocr_line' id='line_1_131' title="bbox 2441 3116 2650 3169; baseline 0.005 -7"><span class='ocrx_word' id='word_1_844' title='bbox 2441 3141 2451 3152; x_wconf 79' lang='lat'>⁸</span> <span class='ocrx_word' id='word_1_845' title='bbox 2464 3116 2590 3167; x_wconf 46' lang='lat' dir='ltr'>Ibidqvlib.</span> <span class='ocrx_word' id='word_1_846' title='bbox 2610 3142 2631 3163; x_wconf 86' lang='lat'>11</span> <span class='ocrx_word' id='word_1_847' title='bbox 2643 3158 2650 3169; x_wconf 91' lang='lat'>,</span> 
     </span>
     <span class='ocr_line' id='line_1_132' title="bbox 2440 3168 2650 3196; baseline 0.01 -8"><span class='ocrx_word' id='word_1_848' title='bbox 2440 3173 2490 3194; x_wconf 75' lang='lat' dir='ltr'>cap.</span> <span class='ocrx_word' id='word_1_849' title='bbox 2505 3174 2545 3192; x_wconf 79' lang='lat' dir='ltr'>xv:</span> <span class='ocrx_word' id='word_1_850' title='bbox 2561 3168 2599 3190; x_wconf 88' lang='lat' dir='ltr'>lib.</span> <span class='ocrx_word' id='word_1_851' title='bbox 2610 3168 2650 3196; x_wconf 85' lang='lat'>111,</span> 
     </span>
     <span class='ocr_line' id='line_1_133' title="bbox 2440 3199 2651 3222; baseline 0.009 -8"><span class='ocrx_word' id='word_1_852' title='bbox 2440 3199 2490 3221; x_wconf 75' lang='lat' dir='ltr'>cap.</span> <span class='ocrx_word' id='word_1_853' title='bbox 2503 3200 2568 3222; x_wconf 76' lang='lat' dir='ltr'>xvm,</span> <span class='ocrx_word' id='word_1_854' title='bbox 2584 3201 2651 3217; x_wconf 79' lang='lat' dir='ltr'>xxm.</span> 
     </span>
    </p>
   </div>
  </div>
 </body>
</html>
