2872 3970
459 297 533 334 258

1145 296 1409 343 QUAESTIO
1438 297 1560 344 XXII,
1589 296 1882 336 ARTICULUS
1909 299 1956 336 III

457 389 548 413 nem
577 376 625 412 ad
653 376 890 412 voluntatem
919 375 1114 425 patientis,
1145 376 1212 425 qui
1240 376 1454 413 voluntarie
1483 389 1522 413 se
1578 376 1736 414 hostiae.
1764 379 1807 415 In
1826 390 1906 428 quo
1933 391 2014 416 non
2034 379 2213 417 convenit
2232 392 2323 418 cum
2342 381 2534 420 sacrificiis
2552 395 2641 432 gen-

458 429 593 466 obtulit
619 428 799 477 passioni.
829 429 877 466 Et
896 441 943 465 ex
971 430 1043 466 hac
1062 436 1168 478 parte
1191 429 1306 466 habet
1334 429 1523 466 rationem

509 563 534 598 ὃ)
553 565 703 598 gentilium.
720 579 740 584 —-
760 565 796 590 Ee
809 572 862 597 per
880 564 945 590 haec
965 566 1041 596 patet
1065 563 1202 595 responsio
1221 563 1258 587 ad
1277 562 1385 587 tertium
1411 562 1480 587 addit
1498 569 1524 592 a,

455 601 500 625 Ad
518 601 626 625 tertium
646 601 787 625 dicendum
807 600 878 632 quod
897 599 1026 624 sanctitas
1045 598 1220 623 humanitatis
1237 597 1338 622 Christi
1356 605 1374 622 a
1388 598 1525 630 principio

456 643 508 661 non
534 636 644 668 impedit
662 636 726 668 quin
750 636 863 667 ipsamet
885 636 1003 660 humana
1027 637 1138 663 natura,
1157 641 1217 659 cum
1237 633 1263 658 in
1283 633 1410 665 passione
1433 633 1525 658 oblata

455 675 495 696 est
515 672 580 699 Deo,
600 672 768 704 sanctificata
792 678 861 696 novo
885 670 963 695 modo
980 670 1075 704 suerit,
1096 670 1195 694 scilicet
1219 672 1248 693 ut
1271 669 1358 694 hostia
1381 668 1525 694 actualiter

456 710 519 732 tunc
537 707 666 732 exhibita.
685 706 834 738 Acquisivit
852 706 921 731 enim
941 705 1072 730 actualem
1092 705 1194 729 hostiae
1212 704 1447 737 sanctificationem
1462 707 1526 729 tunc

454 750 492 768 ex
514 743 626 774 antiqua
645 742 759 767 caritate
778 745 804 766 et
822 741 914 774 gratia
934 741 1039 765 unionis
1064 740 1247 773 sanctificante
1265 740 1376 764 eandem
1404 740 1524 764 absolute

455 778 525 803 addit
538 778 565 807 Ρ,
579 777 694 810 margine
714 782 820 802 notans:
840 776 987 808 Responsio
1007 777 1137 808 suppleta.
1157 776 1246 807 Margo
1264 775 1298 799 C:
1318 774 1407 808 deficit
1424 775 1522 800 solutio

1577 429 1702 467 tilium
1721 428 1746 467 ὅ.

1575 562 1651 588 tertii
1662 564 1816 597 argumenti
1827 564 1959 590 secundae
1971 565 2150 597 quaestionis,-
2163 573 2253 599 margo
2263 565 2299 590 E:
2312 566 2402 599 deficit
2414 567 2539 599 tertium,·
2551 575 2642 602 margo

1577 598 1599 623 G
1610 606 1616 622 z
1628 598 1702 623 Nota
1714 599 1785 631 quod
1797 599 1839 624 hic
1852 599 1942 632 deficit
1953 600 2051 625 solutio
2065 601 2139 626 tertii
2153 601 2307 634 argumenti
2325 609 2404 634 quam
2424 609 2554 636 nusquam
2563 603 2643 635 potua·

1575 634 1702 666 reperire.
1721 635 1831 659 Codices
1857 634 1994 660 Brixiensis
2013 641 2040 661 et
2057 636 2254 668 Ambrosianus,
2274 637 2306 662 de
2325 637 2420 670 quibua
2438 638 2465 663 iu
2483 638 2642 664 Praefatione

1576 669 1695 701 diximus,
1720 669 1941 695 animadvertunt:
1966 671 2039 696 Nota
2064 672 2136 704 quod
2158 679 2201 704 qu.
2220 678 2298 697 xxu
2321 676 2375 699 art.
2396 679 2414 698 2
2433 673 2522 707 deficit
2543 673 2641 701 solutio

1574 705 1649 730 tertii
1666 705 1822 739 argumenti
1840 706 1866 730 in
1886 705 2016 739 originali
2033 707 2110 732 istius
2125 707 2232 733 Tertiae
2243 707 2335 732 Partis
2347 708 2450 742 fratris
2472 708 2596 740 nomae,
2615 708 2643 735 et

1575 740 1602 765 in
1622 741 1743 766 omnibus
1761 741 1831 770 aliis,
1851 741 1914 773 quia
1933 742 1966 767 ab
1986 741 2032 767 illa
2050 742 2183 776 originem
2202 746 2380 775 sumpserunt.

1130 862 1464 896 commentaria
1489 861 1741 896 Cardinalis
1762 863 1965 898 Caietam

514 965 620 985 tronus
637 954 747 985 clarus.
764 972 787 976 -
810 954 845 983 In
862 962 998 993 corpore
1013 952 1108 982 unica
1128 957 1175 982 est
1199 951 1365 982 conclusio
1388 961 1521 992 respon—

455 968 592 1029 Tsiva:
620 998 766 1029 Christus
789 1007 854 1028 non
878 998 983 1028 solum
1006 996 1167 1031 sacerdos,
1187 996 1244 1027 sed
1265 996 1362 1027 simul
1375 996 1450 1037 fuit
1463 996 1520 1027 Ιιο-

451 1044 513 1074 stia
525 1043 692 1084 perfecta:
714 1042 835 1073 scilicet
843 1051 908 1082 pro
919 1046 1064 1081 peccato,
1076 1041 1216 1082 pacifica
1232 1046 1263 1071 et
1285 1040 1519 1071 holocaustum.

508 1088 597 1117 Haec
622 1087 799 1122 conclusio,
817 1085 926 1126 quoad
948 1085 1085 1125 primam
1107 1090 1240 1125 partem,
1265 1085 1459 1125 supponitur
1482 1094 1520 1115 ex

453 1131 663 1171 praecedente
686 1130 830 1160 articulo.

508 1175 626 1214 Quoad
648 1173 822 1205 secundam
845 1183 932 1210 vero,
958 1173 1047 1213 quod
1070 1172 1165 1204 fuerit
1188 1173 1283 1204 simul
1306 1173 1419 1210 hostia,
1444 1183 1519 1214 pro-

452 1221 553 1250 batur.
579 1219 685 1250 Omne
709 1218 798 1259 quod
822 1219 892 1248 Deo
917 1218 1083 1248 exhibetur
1106 1217 1145 1248 ad
1164 1218 1227 1248 hoc
1251 1223 1286 1248 ut
1309 1218 1436 1258 spiritus
1458 1218 1518 1248 ho-

451 1265 546 1294 minis
570 1263 686 1294 feratur
701 1264 734 1293 in
751 1263 867 1298 Deum,
893 1268 939 1292 est
961 1262 1065 1292 hostia
1081 1272 1138 1292 seu
1155 1261 1355 1292 sacrificium.
1380 1261 1443 1293 Sed
1458 1262 1517 1293 hu-

451 1309 585 1338 manitas
602 1307 719 1338 Christi
742 1313 789 1337 est
811 1307 882 1337 Deo
901 1307 1038 1337 exhibita
1061 1305 1100 1336 ad
1116 1307 1179 1337 hoc
1202 1312 1239 1337 ut
1261 1306 1388 1347 spiritus
1412 1307 1517 1337 homi-

451 1363 531 1383 num
548 1352 687 1382 ferantur
703 1353 736 1381 in
754 1352 869 1382 Deum.
887 1351 983 1391 Ergo.
999 1369 1023 1373 -
1039 1351 1142 1381 Maior
1158 1351 1337 1391 propositio
1354 1351 1516 1391 probatur.

451 1396 653 1438 Sacrificium
677 1396 799 1426 visibile
821 1400 869 1426 est
889 1400 1127 1426 sacramentum
1151 1395 1328 1426 invisibilis.
1358 1395 1517 1426 Invisibile

451 1447 558 1471 autem
583 1446 629 1471 est
652 1441 772 1470 oblatio
792 1440 928 1480 spiritus.
954 1439 1049 1479 Ergo.
1074 1457 1096 1461 -—
1118 1439 1256 1470 Adverte
1274 1438 1364 1479 quod
1378 1440 1426 1470 vis
1441 1449 1516 1480 pro-

450 1485 587 1515 bationis
603 1485 746 1515 consistit
761 1485 794 1514 in
810 1484 890 1514 hoc:
917 1483 1024 1514 Omne
1039 1483 1230 1514 sacrificium
1251 1489 1306 1514 aut
1322 1489 1369 1514 est
1383 1484 1515 1520 visibile,

450 1535 505 1559 aut
518 1529 684 1559 invisibile.
706 1528 769 1559 Sed
783 1528 906 1558 visibile
922 1527 1085 1558 ordinatur
1101 1527 1141 1558 ad
1155 1528 1322 1564 invisibile,
1340 1533 1376 1558 ut
1391 1537 1517 1558 sacrum

449 1575 518 1604 eius
541 1574 668 1614 signum
688 1573 728 1603 ad
743 1578 888 1603 sanetum
904 1573 1073 1612 signatum,
1098 1582 1135 1603 ac
1158 1581 1215 1612 per
1237 1573 1311 1608 hoc,
1335 1571 1450 1602 finem:
1475 1572 1516 1602 si-

449 1623 582 1658 gnatum
606 1618 692 1648 enim
715 1616 787 1647 finis
811 1622 858 1647 est
880 1617 971 1656 signi.
1001 1616 1108 1647 Omne
1130 1617 1226 1656 igitur
1249 1615 1439 1647 sacrificium
1463 1626 1516 1647 ex-

448 1663 546 1692 terius
570 1668 616 1692 est
639 1661 830 1692 sacrificium
853 1671 891 1691 ex
915 1660 1027 1691 ordine
1050 1660 1090 1691 ad
1113 1661 1259 1697 interius,
1283 1661 1346 1691 hoc
1371 1666 1433 1697 est,
1459 1661 1516 1691 ob-

449 1706 602 1736 lationem
627 1707 763 1746 spirituS.
789 1706 830 1736 Et
853 1715 870 1735 e
887 1710 997 1736 contra
1020 1714 1118 1735 omne
1142 1704 1231 1745 quod
1255 1704 1295 1735 ad
1318 1705 1516 1736 oblationem

447 1751 576 1790 spiritus
600 1750 670 1780 Deo
695 1749 836 1786 offertur,
860 1748 1050 1779 sacrificium
1074 1749 1311 1779 denominative
1335 1749 1459 1779 dicitur.

505 1794 613 1824 Tertia
635 1803 711 1824 vero
735 1803 807 1834 pars
831 1793 1066 1830 conclusionis,
1090 1794 1154 1823 hoc
1178 1799 1239 1823 est:
1259 1793 1422 1834 perfecta,
1450 1803 1515 1834 pro

444 1843 589 1878 peccato,
602 1838 741 1878 pacifica
757 1843 789 1868 et
802 1837 1035 1873 holocaustum,
1053 1838 1205 1877 probatur
1221 1847 1259 1867 ex
1274 1837 1386 1867 littera.
1403 1837 1515 1868 Homo

449 1882 571 1922 indiget
586 1881 741 1913 sacrificio
758 1887 888 1922 propter
904 1882 977 1911 tria:
1003 1881 1123 1912 scilicet
1145 1881 1366 1911 remissionem
1381 1882 1514 1921 peccati,

448 1927 566 1966 gratiae
583 1927 869 1962 conservationem,
887 1931 918 1956 et
933 1926 1257 1955 consummationem.
1282 1924 1345 1956 Sed
1363 1925 1442 1956 haec
1457 1926 1515 1956 tria

450 1980 507 2010 per
530 1971 759 2001 humanitatem
784 1969 901 2000 Christi
923 1970 1103 2000 habuimus.
1128 1969 1224 2010 Ergo.
1247 1988 1271 1991 —
1294 1969 1397 1999 Maior
1415 1970 1450 2000 in
1464 1970 1514 2000 lit-

450 2020 516 2044 tera
540 2020 571 2045 et
593 2014 726 2045 infertur
750 2024 787 2045 ex
810 2014 909 2054 priori
932 2013 1129 2055 syllogismo,
1154 2023 1220 2054 quo
1244 2014 1378 2054 probata
1401 2019 1448 2044 est
1470 2014 1514 2044 al-

449 2063 516 2089 tera
537 2068 608 2099 pars
632 2059 864 2090 conclusionis:
888 2067 974 2095 nam,
996 2058 1022 2088 si
1037 2057 1227 2088 sacrificium
1249 2059 1384 2088 exterius
1400 2057 1515 2088 dicitur

1575 962 1613 983 ex
1636 953 1790 984 relatione
1813 953 1853 984 ad
1875 954 2073 986 oblationem
2096 956 2233 995 spiritus,
2253 961 2285 986 et
2307 955 2347 986 ad
2362 956 2560 988 oblationem
2575 957 2640 998 spi-

1574 998 1652 1028 ritus
1674 998 1775 1028 nostri
1799 1003 1996 1029 concurrunt
2017 999 2077 1029 ista
2098 999 2170 1035 tria,
2195 999 2315 1030 scilicet
2336 1001 2481 1031 remissio
2503 1002 2638 1041 peccati,

1575 1042 1774 1072 conservatio
1786 1042 1869 1073 vitae
1884 1043 2011 1082 gratiae,
2029 1048 2060 1074 et
2075 1044 2312 1075 consummatio
2329 1043 2424 1081 illius,
2436 1054 2639 1085 consequent

1574 1091 1621 1117 est
1643 1092 1680 1117 ut
1703 1086 1742 1117 ad
1764 1087 1843 1117 haec
1866 1087 1924 1117 tria
1951 1087 2052 1118 homo
2075 1087 2215 1128 indigeat
2237 1087 2411 1119 sacrificio:
2435 1106 2459 1111 —
2481 1094 2512 1120 et
2535 1088 2640 1121 decla-

1572 1136 1658 1161 ratur
1682 1130 1791 1171 quoad
1813 1130 1954 1171 singula,
1985 1131 2117 1172 singulis
2140 1132 2380 1163 auctoritatibus
2403 1132 2593 1173 scripturae.
2614 1150 2641 1165 .-

1574 1175 1681 1205 Minor
1699 1185 1776 1205 vero
1792 1175 1945 1215 probatur
1960 1175 2200 1206 auctoritatibus
2215 1186 2321 1207 sacrae
2337 1176 2526 1218 Scriptura,
2543 1178 2640 1209 etiam

1572 1219 1703 1259 singulis
1727 1218 1767 1249 ad
1790 1219 1923 1259 singula.

1628 1263 1664 1294 11.
1681 1263 1829 1294 Recolito
1849 1264 1911 1300 hic,
1929 1273 1966 1294 ex
1982 1263 2088 1294 Prima
2104 1263 2281 1301 Secundae,
2299 1274 2354 1305 qu.
2368 1275 2419 1302 cn,
2436 1270 2492 1296 art.
2507 1265 2537 1302 3,
2554 1265 2595 1297 ad
2605 1265 2637 1304 8,

1571 1308 1684 1348 triplex
1708 1307 1806 1338 fuisse
1829 1307 1973 1338 sacrificii
1995 1317 2097 1349 genus
2120 1309 2153 1339 in
2176 1309 2275 1340 veteri
2291 1309 2513 1340 Testamento:
2544 1309 2639 1342 holo-

1572 1357 1728 1388 caustum,
1752 1352 1891 1383 hostiam
1914 1361 1974 1392 pro
1997 1358 2149 1393 peccato,
2174 1358 2205 1383 et
2227 1353 2365 1384 hostiam
2387 1353 2565 1394 pacificam.
2597 1354 2640 1393 Et

1571 1397 1798 1427 holocaustum
1827 1396 1960 1436 quidem
1989 1396 2194 1437 perfectionis
2216 1398 2311 1428 statui
2334 1407 2528 1429 consonare:
2561 1399 2639 1439 quia

1570 1446 1677 1471 totum
1700 1441 1948 1471 comburebatur
1970 1441 2004 1471 in
2027 1441 2186 1472 honorem
2209 1441 2280 1472 Dei.
2309 1441 2458 1472 Hostiam
2480 1451 2557 1473 vero
2580 1451 2638 1483 pa-

1571 1485 1696 1516 cificam
1720 1484 1760 1515 ad
1782 1484 1946 1525 profectus
1962 1490 2079 1516 statum
2101 1486 2270 1526 pertinere,
2291 1487 2348 1526 qui
2364 1496 2402 1516 ex
2417 1486 2489 1517 Deo
2504 1495 2563 1527 per
2576 1487 2638 1519 mi-

1570 1529 1696 1565 nistros,
1720 1529 1813 1559 nobis
1837 1530 2095 1569 cooperantibus,
2120 1535 2184 1560 est:
2211 1530 2246 1560 in
2268 1534 2330 1560 tres
2353 1530 2440 1561 enim
2461 1535 2568 1570 partes
2589 1529 2638 1562 di-

1569 1572 1751 1609 videbatur,
1775 1582 1874 1603 unam
1897 1573 1968 1604 Deo
1991 1574 2174 1610 incensam,
2199 1573 2293 1604 aliam
2315 1575 2350 1604 in
2371 1583 2468 1605 usum
2490 1572 2639 1608 sacerdo-

1569 1623 1650 1654 tum,
1674 1618 1798 1648 tertiam
1821 1617 1855 1647 in
1877 1626 1974 1648 usum
1997 1617 2218 1654 offerentium3
2243 1618 2309 1648 sive
2331 1627 2391 1658 pro
2410 1617 2574 1651 beneficiis
2587 1628 2638 1661 re-

1571 1662 1687 1702 ceptis,
1711 1661 1778 1692 sive
1805 1660 2012 1701 recipiendis,
2043 1667 2135 1692 esset.
2169 1662 2284 1693 Hostia
2306 1671 2383 1693 vero
2412 1671 2473 1703 pro
2502 1667 2638 1705 peceato

1570 1711 1687 1736 statum
1710 1706 1947 1746 poenitentium
1970 1711 2142 1736 monstrat:
2167 1711 2199 1736 et
2220 1706 2255 1737 in
2278 1705 2357 1737 duas
2379 1707 2544 1738 secabatur
2564 1716 2637 1749 pnt-

1569 1756 1633 1787 tes,
1661 1759 1760 1780 unam
1783 1749 1855 1780 Deo
1878 1750 2058 1787 incensam,
2087 1750 2218 1781 alteram
2240 1751 2275 1781 in
2297 1760 2394 1781 usum
2417 1750 2636 1790 sacerdotum,

1570 1795 1646 1834 quia
1668 1794 1812 1824 remissio
1835 1799 2044 1834 peccatorum
2073 1803 2142 1825 non
2164 1804 2182 1824 a
2204 1799 2362 1835 potestate
2385 1799 2512 1832 nostra,
2539 1795 2597 1828 sed
2618 1805 2638 1828 a

1569 1838 1641 1868 Deo
1665 1847 1722 1878 per
1743 1838 1905 1868 ministros
1929 1843 1990 1875 est;
2013 1838 2074 1869 nisi
2094 1847 2154 1879 pro
2170 1839 2308 1879 propriis
2323 1838 2495 1870 sacerdotis
2509 1839 2562 1871 vel
2575 1848 2637 1881 po-

1569 1882 1637 1922 puli
1661 1882 1799 1922 peccatis
1823 1881 1998 1918 offerretur,
2023 1883 2099 1922 quia
2118 1887 2197 1913 tunc
2218 1883 2307 1913 nulla
2322 1888 2388 1914 erat
2401 1892 2475 1923 pars
2489 1883 2636 1916 sacerdo-

1568 1931 1648 1956 tum.
1667 1925 1770 1962 Unde,
1787 1926 1863 1966 quia
1878 1926 2059 1956 humanitas
2072 1925 2189 1957 Christi
2204 1936 2264 1967 pro
2281 1927 2432 1958 omnibus
2447 1927 2515 1959 istis
2530 1927 2638 1962 oblata

1568 1969 1629 2000 fuit
1651 1970 1690 2000 ab
1713 1970 1871 2010 ipsomet,
1896 1969 1970 2000 ideo
1998 1969 2112 2001 dicitur
2138 1971 2172 2001 in
2194 1970 2297 2002 littera
2324 1970 2415 2011 quod
2442 1970 2504 2002 fuit
2529 1971 2636 2004 hostia

1562 2014 1725 2055 perfecta,
1750 2019 1864 2054 utpote
1888 2014 2022 2044 existens
2045 2014 2141 2045 simul
2165 2020 2196 2045 et
2217 2014 2321 2046 hostia
2343 2025 2403 2056 pro
2425 2021 2579 2056 peccato,
2604 2023 2637 2048 et

1568 2059 1672 2088 hostia
1690 2057 1833 2098 pacifica,
1859 2063 1890 2089 et
1911 2058 2149 2089 holocaustum.

1254 2225 1572 2267 ARTICULUS
1601 2225 1831 2268 TERTIUS

774 2328 930 2360 UTRUM
953 2327 1179 2359 EFFECTUS
1199 2327 1460 2359 SACERDOTII
1485 2327 1658 2359 CHRISTI
1682 2328 1748 2359 SIT
1772 2327 1975 2359 EXPIATlo
1999 2328 2318 2361 PECCATORUM.

1336 2414 1381 2440 Ad
1399 2414 1481 2444 Helu,
1501 2422 1557 2447 cap.
1576 2422 1610 2446 tx,
1629 2415 1687 2441 lect.
1706 2422 1744 2441 ιιι.

475 2528 545 2585 730
565 2532 622 2560 μς(
659 2528 682 2552 D
700 2526 859 2552 TERTIUM
887 2526 939 2551 s1c
958 2525 1195 2551 PRocanrrua.
1225 2512 1386 2550 Videtur
1405 2513 1512 2562 quod

492 2564 526 2626 ᾖ
576 2556 641 2628 {⁴²32
661 2569 818 2605 effeetus
846 2567 1046 2604 sacerdotii
1066 2572 1083 2588 ‘²
1112 2566 1253 2603 Christi
1276 2578 1357 2603 non
1385 2566 1431 2603 sit
1449 2578 1512 2603 ex-

467 2621 508 2667 '5‘
544 2654 546 2658 ,
565 2640 587 2666 4
602 2609 630 2669 ’ἦ
644 2618 777 2671 piatio
796 2628 1055 2670 peccatorum.
1087 2619 1215 2657 Solius
1235 2619 1339 2656 enim
1366 2618 1439 2656 Dei
1459 2626 1514 2656 est

506 2647 603 2707 ἐῶ)
618 2664 816 2724 &peccata
844 2673 989 2710 delere:
1026 2673 1243 2710 secundum
1275 2672 1369 2710 illud
1396 2672 1513 2709 Isaiae

450 2727 588 2764 XL111*:
626 2729 712 2777 Ego
746 2739 828 2764 sum
856 2728 919 2776 qui
945 2727 1048 2764 deleo
1083 2728 1287 2776 iniquitates
1320 2731 1401 2763 tuas
1422 2739 1513 2775 pro-

444 2786 530 2830 pter
556 2792 625 2817 me.
656 2780 733 2818 Sed
762 2779 936 2817 Christus
970 2791 1051 2817 non
1079 2787 1134 2816 est
1166 2779 1344 2817 sacerdos
1378 2790 1513 2815 secun-

451 2834 547 2870 dum
584 2834 691 2882 quod
728 2834 853 2879 Deus,
882 2833 949 2870 sed
984 2833 1201 2870 secundum
1236 2831 1344 2881 quod
1378 2832 1511 2869 homo.

451 2887 552 2935 Ergo
572 2886 828 2923 sacerdotium
844 2885 983 2924 Christi
1002 2898 1082 2923 non
1101 2893 1157 2923 est
1176 2885 1412 2935 expiativum
1425 2897 1513 2934 pec-

451 2947 636 2976 catorum.

506 3003 540 3029 2.
570 2993 800 3037 PRAETEREA,
828 2993 1036 3041 Apostolus
1065 2991 1165 3038 dicit,
1192 2992 1290 3029 Heh.
1311 3004 1335 3029 x
1353 2991 1384 3037 ²¹²,
1405 2991 1513 3041 quod

451 3045 595 3082 hostiae
616 3045 753 3082 veteris
767 3045 1003 3082 Testamenti
1030 3058 1104 3083 non
1118 3050 1320 3095 potuerunt
1327 3045 1513 3095 perfectos

441 3099 598 3146 facere:
624 3099 786 3147 alioquin
806 3105 1002 3135 cessassent
1021 3098 1162 3147 offerri,
1183 3110 1226 3135 eo
1255 3098 1354 3148 quod
1371 3098 1512 3135 nullam

452 3152 626 3188 haberent
653 3153 914 3188 conscientiam
932 3153 1079 3200 peccati
1104 3152 1261 3188 cultores
1287 3152 1514 3200 sufficienter

451 3204 563 3240 semel
581 3203 749 3240 mundati
754 3216 766 3246 ,·
783 3204 848 3240 sed
866 3205 902 3240 in
923 3205 1008 3253 ipsis
1026 3206 1330 3242 commemoratio
1343 3210 1512 3254 peccato-

454 3269 537 3293 rum
555 3268 624 3305 per
639 3255 805 3305 singulos
819 3268 938 3292 annos
946 3259 1005 3303 fit.
1027 3257 1104 3294 Sed
1123 3257 1292 3294 similiter
1306 3258 1378 3294 sub
1393 3269 1512 3294 sacer-

455 3308 559 3345 dotio
580 3308 718 3346 Christi
738 3308 780 3344 fit
807 3309 1126 3346 commemoratio
1146 3318 1405 3358 peccatorum,
1421 3322 1513 3348 cum

455 3361 602 3406 dicitur,
629 3362 780 3398 Dimitte
807 3362 910 3398 nobis
938 3361 1056 3398 debita
1086 3368 1231 3409 nostra,
1260 3364 1395 3400 Matth.
1420 3375 1455 3400 vt
1480 3362 1511 3400 ⁸⁸.

458 3413 627 3450 Offertur
653 3413 768 3450 etiam
796 3412 976 3450 continue
1003 3413 1232 3451 sacrificium
1260 3415 1299 3452 in
1325 3416 1511 3453 Ecclesia:

218 3445 228 3455 ⁸
242 3443 308 3466 ven.
321 3451 358 3470 n:
373 3444 428 3466 Luc.

215 3477 268 3498 car>-
284 3477 316 3498 ιι,
336 3477 429 3499 ven—³·
457 3465 559 3502 unde
588 3465 731 3503 ibidem
749 3465 769 3487 '¹'
797 3465 943 3510 dicitur,
973 3466 1114 3502 Panem
1143 3472 1307 3504 nostrum
1336 3469 1513 3517 quotidia-

212 2733 225 2743 ·
237 2732 304 2754 Vera.
318 2738 349 2761 25.

213 2995 225 3006 ·
239 2995 304 3017 Vera.
324 3002 343 3022 ι,
356 3001 377 3022 2,
391 3002 411 3024 3.

216 3366 229 3377 ·
243 3365 308 3387 Vero.
322 3371 354 3388 η.

511 3597 538 3630 α)
556 3597 708 3623 sacerdotii.
726 3612 744 3616 —
763 3597 825 3622 sDG
844 3602 869 3622 et
888 3597 1027 3626 editiones3
1047 3596 1180 3630 sacrificii.

1567 2525 1657 2550 num
1676 2513 1724 2550 da
1744 2515 1848 2551 nobis
1874 2513 1992 2551 hodie.
2021 2514 2124 2562 Ergo
2142 2525 2212 2563 per
2239 2513 2497 2552 sacerdotium
2524 2513 2635 2553 Chri-

1567 2566 1613 2603 sti
1640 2578 1721 2603 non
1750 2565 1953 2616 expiantur
1978 2574 2145 2616 peccata.

1623 2619 1657 2656 3.
1687 2621 1920 2665 PRAETEREA,
1939 2631 2011 2669 pro
2031 2618 2188 2669 peccato
2208 2618 2223 2649 β
2250 2619 2291 2657 in
2308 2619 2427 2658 veteri
2445 2621 2527 2670 lege
2550 2632 2634 2659 ma-

1567 2672 1669 2710 xime
1697 2673 1972 2710 immolabatur
1998 2672 2128 2710 hircus
2155 2684 2228 2722 pro
2254 2680 2413 2722 peccato
2438 2672 2632 2724 principis,

1567 2727 1629 2763 vel
1657 2738 1773 2775 capra
1806 2737 1877 2775 pro
1905 2733 2063 2776 peccato
2098 2726 2258 2764 alicuius
2293 2726 2342 2763 de
2375 2728 2543 2776 populo,
2569 2727 2634 2773 vel

1568 2779 1710 2816 vitulus
1729 2791 1800 2829 pro
1819 2787 1978 2829 peccato
1998 2779 2221 2817 sacerdotis:
2244 2786 2287 2816 ut
2304 2786 2408 2829 patet
2421 2781 2535 2818 Levit.
2549 2779 2631 2819 nt*-
2660 2787 2671 2799 ⁸

1569 2833 1646 2870 Sed
1671 2832 1844 2870 Christus
1863 2832 1957 2870 nulli
1985 2833 2129 2870 horum
2147 2839 2404 2882 comparatur,
2425 2833 2494 2871 sed
2511 2844 2630 2882 agno:

1568 2886 1785 2925 secundum
1816 2885 1911 2923 illud
1945 2886 2078 2923 Ierem.
2109 2897 2145 2923 x1
2169 2885 2208 2923 *ε
2247 2887 2334 2936 Ego
2368 2887 2475 2936 quasi
2508 2894 2670 2938 agnus·

1567 2945 1779 2976 mansuetus
1806 2940 1870 2988 qui
1889 2945 2064 2989 portatur
2090 2939 2142 2977 ad
2165 2940 2364 2977 victimam.
2398 2939 2500 2988 Ergo
2527 2938 2632 2978 vide-

1567 2999 1630 3029 tur
1657 2992 1765 3042 quod
1799 2992 1882 3030 eius
1910 2991 2167 3030 sacerdotium
2201 3003 2283 3030 non
2314 2991 2361 3029 sit
2394 2991 2631 3042 expiativum

1567 3052 1827 3095 peccatorum.

1621 3098 1695 3136 SED
1715 3111 1859 3136 CONTRA
1878 3111 1944 3137 EST
1962 3099 2070 3149 quod
2090 3097 2179 3136 dicit
2193 3099 2413 3148 Apostolus,
2427 3099 2526 3136 Heb.
2540 3109 2576 3135 tx
2587 3096 2627 3136 *t
2657 3103 2669 3115 ⁸

1567 3153 1730 3202 Sanguis
1751 3153 1897 3199 Christi,
1918 3154 1982 3202 qui
1991 3164 2065 3202 per
2082 3153 2259 3202 Spiritum
2276 3152 2454 3190 Sanctum
2470 3152 2630 3201 seipsum

1567 3205 1693 3242 obtulit
1719 3206 1998 3243 immaculatum
2025 3206 2124 3252 Deo,
2153 3205 2365 3243 emundabit
2390 3205 2631 3242 conscientias

1568 3263 1711 3295 nostras
1738 3260 1786 3296 ab
1814 3259 1985 3308 operibus
2011 3259 2184 3304 mortuis,
2210 3258 2262 3295 ad
2285 3257 2518 3296 serviendum
2546 3257 2629 3296 Deo

1566 3312 1712 3349 viventi.
1752 3311 1883 3361 Opera
1910 3319 2041 3349 autem
2068 3318 2222 3348 mortua
2255 3310 2436 3349 dicuntur
2461 3317 2628 3360 peccata.

1568 3365 1669 3412 Ergo
1698 3364 1956 3402 sacerdotium
1984 3363 2124 3402 Christi
2142 3363 2258 3401 habet
2283 3362 2466 3401 virtutem
2492 3374 2630 3401 emun-

1568 3416 1686 3454 dandi
1713 3425 1879 3466 peccata.

1621 3470 1845 3508 Resromnso
1880 3481 2062 3508 mensuum
2096 3470 2204 3519 quod
2231 3469 2280 3507 ad
2307 3469 2514 3520 perfectam
2540 3480 2629 3519 pec·

1623 3599 1649 3634 β)
1664 3607 1717 3632 pro
1733 3604 1852 3632 peccato.
1869 3613 1889 3620 -
1906 3600 1967 3626 Om.
1987 3600 2039 3626 Po.
