2872 3970
277 1323 287 1334 ⁶
310 1322 346 1343 Cf.
370 1327 417 1349 arg.
441 1321 489 1342 Sed

276 1351 337 1370 conl.
455 1359 459 1363 -

276 1639 286 1649 ⁸
301 1638 424 1660 Commeat.
448 1638 487 1659 lib.

275 1665 316 1690 lv,
324 1664 353 1686 ad
361 1669 411 1692 cap.
418 1670 487 1691 xxvn,

275 1697 333 1713 vers.
348 1697 384 1718 ⁴5·

277 2056 287 2066 ·
301 2055 325 2076 S.
341 2054 387 2091 '¹7¹4
404 2054 457 2076 lect.
473 2060 489 2076 ι.

278 2276 289 2286 ⁸
302 2275 379 2296 'ri-act.
392 2274 487 2296 XXXV.

376 2319 387 2336 ε

282 2900 293 2911 ·
300 2900 426 2928 capavum
433 2907 492 2922 vers.

283 2933 318 2948 «ιο.

513 303 591 339 424

513 421 583 458 fuit
609 429 651 457 ut
680 421 853 458 Christus
876 419 1060 457 miracula
1078 419 1215 456 faceret
1243 418 1357 455 etiam
1376 417 1475 454 circa
1494 427 1576 453 cae-

515 473 620 510 lestia
649 485 822 523 corpora.
1416 504 1418 506 ,

568 527 625 563 An
654 538 788 564 patmon
817 537 915 563 ERGO
943 536 1123 562 mensuum
1156 522 1284 572 quod,
1313 522 1410 559 sicut
1443 532 1576 571 corpo-

515 578 620 616 ribus
648 577 888 616 inferioribus
915 577 1085 615 naturale
1114 583 1170 612 est
1197 574 1346 612 moveri
1374 586 1397 612 a
1415 572 1578 611 caelesti-

515 631 589 669 bus
616 630 858 681 corporibus,
887 642 987 679 quae
1015 636 1103 666 sunt
1131 627 1330 676 superiora
1362 627 1578 664 secundum

515 691 674 721 naturae
702 683 897 728 ordinem;
926 682 975 719 ita
1003 681 1117 718 etiam
1145 681 1315 717 naturale
1344 687 1399 716 est
1426 678 1579 716 cuilibet

515 744 709 773 creaturae
737 743 780 773 ut
806 741 1081 772 transmutetur
1099 745 1121 770 a
1139 734 1224 770 Deo
1252 732 1468 770 secundum
1497 731 1579 768 eius

515 790 764 826 voluntatem.
795 788 906 825 Unde
933 785 1168 835 Augustinus
1187 785 1286 832 dicit,
1306 785 1429 822 XXVI
1449 789 1579 822 contra

515 843 693 880 Faustum
711 840 742 886 ⁴⁸,
763 848 799 877 et
818 840 980 877 habetur
998 839 1038 876 in
1058 839 1194 887 Glossa
1207 837 1248 859 ³¹⁶*
1269 839 1381 875 Rom.
1397 849 1444 883 xi,
1464 848 1580 886 super

516 893 608 931 illud
626 894 663 940 ²¹⁵,
706 895 846 930 Contra
883 898 1057 929 naturam
1095 893 1250 928 insertus
1285 902 1322 927 es
1347 897 1435 926 etc.:
1464 891 1578 936 Deus,

519 947 677 983 Creator
712 951 745 982 et
785 945 964 982 Conditor
999 945 1166 981 omnium
1208 949 1430 980 naturarum
1444 971 1455 989 ,
1491 943 1581 979 nihil

515 1004 648 1036 contra
660 1004 833 1035 naturam
842 998 941 1046 facit
954 996 984 1033 *z
1001 998 1088 1046 quia
1103 996 1142 1033 id
1153 1001 1204 1032 est
1217 997 1349 1045 cuique
1362 997 1419 1032 rei
1431 1001 1578 1042 natura,

515 1051 615 1100 quod
629 1051 737 1099 facit.
767 1051 815 1087 Et
842 1049 892 1087 ita
920 1061 999 1086 non
1019 1048 1279 1097 corrumpitur
1297 1056 1433 1086 natura
1460 1049 1579 1087 caele—

515 1103 630 1141 stium
658 1115 868 1153 corporum
900 1114 990 1139 cum
1020 1113 1158 1138 eorum
1185 1113 1321 1138 cursus
1354 1101 1581 1139 immutatur

515 1169 538 1193 a
565 1157 650 1194 Deo
669 1162 702 1193 γε
732 1162 1044 1204 corrumperetur
1071 1161 1199 1191 autem
1229 1153 1260 1191 si
1288 1154 1337 1191 ab
1360 1153 1488 1203 aliqua
1507 1153 1580 1190 alia

515 1221 631 1246 causa
659 1207 957 1247 immutaretur.'

568 1263 624 1298 An
648 1273 837 1299 SECUNDUM
855 1272 1037 1298 memnon
1065 1260 1173 1309 quod
1200 1271 1273 1309 per
1297 1259 1529 1298 miraculum
1557 1271 1580 1296 a

516 1314 667 1351 Christo
686 1314 829 1351 facturn
847 1313 867 1335 '¹‘
894 1325 974 1350 non
994 1320 1048 1350 est
1076 1324 1280 1362 perversus
1308 1313 1406 1351 ordo
1429 1319 1579 1362 tempo—

515 1379 615 1405 rum.
644 1367 749 1404 Nam
777 1366 994 1404 secundum
1021 1365 1235 1414 quosdam,
1263 1364 1348 1404 illae
1376 1365 1578 1410 tenebrae,

514 1421 576 1458 vel
603 1419 691 1458 solis
719 1418 950 1465 obscuratio,
970 1430 1070 1467 quae
1098 1418 1137 1455 in
1160 1417 1341 1468 passione
1359 1417 1500 1455 Christi
1518 1429 1580 1455 ac—

515 1472 615 1518 cidit,
644 1472 713 1509 suit
739 1480 896 1521 propter
923 1472 998 1508 hoc
1026 1471 1133 1520 quod
1162 1473 1219 1508 sol
1247 1483 1338 1508 suos
1366 1470 1494 1508 radios
1521 1482 1578 1507 re-

514 1526 634 1569 traxit,
656 1526 759 1561 nulla
787 1523 1054 1561 immutatione
1082 1524 1178 1561 facta
1206 1523 1304 1561 circa
1323 1530 1477 1562 motum
1495 1535 1578 1561 cae-

514 1577 665 1615 lestium
680 1589 902 1627 corporum,
919 1577 1134 1615 secundum
1150 1589 1269 1626 quern
1284 1583 1460 1626 tempora
1474 1588 1579 1614 men-

514 1639 702 1669 surantur.
723 1630 836 1668 Unde
855 1630 1119 1679 Hieronymus
1137 1629 1238 1675 dicit,
1256 1642 1369 1679 super
1382 1630 1517 1668 Matth.
1537 1628 1576 1666 *ε

521 1684 670 1720 Videtur
697 1684 882 1721 luminare
909 1684 1030 1720 maius
1057 1684 1256 1720 retraxisse
1274 1683 1398 1720 radios
1414 1694 1512 1729 suos,
1533 1695 1581 1720 ne

513 1742 576 1774 aut
598 1737 819 1785 pendentem
847 1736 985 1774 videret
1010 1737 1233 1782 Dominum,
1262 1741 1326 1772 aut
1353 1737 1460 1785 impii
1483 1735 1578 1772 blas-

508 1791 725 1838 phemantes
751 1801 819 1826 sua
847 1789 929 1825 luce
945 1789 1180 1836 fruerentur.
1201 1811 1226 1815 —
1246 1787 1350 1825 Talis
1371 1795 1502 1825 autem
1521 1799 1578 1825 re-

513 1841 644 1878 tractio
671 1841 869 1878 radiorum
888 1853 967 1877 non
988 1848 1042 1877 est
1061 1840 1114 1877 sic
1133 1840 1374 1888 intelligenda
1393 1840 1502 1890 quasi
1522 1842 1578 1877 sol

514 1894 553 1931 in
581 1906 650 1931 sua
677 1901 861 1943 potestate
897 1893 1035 1930 habeat
1072 1893 1199 1930 radios
1233 1892 1403 1930 emittere
1431 1894 1493 1929 vel
1521 1905 1577 1929 re-

514 1948 681 1984 trahere:
712 1958 791 1983 non
827 1945 930 1982 enim
966 1958 1012 1982 ex
1040 1945 1243 1992 electione,
1272 1945 1339 1982 sed
1368 1957 1414 1982 ex
1442 1953 1578 1982 natura

515 1999 642 2036 radios
671 1998 815 2044 emittit,
845 2006 886 2035 ut
915 1997 1003 2035 dicit
1030 1998 1250 2048 DionysiuS,
1271 2010 1305 2035 ιν
1324 2009 1406 2047 cap.
1428 1998 1473 2035 de
1491 1999 1576 2036 Div.

514 2053 629 2089 Nom.
645 2051 676 2088 ²⁸.
694 2051 770 2089 Sed
789 2052 847 2088 sol
864 2050 1001 2088 dicitur
1019 2052 1210 2088 retrahere
1225 2049 1238 2073 δ
1257 2050 1397 2096 radios,
1415 2050 1578 2100 inquan-

514 2113 598 2142 tum
626 2104 756 2141 divina
783 2103 920 2140 virtute
947 2103 1090 2141 factum
1118 2111 1173 2140 est
1206 2111 1248 2140 ut
1280 2103 1369 2140 solis
1398 2103 1492 2140 radii
1529 2104 1578 2140 ad

514 2165 653 2194 terram
682 2169 761 2193 non
789 2156 1043 2205 pervenirent.

569 2209 753 2258 Origenes
781 2217 911 2246 autem
940 2209 1028 2246 dicit
1056 2210 1131 2246 hoc
1159 2208 1338 2246 accidisse
1366 2220 1436 2258 per
1466 2209 1579 2247 inter-

514 2262 746 2312 positionem
774 2261 950 2299 nubium.
980 2262 1103 2307 Unde,
1126 2274 1238 2312 super
1261 2263 1396 2300 Matth.
1416 2261 1448 2308 ²¹²,
1469 2262 1578 2301 dicit:

518 2317 753 2365 Consequens
772 2320 783 2336 ²
816 2320 866 2352 est
893 2315 1099 2366 intelligere
1127 2314 1306 2364 quasdam
1333 2316 1578 2354 tenebrosissi-

514 2381 595 2405 mas
630 2370 744 2407 nubes
777 2368 910 2405 multas
944 2373 977 2405 et
1010 2379 1172 2418 magnas
1203 2369 1436 2405 concurrisse
1468 2381 1581 2419 super

514 2421 718 2458 Ierusalem
746 2426 779 2457 et
806 2426 945 2458 terram
973 2421 1159 2465 Iudaeae‚·
1186 2426 1219 2458 et
1246 2420 1327 2458 ideo
1339 2421 1472 2469 saetae
1496 2428 1580 2460 sunt

515 2475 688 2512 tenebrae
709 2473 925 2523 profundae
943 2486 966 2510 a
984 2479 1089 2511 sexta
1108 2474 1202 2511 hora
1222 2485 1335 2522 usque
1357 2473 1409 2511 ad
1425 2487 1576 2512 nonam.

515 2528 690 2565 Arbitror
724 2538 837 2576 ergo,
865 2528 957 2563 sicut
991 2532 1023 2563 et
1058 2532 1179 2564 cetera
1213 2527 1323 2576 signa
1358 2539 1453 2576 quae
1468 2527 1579 2576 facta

515 2585 598 2616 sunt
626 2581 662 2616 in
682 2581 869 2629 passione,
899 2578 1036 2616 scilicet
1065 2579 1164 2629 quod
1187 2579 1310 2616 velum
1338 2585 1389 2617 est
1413 2581 1578 2627 scissum,

517 2632 616 2682 quod
638 2638 738 2669 terra
763 2633 921 2677 tremuit,
937 2639 1018 2678 etc.,
1038 2634 1076 2669 in
1095 2632 1302 2670 Ierusalem
1324 2633 1579 2671 tantummodo

507 2686 616 2733 facta
644 2691 746 2731 sunt,
776 2686 825 2722 ita
852 2690 886 2720 et
912 2685 1002 2721 hoc:
1036 2691 1099 2722 aut
1125 2686 1158 2722 si
1182 2685 1291 2722 latius
1317 2685 1473 2723 voluerit
1501 2687 1580 2736 quis

517 2737 715 2775 extendere
741 2737 792 2774 ad
817 2743 956 2774 terram
983 2738 1159 2783 Iudaeae,
1185 2745 1343 2788 propter
1369 2739 1446 2775 hoc
1473 2739 1579 2788 quod

518 2789 654 2827 dicitur
681 2789 788 2839 quod
820 2791 1034 2827 «tenebrae
1056 2791 1189 2838 factae
1218 2797 1302 2828 sunt
1334 2792 1371 2828 in
1407 2793 1580 2830 universa

518 2849 618 2880 terra
645 2855 679 2889 »3
714 2842 812 2892 quod
844 2842 1094 2893 intelligiturt
1127 2843 1171 2880 de
1202 2849 1304 2881 terra
1334 2843 1498 2890 Iudaea,
1532 2846 1579 2882 si-

518 2901 578 2933 cut
611 2897 648 2932 in
677 2897 747 2932 III
769 2896 864 2933 libro
887 2897 1037 2946 Regum
1052 2895 1072 2917 *
1090 2896 1183 2934 dixit
1204 2896 1344 2935 Abdias
1371 2897 1423 2935 ad
1442 2897 1580 2943 Eliam,

522 2963 540 2981 «
567 2949 658 2986 Vivit
681 2949 781 2985 Deus
808 2954 907 2995 tuus,
935 2950 968 2986 si
988 2954 1005 2976 η
1034 2954 1085 2985 est
1117 2960 1212 2999 gens
1239 2955 1302 2987 aut
1329 2961 1490 3000 regnum
1519 2951 1583 2988 ubi

520 3013 593 3037 non
630 3002 767 3038 miserit
794 3001 964 3038 dominus
992 3014 1095 3038 meus
1128 3014 1307 3052 quaerere
1332 3008 1367 3040 te
1394 3018 1433 3050 »,
1464 3009 1580 3040 osten-

520 3053 607 3090 dens
627 3053 727 3102 quod
748 3066 832 3091 eum
862 3056 1118 3104 quaesiverunt
1137 3057 1174 3092 in
1193 3057 1363 3105 gentibus
1387 3068 1481 3106 quae
1498 3061 1582 3094 sunt

520 3107 621 3143 circa
648 3106 840 3144 Iudaeam.

574 3158 649 3195 Sed
678 3157 776 3196 circa
804 3159 879 3197 hoc
907 3159 1026 3208 magis
1047 3168 1102 3197 est
1123 3160 1360 3199 credendum
1379 3160 1581 3211 Dionysio,

521 3209 587 3259 qui
617 3211 767 3248 oculata
792 3209 805 3232 ⁰
833 3211 910 3250 fide
939 3211 1100 3262 inspexit
1121 3213 1197 3251 hoc
1223 3213 1403 3252 accidisse
1431 3226 1501 3264 per
1524 3213 1580 3252 in-

520 3262 807 3312 terpositionem
823 3264 935 3300 lunae
951 3263 1047 3302 inter
1061 3277 1132 3302 nos
1147 3273 1183 3303 et
1197 3266 1330 3304 solem.
1351 3266 1450 3304 Dicit
1464 3266 1581 3314 enim,

574 3372 601 3432 3)
621 3382 637 3399 a
659 3375 724 3399 Deo.
741 3389 760 3394 —
778 3374 821 3399 EF
840 3380 865 3400 et
883 3375 970 3406 tertin;
990 3383 1044 3401 om.

594 3412 601 3439 1
620 3410 764 3435 retrahere.
782 3424 802 3429 -
821 3410 971 3435 retraxisse
989 3411 1016 3435 Ρ.

576 3447 599 3475 ι)
619 3445 793 3477 Consequens.
810 3458 831 3463 —
850 3445 1014 3471 Conveniens
1032 3446 1073 3471 ed.
1091 3453 1108 3471 a
1127 3452 1152 3472 et
1170 3447 1242 3472 tertia
1334 3456 1363 3473 er
1381 3449 1400 3474 1.

575 3478 601 3510 ζ)
621 3479 786 3512 intelligitur.
805 3494 824 3499 -
843 3479 892 3509 Ρα;
913 3480 1045 3505 intellexit
1064 3481 1152 3511 Gflbc,
1172 3482 1298 3515 ineaeIltgit
1316 3485 1400 3508 ceteri.

577 3514 603 3545 τ.)
624 3514 695 3539 Deus
715 3518 783 3543 tuus,
797 3515 857 3540 112-
875 3515 1005 3540 Dominus
1020 3515 1093 3540 Deus
1111 3519 1172 3541 tuus
1190 3517 1253 3549 qula
1272 3524 1323 3543 nou
1339 3518 1399 3543 Ρ.-
1412 3518 1462 3543 Pro
1481 3519 1583 3551 quaesi-

525 3551 628 3577 verunt,
648 3556 715 3581 quae
725 3551 840 3582 suerunt
860 3550 891 3578 Η,
929 3557 979 3575 uae
996 3550 1084 3575 sclunt
1102 3551 1126 3579 θ.
1146 3552 1305 3583 quaesiverit
1323 3552 1356 3584 lc,
1374 3553 1542 3587 quaesiverat
1554 3554 1582 3579 P.

577 3581 601 3613 Θ)
621 3585 734 3608 oculata.
752 3598 771 3603 -·
789 3585 891 3610 occulta
933 3584 1042 3617 EFHpG
1062 3590 1086 3610 et
1105 3585 1128 3615 b,
1147 3586 1280 3611 occultata
1300 3586 1316 3611 l.

578 3622 596 3651 ι)
614 3623 756 3644 conventus
776 3623 886 3651 tempus.
897 3634 917 3639 -
929 3620 964 3649 C;
983 3623 1126 3645 conventus
1145 3621 1185 3645 ve!
1198 3621 1355 3646 conveniens
1370 3625 1472 3654 tempus
1486 3622 1581 3655 ABpD,

1196 287 1460 335 QUAESTIO
1488 285 1627 332 XLIV,
1660 286 1952 326 ARTICULUS
1979 288 2010 325 11

513 368 714 406 secundum
741 381 849 406 suum
876 379 1098 405 sermonem.
1141 367 1189 403 Et
1216 366 1304 403 ideo
1341 363 1576 402 conveniens
1631 363 1670 400 in
1699 363 1869 412 Epistola
1895 365 1947 402 ad
1970 365 2226 414 Polycarpum
2248 365 2288 402 *ε
2317 367 2390 404 Ino
2423 367 2430 375 ¹

2484 367 2554 404 lm
2601 367 2694 407 ,w

1631 415 1760 453 lunam
1789 417 2006 454 incidentem
2032 417 2258 464 videbamus,
2284 417 2324 455 in
2351 419 2530 472 Aegypto
2548 416 2692 465 scilia&

1631 467 1843 516 existentes,
1863 477 1906 507 ut
1932 468 2077 507 ibidem
2096 469 2243 507 dicitur.
2272 470 2321 509 Et
2339 470 2511 520 designat
2526 469 2586 518 ibi*
2596 468 2691 532 ‘1¹¹5‘

1631 527 1720 559 tuor
1737 521 1932 560 miracula.
1962 521 2144 570 Quorum
2171 521 2344 572 primum
2366 526 2423 561 est
2447 522 2562 574 quod
2578 513 2691 576 nebi}

1632 572 1719 611 ralis
1737 573 1886 623 eclipsis
1903 573 1992 611 solis
2019 586 2090 623 per
2108 574 2439 624 interpositionem
2455 577 2571 618 lunae
2591 573 2718 630 mffln‘-

1632 637 1752 674 quam
1779 626 1916 664 accidit
1941 626 2014 664 nisi
2039 634 2214 676 tempore
2241 627 2520 667 coniunctionis
2547 628 2695 670 soh‘sm

1633 679 1758 715 lunae.
1783 679 1898 716 Tunc
1925 686 2053 716 autem
2083 687 2163 717 erat
2189 681 2281 718 luna
2306 680 2347 717 in
2373 680 2622 730 opposffione
2641 680 2753 729 Α

1633 731 1767 778 solem,
1796 730 2081 781 quintadecima
2109 731 2292 770 existens:
2321 732 2413 782 quia
2439 737 2524 771 erat·
2576 734 2598 776 ,’
2625 776 2638 780 ,Δ

1633 783 1878 822 ludaeorum.
1907 784 2019 823 Unde
2038 783 2144 823 dicit:
2169 784 2260 823 Non
2280 787 2379 824 enim
2397 789 2477 825 erat
2493 783 2598 829 eonn'
2624 782 2626 785 ’

1632 841 1774 886 tempus
1791 842 1812 874 ⁸.
1840 858 1867 865 -
1895 836 2121 875 Secundum
2138 837 2371 877 miraculum
2389 846 2445 881 est
2462 839 2581 888 quod,

1633 888 1733 926 circa
1758 890 1900 927 horam
1924 897 2072 927 sextam
2099 890 2190 927 luna
2209 889 2293 928 visa
2308 890 2587 928 fixissetsmml
2609 908 2626 923 ν

1633 943 1714 979 sole
1738 941 1779 979 in
1804 942 1936 979 medio
1961 942 2067 988 caeli,
2094 942 2134 980 in
2159 942 2329 993 vesperis
2351 954 2377 980 <a
2404 943 2531 994 paruit
2554 943 2602 981 in³
2628 961 2641 971 ·v

1633 995 1732 1039 loco,
1753 994 1850 1032 idest
1875 994 1916 1033 in
1943 994 2101 1045 oriente,
2125 995 2302 1046 opposita
2328 1006 2426 1033 so
2445 995 2570 1035 Unde>
2639 999 2643 1006 ⁴

1632 1048 1680 1085 Et
1708 1059 1836 1085 rursus
1863 1049 1982 1098 ipsam
2007 1046 2177 1095 vidimus,
2205 1047 2525 1098 scilicetlunam.s
2540 1061 2566 1094 a

1633 1099 1900 1146 hora‚,sci1icet
1925 1099 1966 1139 in
1993 1112 2072 1150 qua
2102 1100 2256 1141 recessit
2282 1113 2306 1138 a
2332 1102 2433 1147 sole,
2459 1099 2554 1143 cs

1632 1152 1810 1198 tene-bris,
1830 1164 1944 1203 usque
1961 1153 2012 1191 ad
2027 1163 2232 1203 vesperam,
2246 1154 2595 1204 supernatia-alitem
2631 1178 2637 1183 ι

1632 1211 1747 1242 tutam
1770 1206 1822 1243 ad
1846 1205 2067 1243 diametrum
2100 1206 2198 1252 solis,
2218 1205 2257 1243 id
2275 1214 2332 1244 est
2357 1213 2402 1244 ut
2427 1205 2544 1244 diam
2566 1226 2573 1240 -ι
2610 1218 2640 1240 2.

1633 1265 1731 1296 esset
1756 1258 1826 1296 soli
1845 1257 2033 1311 opposita.
2056 1258 2111 1296 'Et
2128 1259 2184 1296 sic
2199 1266 2303 1310 patet
2321 1259 2429 1310 quod
2446 1254 2603 1310 nonest

1633 1310 1743 1349 batus
1771 1319 1978 1350 consuetus
2004 1318 2228 1362 temporum
2254 1323 2409 1352 cursus:
2447 1309 2558 1363 qui&
2594 1352 2597 1354 ,
2731 1324 2742 1345 »ἑ

1632 1363 1773 1402 virtute
1799 1364 1942 1402 factum
1961 1371 2018 1402 est
2043 1371 2080 1403 et
2106 1365 2214 1414 quod
2242 1365 2292 1402 ad
2319 1366 2442 1403 solem
2468 1377 2487 1405 s
2710 1372 2734 1380 ’“

1633 1416 1758 1454 raliter
1770 1417 1968 1454 accederet
1984 1422 2135 1466 praeter
2151 1416 2325 1455 debitum
2344 1370 2724 1470 tempusffi„
2736 1446 2747 1461 J,

1633 1481 1655 1506 a
1676 1471 1756 1507 sole
1774 1470 1968 1516 recedens,
1982 1469 2023 1506 in
2050 1471 2182 1507 locum
2209 1469 2412 1519 proprium
2439 1469 2749 1515 restitum&

1632 1530 1807 1573 tempore
1835 1522 1975 1560 debito.
2005 1545 2030 1549 -
2058 1522 2236 1560 Tertium
2254 1522 2488 1560 miraculum
2505 1519 2706 1582 ‘stiffi

1632 1574 1852 1614 naturaliter
1869 1581 1885 1597 ’‘
1913 1573 2062 1625 eclipsis
2089 1574 2178 1613 solis
2205 1587 2360 1627 semper,
2378 1572 2593 1627 incipit'a'b.

1631 1628 1772 1673 dentali
1799 1636 1906 1678 parte
1938 1635 1975 1665 et
2005 1627 2182 1678 pervenit
2216 1640 2342 1678 usque
2369 1626 2418 1667 ad
2446 1625 2677 1675 mutulen
2715 1628 2724 1634 ⁴
2743 1627 2749 1634 ”

1632 1689 1669 1718 et
1696 1682 1772 1718 hoc
1799 1681 1888 1718 ideo
1915 1681 2008 1730 quia
2034 1682 2126 1718 luna
2153 1681 2372 1718 secundum
2389 1680 2606 1731 propium:

1632 1741 1736 1781 tum,
1772 1745 1853 1783 quo
1886 1741 2067 1771 movetur
2098 1734 2147 1771 ab
2182 1733 2383 1772 occidente
2413 1732 2635 1772 ἰη“’·οι’ἱεειτ

1632 1795 1687 1824 est
1714 1786 1885 1824 velocior
1911 1787 1991 1825 sole
2026 1786 2065 1824 in
2093 1799 2165 1825 suo
2192 1786 2352 1837 proprio
2378 1785 2600 1839 motus'tsstJ
2619 1790 2632 1836 j
2735 1830 2738 1833 ,

1631 1841 1733 1886 luna,
1754 1839 1803 1876 ab
1823 1838 2019 1877 occidente
2035 1838 2209 1886 veniens,
2229 1838 2374 1888 attingit
2398 1840 2534 1878 solem*
2547 1835 2697 1891 eipen-
2715 1837 2754 1890 ff]

1630 1892 1762 1929 transit
1794 1892 1944 1941 ipsum,
1973 1892 2023 1929 ad
2055 1892 2243 1930 orientem
2274 1891 2447 1930 tendens.
2490 1891 2569 1931 Sed
2601 1891 2750 1937 ῒιιιίῡὶῑῑῖἕυ

1631 1946 1724 1982 luna
1750 1944 1828 1982 iam
1855 1944 2149 1994 pertransiverat
2175 1946 2310 1988 solem,
2330 1952 2368 1981 et
2393 1944 2557 1982 distabat
2578 1943 2630 1982 ab
2646 1955 2697 1982 oo
2728 1937 2750 1985 ς’

1631 2009 1702 2047 per
1719 1996 1733 2019 λ
1761 1997 2006 2035 medietatem
2033 1997 2174 2044 circuli,
2194 1997 2234 2034 in
2253 1997 2496 2047 oppositione
2518 1996 2695 2035 existens.
2723 2001 2741 2049 {j

1632 2051 1744 2088 Unde
1785 2050 1956 2099 oportuit
1989 2050 2098 2099 quod
2134 2058 2388 2089 reverteretur
2419 2050 2470 2089 ad
2502 2050 2699 2091 otiemem

1632 2115 1767 2140 versus
1795 2104 1929 2148 solem,
1949 2110 1986 2139 et
2013 2102 2208 2150 attingeret
2226 2102 2355 2152 ipsum
2378 2102 2506 2152 primo
2524 2114 2572 2140 ex
2589 2108 2731 2155 poster

1633 2155 1816 2201 orientali,
1846 2155 2059 2204 procedens
2086 2167 2221 2192 versus
2249 2155 2499 2193 occidentem.
2546 2155 2596 2193 Et
2621 2153 2734 2203 hocf}⁴

1633 2217 1689 2246 est
1716 2208 1825 2258 quod
1856 2207 1962 2246 dicit:
1992 2209 2168 2259 Eclipsim
2203 2210 2313 2247 etiam
2340 2210 2460 2260 ipsam
2486 2220 2586 2261 exv:
2610 2209 2630 2258 ’,
2734 2203 2735 2206 “

1631 2261 1789 2300 vidimus
1816 2262 2027 2300 inchoatam
2056 2267 2089 2299 et
2116 2273 2230 2311 usque
2246 2261 2298 2299 ad
2316 2261 2511 2302 solarem:
2575 2266 2578 2271 ‘

1631 2315 1859 2361 venientem,
1888 2314 1980 2364 quia
2012 2321 2138 2353 totum
2173 2315 2295 2353 solem
2329 2309 2531 2368 eclipsaviis

1633 2369 1719 2406 hinc
1737 2373 1755 2396 μ
1782 2367 2066 2418 regredientem.
2095 2389 2120 2394 —
2149 2367 2344 2416 Quartum
2380 2384 2403 2401 ι·
2453 2383 2490 2399 ι·
2513 2369 2515 2372 ⁴

1634 2421 1741 2470 quod
1769 2420 1808 2459 in
1835 2419 1998 2459 naturali
2026 2419 2156 2470 eclipsi
2191 2431 2237 2458 ex
2265 2419 2403 2461 eadem
2428 2418 2515 2479 par!
2575 2466 2577 2471 ¹

1634 2476 1691 2511 sol
1718 2473 1826 2524 prius
1853 2485 2080 2523 reapparere
2117 2485 2165 2511 ex
2191 2471 2270 2523 qua
2294 2480 2405 2523 parte
2434 2468 2567 2527 incipit

1634 2525 1846 2565 obscurari:
1886 2526 1978 2576 quia
2005 2525 2144 2564 scilicet
2170 2526 2285 2572 luna,
2311 2537 2351 2564 se
2383 2525 2468 2579 soli
2481 2522 2641 2581 subu-a

1633 2641 1724 2679 tem,
1740 2640 1777 2670 et
1794 2631 1844 2670 ita
1862 2639 2013 2683 partem
2025 2630 2300 2672 occidentalem
2315 2629 2417 2678 solis,
2431 2642 2458 2681 q
2508 2679 2513 2685 Ι
2557 2669 2563 2679 ,
2580 2648 2599 2664 -ι
2616 2674 2626 2686 ,⁷
2637 2654 2643 2677 3

1634 2693 1808 2735 occupat,
1824 2685 1951 2734 primo
1971 2684 2086 2738 etiam
2099 2683 2328 2734 derelinquit
2341 2689 2366 2722 ⁸.
2387 2683 2464 2724 Sed
2481 2690 2578 2738 tunc
2601 2701 2607 2718 ι

1634 2739 1863 2776 miraculose
1889 2737 1938 2776 ab
1960 2737 2106 2776 oriente
2126 2749 2261 2776 versus
2279 2735 2519 2777 occidentem
2531 2736 2615 2785 ted!

1634 2803 1715 2829 non
1746 2789 1988 2842 pertransivit
2019 2791 2159 2837 solem,
2193 2797 2236 2828 ut
2273 2789 2374 2828 esset'
2402 2800 2451 2828 eo
2490 2788 2582 2822 mv'·

1635 2843 1741 2882 lior2:
1772 2844 1850 2891 sed,
1870 2850 2078 2894 postquam
2096 2841 2271 2893 pervenit
2288 2841 2338 2880 ad
2356 2841 2574 2893 terminum>

1635 2909 1787 2935 reversa
1814 2904 1870 2934 est
1894 2908 2028 2935 versus
2055 2895 2262 2935 orientem:
2293 2902 2330 2935 et
2355 2893 2407 2935 ita
2431 2901 2582 2945 partem

1635 2962 1756 2999 quam
1782 2949 1918 2988 ultimo
1947 2947 2163 2999 occupavit,
2185 2947 2313 3000 primo
2341 2947 2456 2989 etiam
2471 2943 2531 3002 ‘db‘
2548 2941 2566 2992 J

1635 3003 1684 3040 Et
1702 3002 1755 3040 sic
1783 3015 1828 3040 ex
1847 3010 1953 3052 parte
1973 3000 2147 3040 orientali
2164 3000 2346 3040 inchoata
2360 3000 2431 3042 fuit
2448 2995 2617 3054 eclipsis*

1635 3055 1675 3092 in
1701 3063 1808 3105 parte
1836 3053 2060 3095 occidentali
2086 3053 2193 3104 prius
2220 3052 2387 3104 incoepit
2413 3051 2583 3106 claritas,
2641 3093 2645 3097 ,

1635 3120 1729 3146 rere.
1773 3108 1821 3146 Et
1848 3108 1924 3146 hoc
1952 3115 2008 3145 est
2034 3106 2142 3157 quod
2169 3105 2278 3145 dicit:
2311 3106 2359 3145 Et
2386 3117 2515 3147 rursus
2570 3128 2617 3159 A:

1637 3173 1711 3199 non
1740 3173 1789 3201 ex
1816 3161 1957 3207 eodem,
1980 3159 2090 3207 idest,
2116 3171 2198 3199 non
2224 3171 2271 3199 ex
2298 3157 2439 3198 eadem
2461 3165 2578 3209 parte.
2604 3176 2607 3179 -

2077 3213 2280 3265 gationem,
2297 3210 2366 3252 sed
2384 3223 2406 3251 e
2422 3216 2554 3253 contra
2569 3223 2589 3249 s
2604 3228 2644 3267 ᾗ

2018 3271 2152 3303 actam.

1633 2579 1797 2617 naturali
1823 2591 1894 2617 suo
1918 2586 2029 2617 motu
2051 2579 2173 2618 solem
2199 2577 2402 2629 pertransit
2418 2589 2467 2617 ve
2504 2623 2506 2625 ,
2568 2570 2633 2634 q,-

2607 2649 2619 2668 ,

1635 3219 1669 3251 et
1695 3214 1876 3262 defectum
1904 3219 1938 3251 et
1964 3225 2007 3251 re

1635 3267 1723 3304 dum
1751 3266 1973 3303 diametrum

1637 3381 1781 3406 conventus
1794 3381 1912 3412 tempore
1926 3379 1984 3410 GH,
1997 3377 2154 3405 conveniens
2167 3380 2270 3412 tempus
2282 3377 2359 3405 ceteri
2371 3382 2397 3403 et
2409 3383 2499 3410 margo
2512 3375 2533 3403 C
2545 3382 2560 3404 ι
2573 3382 2586 3403 t

1671 3421 1684 3439 r
1702 3414 1751 3440 vel.
2643 3418 2646 3420 ’

1638 3422 1670 3447 pe
1690 3448 1716 3482 κ)
1735 3449 1904 3476 naturaliter.
1916 3462 1936 3468 -
1954 3448 2088 3477 naturalis
2105 3448 2186 3476 tei-tin.
2197 3461 2217 3468 -
2228 3448 2293 3474 solis
2305 3453 2360 3476 om.
2373 3445 2441 3480 flpG
2453 3451 2481 3473 et
2489 3447 2528 3477 κ,
2541 3450 2603 3479 poet
2614 3445 2708 3486 βιῳ

1637 3489 1737 3517 ponunt
1756 3484 1823 3514 Pso,
1842 3489 1954 3517 utroque
1973 3484 2030 3509 loco
2049 3483 2127 3509 habet
2145 3484 2162 3509 1.

1689 3518 1706 3544 λ
1733 3526 1794 3551 per.
1810 3532 1830 3538 -
1847 3518 1925 3552 quael
1938 3525 1990 3551 per·
2007 3518 2031 3543 H
2051 3524 2076 3544 et
2094 3518 2228 3544 editiones.

1690 3562 1707 3588 μ
1737 3554 1806 3580 hinc.
1823 3568 1843 3573 -
1861 3554 1922 3579 Om.
1941 3553 2023 3580 tertia.

1688 3597 1700 3613 ν
1731 3589 1900 3621 derelinquit.
1918 3602 1938 3608 —
1956 3587 2074 3619 sonan
2093 3588 2220 3621 relinquen
2237 3586 2276 3619 n,
2296 3587 2438 3620 dereliquit
2455 3586 2542 3612 ceteri.

1689 3589 1713 3658 §3
1731 3623 1930 3649 occidentalior.
1940 3628 1961 3643 ¹·-
1974 3624 2008 3654 F;
2027 3623 2193 3649 orientah’or.
2205 3636 2224 3642 -
2237 3623 2295 3648 Mox
2313 3623 2442 3648 orientem
2457 3620 2698 3654 Firmamentum.
2748 3623 2750 3626 ’
2769 3621 2774 3626 “
