2872 3970
229 609 241 618 ·
255 608 290 630 Cf.
307 613 370 629 num.
390 614 438 635 seq.

225 1130 234 1139 ⁴
257 1130 309 1150 Luc.
338 1135 388 1157 cap.
412 1136 432 1156 ι,

223 1162 282 1176 vers.
297 1162 335 1182 44.

224 1184 233 1192 ”
240 1182 275 1203 Ps.
283 1188 341 1209 cxm,
348 1188 433 1209 vers.4.

222 1572 231 1582 ⁴
253 1572 306 1593 Luc.
335 1578 384 1600 cap.
409 1578 429 1599 ι,

220 1604 278 1620 vers.
293 1605 328 1625 ⁴¹·

218 1972 227 1980 ·
240 1971 349 1992 Anibi-os.
361 1971 428 1992 Com-

218 1999 286 2018 ment.
294 1998 317 2018 in
326 1997 379 2018 Luc.
388 1998 426 2019 lib.

219 2023 247 2048 11,
254 2024 280 2044 ad
290 2030 339 2051 cap.
346 2030 360 2049 ι,
370 2030 427 2046 vers.

218 2055 359 2098 35'Ambros.
373 2077 427 2098 ibid.

218 2102 247 2123 ad
266 2109 316 2131 cap.
335 2109 350 2129 ι,
370 2109 428 2125 vers,

217 2130 277 2177 ἒδὸί.
290 2161 352 2177 num.
363 2162 427 2184 prae-

219 2182 269 2203 ced.

220 2211 229 2218 ⁸
244 2208 278 2229 Cf.
298 2213 362 2230 num.
380 2214 427 2236 seq.

219 2236 229 2246 ⁴
245 2235 278 2256 Cf.
294 2241 357 2256 num.
373 2241 412 2256 vu.

223 3069 232 3078 ⁸
241 3069 276 3090 Cf.
289 3075 351 3091 num.
363 3076 427 3098 prac-

219 3095 279 3143 “tegi'‘
296 3127 358 3144 num.
374 3129 420 3150 scri.

219 3499 231 3510 '
247 3499 281 3521 Cf.
298 3505 358 3521 num.
376 3506 395 3520 v.

221 3548 230 3557 '
246 3547 298 3569 cm
314 3546 369 3575 neg.
381 3553 430 3574 cup.

220 3579 275 3599 xvii,
292 3580 349 3595 vers.
364 3579 396 3601 5·-

471 298 547 335 300

1141 428 1471 460 Commentario.
1492 426 1743 459 cardinalis
1764 425 1966 459 Caietani

530 529 637 549 rrULus
661 519 773 549 clarus.
797 536 820 540 -
844 518 879 548 In
897 526 1033 557 corpore
1059 516 1125 547 duo
1146 515 1245 545 fiunt:
1270 515 1387 554 primo,
1412 518 1524 544 tracta-

471 530 579 593 Ttur
605 562 683 604 quid
705 562 904 602 Augustinus
929 561 967 592 de
991 562 1054 591 hoc
1078 559 1259 599 scripserit;
1283 557 1449 593 secundo,
1474 567 1523 588 re-

465 607 641 647 spondetur
665 607 808 647 quaesito
825 607 851 636 '‘.
1214 622 1216 625 ⁴
1527 605 1529 608 ⁴

521 651 638 689 Quoad
663 651 820 691 primurn,
851 650 1049 689 Augustinus
1079 649 1137 678 sub
1169 647 1267 678 dubio
1302 646 1523 686 quaestionem

464 695 642 735 relinquere
666 694 798 725 videtur.
823 694 863 723 Et
887 693 962 723 dicit
985 693 1087 723 littera
1111 690 1200 732 quod
1223 690 1350 722 videtur
1367 689 1461 720 dubie
1476 689 1524 719 lo-

464 739 528 780 qui.
560 739 723 777 Quoniam
746 738 943 777 Augustinus
967 738 999 766 in
1023 737 1070 766 his
1094 736 1196 766 verbis
1219 744 1285 765 non
1310 734 1453 773 loquitur
1483 732 1522 763 de

464 782 712 814 sanctificatione
729 781 973 822 qualicumque:
999 780 1054 810 sed
1070 780 1122 810 illa
1138 788 1220 819 quae
1238 783 1284 808 est
1300 787 1374 808 cum
1390 777 1522 817 proprio

463 825 647 857 sanctificati
663 831 745 861 actu,
762 825 881 855 scilicet
897 824 1034 860 credere,
1051 833 1155 854 amare
1172 828 1203 853 et
1218 821 1414 852 huiusmodi.
1437 821 1524 858 Quia

464 872 550 902 enim
565 871 646 900 hanc
661 869 812 908 relinquit
826 869 885 899 sub
902 868 1011 903 dubio,
1025 873 1056 898 et
1068 867 1107 898 de
1123 867 1210 897 nulla
1225 867 1284 896 alia
1296 866 1440 905 loquitur
1451 874 1523 895 san-

463 914 671 950 ctificatione,
695 912 819 943 videtur
841 913 900 943 sub
924 911 1023 942 dubio
1049 911 1270 951 quaestionem
1291 909 1330 940 de
1345 908 1522 940 sanctifica-

462 959 549 988 tione
565 958 681 987 horum
696 957 728 986 in
745 962 836 986 utero
852 956 1026 996 reliquisse.
1047 955 1165 985 Omnia
1181 955 1264 985 clara
1279 959 1353 984 sunt
1364 954 1396 984 in
1408 953 1519 984 littera.
1549 934 1551 997 l

515 1001 652 1031 Adverte
675 1006 781 1030 tamen
811 999 900 1040 quod
931 1009 968 1030 ex
991 999 1093 1029 littera
1121 998 1286 1038 Evangelii
1309 997 1392 1028 sumi
1416 1002 1522 1038 potest

461 1045 571 1076 loanni
591 1045 800 1075 acceleratum
816 1044 912 1074 fuisse
928 1052 1023 1074 usum
1039 1043 1128 1073 liberi
1145 1043 1271 1073 arbitrii.
1296 1041 1379 1072 Nam
1394 1042 1438 1072 ibi
1453 1050 1521 1072 non

460 1090 566 1119 solum
589 1089 712 1124 dicitur,
735 1088 922 1118 Exsultavit
945 1088 1075 1128 infans:
1097 1086 1162 1123 sed,
1186 1086 1373 1117 Exsultavit
1388 1086 1420 1116 in
1436 1094 1520 1127 gau-

460 1133 513 1164 dio
530 1134 556 1163 ³.
581 1133 744 1163 Exsultare
768 1138 874 1162 autern
898 1130 1150 1162 similitudinarie
1174 1131 1248 1161 licet
1271 1131 1368 1160 etiam
1391 1130 1431 1160 sit
1453 1129 1520 1160 ina—

459 1178 663 1213 nimatorum,
687 1177 773 1207 iuxta
795 1175 874 1207 illud
889 1177 915 1212 *,
940 1176 1068 1206 Montes
1083 1175 1328 1206 exsultaverunt
1343 1179 1379 1204 ut
1393 1174 1520 1210 arietes,

459 1227 490 1252 et
512 1222 610 1252 colles
631 1221 715 1251 sicut
735 1221 817 1262 agni
840 1220 957 1256 ovium,
981 1220 1110 1260 proprie
1133 1225 1240 1250 tamen
1257 1224 1304 1249 est
1321 1218 1519 1249 animalium.

459 1266 500 1296 Et
523 1266 597 1306 quia
626 1274 693 1295 non
716 1265 783 1295 sine
807 1264 935 1295 animali
958 1264 1106 1304 passione
1130 1262 1165 1293 fit
1187 1262 1358 1303 gaudium,
1391 1267 1521 1303 oportet

459 1310 611 1340 Ioannem
642 1309 811 1339 exsultasse
841 1309 874 1338 in
900 1308 1018 1348 gaudio
1046 1308 1095 1338 vel
1127 1306 1306 1338 secundum
1336 1307 1519 1338 sensitivam

458 1359 581 1384 tantum
605 1359 742 1393 partem:
769 1359 799 1383 et
822 1353 885 1383 hoc
908 1362 975 1382 non
1000 1357 1157 1382 consonat
1172 1361 1285 1382 causae
1301 1351 1520 1382 exsultationis

458 1403 489 1428 et
511 1397 618 1438 gaudii
641 1398 674 1427 in
697 1397 871 1436 Evangelio
896 1397 1039 1436 scriptae,
1065 1397 1140 1436 quia
1163 1405 1225 1426 vox
1249 1396 1366 1426 Beatae
1380 1395 1519 1436 Virginis

457 1442 618 1471 salutantis
648 1451 715 1471 non
739 1447 803 1471 erat
826 1441 1023 1471 commotiva
1045 1441 1141 1480 partis
1172 1439 1339 1470 sensitivae
1362 1439 1462 1480 prolis
1485 1441 1519 1470 in

457 1491 565 1521 utero,
597 1486 678 1515 sicut
700 1494 760 1516 nec
784 1485 862 1515 aliae
887 1484 1030 1515 eiusdem
1054 1490 1085 1515 et
1109 1484 1241 1515 aliarum
1264 1484 1438 1515 mulierum
1461 1494 1518 1515 vo—

457 1539 524 1559 ces:
549 1548 571 1551 —
593 1529 642 1559 vel
667 1528 844 1559 secundum
868 1535 989 1568 partem
1013 1529 1249 1559 intellectivam.
1285 1528 1326 1558 Et
1349 1529 1413 1559 hoc
1437 1527 1518 1559 ordo

456 1573 628 1604 effectuum
644 1579 845 1604 causatorum
862 1583 879 1603 a
894 1573 1083 1604 salutatione
1095 1574 1112 1589 ἥ
1128 1573 1276 1608 insinuat,
1294 1571 1383 1613 quod
1399 1573 1519 1604 scilicet

455 1617 607 1658 gaudium
630 1618 725 1657 partis
748 1617 957 1648 intellectivae
981 1616 1041 1647 fuit
1063 1617 1096 1647 in
1120 1626 1242 1657 puero:
1271 1626 1346 1647 nam
1374 1626 1412 1647 ex
1435 1617 1518 1648 salu-

455 1663 574 1692 tatione
598 1662 723 1692 aurium
745 1662 905 1692 Elisabeth
921 1662 1116 1692 commotiva
1139 1671 1220 1701 puer
1241 1671 1309 1692 non
1325 1662 1358 1692 in
1378 1661 1516 1698 auribus,

455 1705 511 1736 sed
532 1706 566 1736 in
588 1705 706 1746 gaudio
730 1706 912 1742 exsultavit,
941 1711 972 1736 et
995 1706 1158 1736 Elisabeth
1181 1705 1296 1736 deinde
1327 1705 1448 1746 repleta
1471 1712 1518 1737 est

455 1750 573 1790 Spiritu
604 1750 737 1786 Sancto,
761 1750 875 1790 procul
905 1750 1003 1781 dubio
1032 1751 1066 1780 in
1095 1755 1213 1783 mente.
1245 1749 1339 1781 Unde
1370 1759 1517 1791 compre-

454 1793 603 1825 henditur
633 1793 722 1834 quod
745 1794 849 1834 primo
873 1800 973 1825 mater
996 1793 1175 1825 secundum
1198 1803 1328 1825 sensum
1354 1795 1516 1835 percepit;

455 1838 568 1868 deinde
585 1847 665 1878 puer
680 1838 857 1869 secundum
873 1844 1031 1875 mentem;
1054 1845 1085 1869 et
1101 1837 1232 1869 demum
1249 1838 1288 1869 ad
1303 1839 1411 1870 matris
1426 1849 1517 1870 men-

454 1888 520 1913 tem
544 1882 749 1922 intelligentia
772 1883 925 1922 pervenit.
950 1883 990 1913 Et
1005 1884 1080 1914 huic
1096 1883 1203 1913 sensui
1223 1883 1405 1914 Doctorum
1421 1884 1517 1915 verba

455 1932 634 1957 consonant
657 1926 831 1957 dicentium
854 1926 894 1958 de
918 1927 1037 1958 Ioanne
1061 1926 1150 1967 quod
1167 1927 1263 1967 prius
1285 1928 1386 1959 sensit
1401 1928 1516 1959 Domi-

456 1981 532 2001 num
547 1971 574 2006 ᾗ
598 1970 647 2000 vel
672 1970 761 2010 quod
776 1981 796 2001 a
807 1972 974 2013 perfectae
992 1972 1096 2013 coepit
1109 1972 1225 2002 aetatis
1240 1981 1392 2003 mensura
1403 1973 1448 2010 *⁴2
1464 1974 1515 2004 vel

455 2014 576 2055 aliquid
598 2015 793 2045 huiusmodi.

511 2059 548 2089 11.
572 2058 689 2097 Quoad
719 2059 897 2090 secundum
916 2061 946 2097 *,
978 2061 1036 2091 tria
1058 2061 1182 2091 Auctor
1205 2059 1297 2091 facit:
1323 2061 1444 2102 primo,
1468 2072 1517 2092 re-

455 2103 592 2144 spondet
615 2104 794 2143 quaestioni
816 2105 970 2145 negative,
988 2104 1174 2136 affirmando
1198 2104 1281 2135 duos
1300 2106 1379 2136 alios
1403 2107 1516 2137 sancti-

455 2147 581 2184 ficatos;
606 2147 720 2178 deinde
744 2147 820 2178 dicit
842 2150 1006 2179 neminem
1029 2149 1128 2180 alium
1152 2159 1220 2181 esse
1236 2149 1516 2188 sancuficatum*;

454 2193 558 2228 tertio,
589 2192 745 2222 rationem
771 2192 873 2223 reddit
900 2203 997 2234 quare
1020 2193 1066 2224 illi
1089 2193 1155 2224 duo
1185 2193 1371 2225 sanctificati
1399 2201 1474 2226 sunt
1488 2197 1515 2226 *.

510 2236 602 2267 Circa
624 2237 867 2276 responsionem
892 2247 967 2278 ergo
992 2237 1231 2278 distinguuntur
1246 2239 1299 2269 hic
1318 2238 1401 2270 duae
1417 2249 1516 2280 quae-

454 2281 590 2311 stiones:
623 2280 733 2317 altera,
759 2291 841 2321 quae
864 2287 952 2312 mota
977 2288 1023 2312 est
1054 2282 1093 2314 de
1117 2282 1387 2320 sanctificatione;
1419 2284 1516 2315 altera

454 2324 493 2355 de
510 2324 562 2355 tali
579 2324 836 2362 sanctificatione,
861 2326 980 2357 scilicet
995 2336 1070 2357 curn
1086 2337 1147 2357 usu
1162 2327 1252 2358 liberi
1268 2328 1395 2358 arbitrii.
1420 2328 1516 2359 Mon-

454 2374 567 2399 stratur
582 2369 742 2399 diversitas
757 2379 872 2410 magna
887 2371 968 2401 inter
983 2372 1056 2402 istas
1074 2372 1288 2411 quaestiones,
1313 2381 1352 2402 ex
1368 2382 1408 2403 eo
1425 2373 1516 2413 quod

453 2412 658 2444 sanctificatio
682 2419 788 2453 potest
810 2414 878 2445 fieri
903 2420 934 2445 et
955 2425 1022 2446 esse
1045 2416 1114 2446 sine
1130 2426 1191 2446 usu
1214 2415 1305 2447 liberi
1321 2416 1454 2447 arbitrii:
1479 2423 1516 2448 ut

453 2463 539 2497 patet
561 2458 594 2488 in
618 2457 866 2489 sanctificatione
890 2460 1098 2499 parvulorum
1120 2469 1177 2500 per
1200 2461 1349 2500 baptismi
1370 2461 1513 2501 gratiam.

454 2501 494 2531 Et
520 2507 689 2542 propterea
720 2503 799 2532 nihil
831 2504 935 2534 obstat
967 2505 1148 2544 quaestioni
1179 2505 1364 2545 propositae
1390 2505 1424 2535 in
1450 2506 1514 2537 hoc

454 2546 586 2576 articulo
610 2547 636 2577 si
658 2556 730 2586 pars
759 2548 904 2587 negativa
935 2549 1131 2588 quaestionis
1161 2548 1338 2586 secundae,
1363 2558 1446 2590 quae
1474 2551 1513 2581 ab

454 2589 634 2629 Augustino
658 2596 787 2621 tractata
812 2597 867 2627 est,
891 2597 1046 2623 teneatur.

508 2634 642 2675 Propter
671 2635 749 2665 haec
779 2635 874 2675 igitur
906 2636 1008 2667 littera
1040 2637 1214 2678 respondet
1246 2638 1391 2678 quaesito
1423 2638 1531 2679 quod⁴

454 2677 534 2713 duo,
567 2679 652 2709 ultra
675 2679 811 2709 Beatam
840 2680 1012 2721 Virginem,
1033 2681 1244 2713 inveniuntur
1264 2682 1458 2724 sanctificati
1480 2684 1513 2713 in

455 2726 555 2758 utero,
581 2723 702 2754 scilicet
726 2723 880 2755 Ieremias
907 2730 938 2755 et
960 2725 1110 2757 Ioannes.
1146 2726 1303 2757 Probatur
1326 2727 1513 2758 auctoritate

454 2765 642 2806 Scripturae.
677 2768 717 2798 Et
748 2768 924 2799 excluditur
951 2770 1089 2801 obiectio
1118 2770 1157 2801 de
1180 2780 1242 2801 usu
1265 2771 1355 2802 liberi
1379 2771 1512 2802 arbitrii:

453 2811 596 2850 quamvis
620 2811 710 2842 illum
734 2822 798 2842 non
822 2813 999 2853 habuerint,
1017 2820 1076 2845 etc.

509 2854 570 2884 Ubi
594 2861 669 2885 nota
693 2856 781 2896 quod
805 2857 878 2887 hinc
895 2867 962 2888 non
977 2864 1084 2898 potest
1099 2859 1246 2890 assertive
1263 2858 1325 2890 dici
1349 2858 1388 2890 de
1404 2865 1513 2890 mente

454 2897 601 2929 Auctoris
632 2900 691 2929 hos
715 2909 781 2930 non
805 2901 951 2932 habuisse
974 2902 1065 2933 liberi
1088 2903 1206 2934 arbitrii
1229 2913 1325 2934 usum
1348 2904 1382 2934 in
1409 2909 1512 2935 utero.

454 2941 615 2979 Quoniam
640 2943 830 2975 adversative
850 2945 993 2985 loquitur
1016 2946 1055 2977 ad
1071 2947 1315 2979 monstrandum
1332 2948 1513 2979 conclusio-

454 2994 528 3016 nem
551 2996 640 3017 suam
664 2997 731 3018 non
755 2988 933 3028 dependere
957 2999 995 3020 ex
1018 3001 1079 3022 usu
1102 2992 1192 3022 liberi
1214 2992 1342 3023 arbitrii.

510 3030 559 3060 llI.
584 3031 706 3062 Deinde
730 3038 823 3072 negat
847 3043 1087 3075 quemcumque
1110 3036 1208 3067 alium
1231 3036 1463 3068 sanctificatum
1478 3037 1512 3067 in

456 3079 545 3104 utero
562 3075 588 3110 *,
612 3077 734 3106 ratione
758 3077 912 3116 probans:
945 3079 1020 3118 quia
1043 3080 1162 3110 inutilis
1186 3086 1277 3111 esset.
1314 3081 1376 3112 Ubi
1400 3090 1512 3112 occur-

455 3123 526 3147 runt
542 3119 599 3148 tria
616 3118 720 3150 dubia.
748 3120 889 3151 Primum
902 3123 918 3138 *
935 3127 981 3152 est
997 3123 1079 3153 circa
1102 3124 1351 3164 applicationem
1375 3126 1512 3156 auctori-

455 3161 524 3191 tatis
548 3162 694 3202 Apostoli
723 3163 761 3193 ad
787 3166 1006 3204 propositum:
1040 3166 1200 3199 dissonare
1232 3170 1353 3210 quippe
1376 3169 1510 3201 videtur.

455 3204 535 3235 Nam
560 3215 664 3236 sermo
688 3212 733 3237 est
757 3206 796 3237 de
820 3208 1067 3241 sanctificatione
1083 3211 1116 3241 in
1132 3218 1234 3243 utero.
1259 3213 1436 3254 Apostolus
1456 3223 1512 3245 au-

455 3253 519 3278 tem
543 3258 609 3279 non
633 3249 672 3280 de
695 3251 763 3289 ipsa
779 3251 1027 3283 sanctificatione
1043 3264 1099 3285 seu
1115 3257 1288 3293 sanctitate,
1313 3257 1369 3288 sed
1389 3257 1429 3289 de
1444 3267 1511 3289 ma-

456 3291 654 3323 nifestatione
686 3295 753 3324 eius
784 3294 941 3334 loquitur:
974 3306 1039 3327 non
1069 3299 1153 3329 enim
1181 3300 1311 3337 dicitur,
1341 3302 1512 3344 unicuique

457 3334 553 3365 datur
568 3337 716 3377 Spiritus,
733 3337 798 3372 sed,
816 3339 1033 3380 manifestatio
1051 3341 1198 3381 Spiritus,
1212 3350 1270 3375 etc.
1291 3346 1408 3377 Littera
1425 3356 1510 3387 ergo,

457 3378 590 3418 loquens
614 3380 653 3411 de
677 3382 746 3421 ipso
771 3381 898 3421 Spiritu,
923 3392 989 3413 non
1013 3384 1093 3415 bene
1117 3386 1205 3417 affert
1228 3391 1447 3421 auctoritatem
1471 3390 1510 3422 de

457 3422 708 3455 manifestatione
732 3425 876 3465 SpirituS.
902 3426 989 3457 Haec
1014 3428 1099 3458 enim
1123 3432 1292 3462 auctoritas
1315 3443 1381 3464 non
1398 3435 1511 3474 probat

457 3465 533 3495 illud
557 3474 765 3508 assumptum,
790 3475 825 3499 ut
848 3474 942 3509 patet.

511 3509 693 3542 Secundum
717 3512 850 3543 dubium
866 3514 882 3530 ⁴*
898 3519 953 3547 est,
971 3514 1045 3553 quia
1068 3514 1124 3545 ista
1143 3518 1220 3547 ratio
1238 3523 1283 3549 est
1298 3518 1420 3559 gladius
1444 3521 1511 3552 Go-

457 3551 515 3582 liae
533 3554 558 3582 ⁴.
583 3554 674 3589 Nam,
698 3556 722 3585 si
742 3566 851 3587 verum
868 3558 1007 3592 assumit,
1025 3559 1166 3597 sequitur
1190 3561 1278 3599 quod
1302 3562 1398 3594 Beata
1412 3564 1510 3605 Virgo

457 3605 522 3626 non
549 3596 605 3627 fuit
630 3599 818 3630 sanctificata
842 3600 873 3630 in
899 3606 1000 3631 utero.
1035 3601 1118 3639 Quia
1142 3603 1225 3633 illius
1249 3605 1454 3638 sanctificatio
1478 3609 1511 3638 in

1129 295 1390 344 QUAESTIO
1420 295 1576 341 XXVII,
1610 292 1903 334 ARTICULUS
1931 296 1981 333 VI

2710 485 2745 500 art
2775 482 2778 485 ‘

1579 512 1741 553 Scriptura
1763 522 1830 544 non
1854 513 2004 544 habetur:
2028 523 2065 544 ac
2088 522 2145 554 per
2167 514 2248 550 hoc,
2273 514 2434 546 Ecclesiae
2456 525 2526 548 nou
2547 517 2643 549 inno-
2751 512 2754 514 ’
2772 509 2773 514 ’

1579 557 1649 587 tuit.
1673 557 1722 588 Ac
1745 566 1803 598 per
1825 557 1899 594 hoc,
1923 558 1991 588 sine
2014 557 2150 588 utilitate
2173 557 2507 597 fixissetsanctificata,
2523 570 2642 594 secun-

1579 600 1657 631 dum
1681 601 1802 631 litterae
1825 610 2023 641 processum.
2198 606 2199 610 ’

1633 644 1781 675 Tertium
1807 644 1942 675 dubium
1957 646 1974 662 ⁴*
1998 651 2054 681 est,
2079 646 2155 686 quia
2178 645 2356 678 secundum
2379 647 2462 678 hanc
2485 649 2643 680 rationem
2669 650 2739 690 ’Gi-³

1578 693 1766 728 sequeretur
1789 688 1879 729 quod
1901 698 1970 720 non
1986 694 2068 720 esset
2083 688 2280 721 credendum
2304 690 2436 732 aliquod
2450 692 2642 724 miraculum
2691 687 2773 721 ΨΩ

1577 732 1638 762 nisi
1662 732 1752 772 quod
1774 733 1807 763 in
1831 742 1918 763 sacra
1941 732 2102 773 Scriptura
2126 733 2361 766 contineretur:
2395 735 2472 776 quia
2495 735 2535 767 ad
2557 737 2642 768 utili-
2738 741 2746 754 ”’

1578 782 1675 807 tatem
1694 777 1855 808 Ecclesiae
1871 777 2024 808 miracula
2039 777 2235 814 ordinantur,
2260 780 2313 810 cui
2327 788 2396 811 non
2411 780 2472 811 nisi
2486 789 2545 821 per
2560 781 2642 813 Scri·-

1577 826 1704 860 pturarn
1727 830 1849 851 sacram
1873 821 2088 858 innotescunt,
2110 822 2292 854 secundum
2314 822 2397 855 hanc
2419 822 2575 867 litssqim.
2588 830 2614 859 ’ἦ

1633 865 1685 895 IV.
1697 864 1750 896 Ad
1761 865 1902 906 primum
1918 865 2053 897 dubium
2069 865 2183 898 dieitur
2199 865 2289 908 quod
2304 864 2640 911 assmptumlitssue

1577 908 1617 939 ad
1633 909 1724 950 quod
1738 909 1942 949 probandum
1959 909 2122 942 inducitur
2136 910 2287 951 Apostoli
2301 911 2485 951 auctoritas,
2498 906 2640 953 nonest,

1577 952 1850 995 sanctificationis
1881 954 1993 995 gratia
2021 954 2195 986 ordinatur
2216 954 2260 987 ad
2282 951 2476 988 utilitatem*.·
2492 950 2561 992 εἶά
2579 953 2640 998 effi
2694 959 2707 968 “
2722 953 2743 962 '⁴‘

1575 996 1775 1028 Huiusmodi
1784 997 1961 1040 privilegia
1976 999 2116 1040 gratiae,
2133 1007 2216 1040 quae
2230 999 2353 1031 dantur
2366 998 2526 1042 aliquibus
2541 997 2641 1043 prait—
2711 1028 2740 1044 Α,

1576 1046 1626 1072 ter
1640 1051 1840 1073 communem
1857 1042 1970 1084 Iegem,
1988 1042 2187 1074 ordinantur
2199 1043 2244 1074 ad
2259 1043 2438 1076 utilitatem.
2459 1044 2508 1076 Ex
2523 1041 2642 1086 quibua
2688 1072 2690 1074 .
2735 1049 2737 1052 “

1575 1087 1679 1116 verbis
1703 1085 1871 1127 dupliciter
1894 1086 2080 1127 responderi
2098 1092 2215 1128 potest.
2239 1087 2348 1119 Primo
2363 1088 2464 1129 quod,
2480 1090 2627 1133 sicutptl

1575 1130 1690 1171 vilegia
1711 1131 1885 1162 materialia
1914 1130 2009 1163 alicui
2032 1141 2051 1162 a
2072 1132 2218 1172 principe
2248 1141 2419 1170 concessa,
2450 1133 2516 1165 sub·
2533 1129 2640 1176 speeie
2679 1143 2696 1147 ‘⁴
2711 1140 2742 1167 ³.-

1574 1174 1839 1207 manifestationis
1855 1176 2074 1212 continentur;
2099 1176 2146 1210 ita.
2156 1177 2361 1217 privilegium
2375 1178 2495 1218 gratiae
2509 1182 2640 1219 est-ma·
2660 1211 2662 1214 ,
2686 1206 2694 1216 ,Ἰ
2708 1190 2738 1224 ..s

1574 1218 1734 1250 nifestatio
1750 1219 1885 1259 Spiritus
1909 1225 1940 1250 et
1963 1220 2107 1251 concessi
2130 1221 2164 1251 in
2179 1220 2248 1261 ipsa
2262 1221 2360 1261 gratia
2375 1221 2491 1259 infusa,
2515 1227 2640 1263 etcon-
2682 1226 2687 1237 ⁸
2739 1258 2750 1270 ἢ

1575 1262 1716 1294 cedentis
1740 1263 1875 1304 Spiritus
1890 1262 1998 1295 Sancti
2020 1264 2198 1304 specialiter
2219 1264 2378 1306 diligentis
2393 1265 2485 1297 illum
2503 1263 2556 1298 cui
2662 1297 2690 1311 a„
2724 1286 2751 1299 .÷

1573 1307 1651 1338 tiam
1675 1306 1772 1338 dedit.
1801 1308 1850 1338 Ac
1871 1316 1930 1349 per
1950 1308 2015 1339 hoc
2038 1308 2150 1345 littera,
2173 1310 2314 1350 probans
2337 1309 2514 1351 privilegia*
2572 1309 2574 1312 ’
2604 1310 2611 1317 '
2700 1306 2737 1325 ’““

1573 1361 1631 1392 per
1652 1351 1945 1384 manifestationem
1968 1351 2113 1393 Spiritus,
2137 1362 2205 1384 non
2229 1353 2354 1384 divertit
2377 1353 2417 1385 ad
2440 1351 2640 1387 extrmea.·—²

1574 1396 1616 1426 Et
1638 1397 1664 1426 si
1686 1395 1856 1427 obiiciatur
1887 1396 1976 1437 quod
1999 1402 2077 1428 tunc
2100 1397 2180 1428 ratio
2203 1398 2263 1429 ista
2285 1399 2441 1439 supponit
2462 1398 2639 1432 sanctifica»
2663 1404 2676 1418 ·’
2694 1414 2698 1418 <

1573 1441 1698 1471 tionem
1720 1441 1754 1470 in
1777 1446 1869 1471 utero
1893 1450 2022 1482 semper
2042 1441 2111 1472 fieri
2137 1451 2213 1473 cum
2235 1442 2420 1483 privilegio:
2451 1443 2640 1482 conceditur
2734 1478 2736 1482 ,

1574 1483 1664 1525 quod
1686 1485 1731 1515 sic
1748 1490 1804 1521 est,
1829 1485 2008 1516 secundum
2023 1486 2106 1517 hanc
2122 1487 2376 1526 responsionem.
2400 1487 2442 1518 Et
2457 1488 2638 1529 suppositio
2679 1519 2686 1524 ,,
2706 1502 2729 1520 >·,

1574 1534 1621 1559 est
1644 1529 1717 1559 satis
1740 1529 1952 1560 rationabilis:
1978 1530 2143 1571 quoniam,
2168 1531 2250 1561 sicut
2273 1530 2452 1562 secundum
2475 1541 2547 1563 rem·
2562 1530 2638 1573 'san-
2671 1534 2695 1571 ,ζ

1574 1572 1724 1604 ctificatio
1747 1573 1781 1603 in
1804 1578 1896 1604 utero
1921 1578 1968 1604 est
1991 1579 2080 1605 actus
2103 1573 2319 1615 privilegialis,
2350 1575 2395 1606 ita
2417 1576 2514 1611 etiam
2543 1566 2639 1612 debe}
2687 1573 2689 1575 ’

1573 1625 1642 1648 esse
1665 1616 1844 1648 secundum
1867 1618 2099 1658 cognitionem.
2542 1639 2546 1642 -
2575 1616 2608 1637 '²‘
2630 1630 2631 1634 ¹
2695 1619 2701 1624 ³
2722 1619 2743 1630 ⁸

1628 1661 1778 1692 Secundo
1803 1661 1903 1702 quod,
1927 1662 2004 1702 quia
2026 1667 2092 1693 tam
2114 1663 2289 1703 singulares
2308 1664 2426 1703 gratiae
2447 1662 2638 1705 superum&

1572 1704 1654 1736 dunt
1676 1715 1887 1736 communem
1909 1706 2015 1746 legem
2039 1706 2165 1738 divinae
2188 1707 2418 1749 providentiae,
2441 1717 2479 1740 ae
2501 1716 2562 1750 per
2572 1708 2638 1742 hoc

1571 1750 1686 1781 harum
1710 1750 1876 1781 concessio
1900 1755 2022 1790 spectat
2044 1750 2084 1782 ad
2107 1750 2214 1782 divina
2235 1751 2406 1789 miracula;
2433 1757 2559 1794 comat
2578 1762 2638 1793 nn-

1571 1799 1638 1824 tem
1664 1794 1817 1825 miracula
1847 1793 1986 1825 ordinari
2013 1794 2053 1825 ad
2082 1794 2219 1826 aliorum
2249 1796 2436 1827 utilitatem:
2467 1795 2543 1835 ideo'
2562 1793 2637 1837 ,non

1571 1838 1679 1869 solum
1702 1838 1881 1879 privilegia,
1913 1838 1970 1869 sed
1992 1838 2060 1879 ipsa
2084 1839 2293 1870 sanctificatio
2317 1841 2350 1871 in
2372 1846 2484 1878 utero,
2511 1835 2636 1877 &bue

1571 1883 1643 1923 ipso
1667 1882 1757 1923 quod
1780 1888 1904 1923 praeter
1926 1883 2032 1923 legem
2055 1893 2265 1915 communem
2288 1883 2340 1919 fit,
2370 1879 2637 1919 continetur-ab
2672 1903 2673 1906 ¹
2751 1910 2754 1911 γ

1570 1927 1669 1967 gratia
1692 1936 1775 1968 quae
1798 1927 1891 1958 datur
1913 1926 1955 1958 ad
1977 1927 2114 1959 aliorum
2136 1929 2323 1965 utilitatem,
2347 1934 2379 1960 et
2401 1938 2442 1960 co
2719 1933 2720 1936 ’

1571 1971 1630 2002 sub
1654 1971 1773 2011 Spiritu
1795 1971 2040 2004 manifestando.
2064 1972 2148 2003 Nam
2171 1982 2209 2004 ex
2232 1972 2296 2004 hoc
2310 1973 2383 2014 ipso
2406 1971 2498 2014 quod
2514 1937 2636 2014 &Ee-

1571 2015 1684 2046 clesiae
1707 2015 1877 2046 utilitatem
1900 2015 2074 2053 ordinatur,
2099 2016 2139 2047 ad
2161 2017 2323 2048 Ecclesiae
2338 2026 2473 2059 quoque
2487 2018 2636 2060 notitiam

1570 2069 1700 2091 necesse
1724 2065 1771 2090 est
1794 2058 1976 2091 ordinetur:
2001 2060 2155 2101 alioquin,
2180 2060 2287 2092 divina
2309 2061 2463 2102 sapientia
2482 2063 2555 2099 non
2570 2061 2636 2102 dis-

1563 2109 1704 2145 poneret
1734 2104 1844 2135 omnia
1869 2104 2014 2135 suaviter
2027 2105 2055 2141 *,
2080 2104 2158 2136 dum
2186 2105 2392 2136 rationalibus
2415 2106 2577 2144 emanarit,
2593 2112 2632 2148 ex
2661 2113 2674 2125 ·
2690 2139 2694 2143 „
2709 2139 2728 2143 ,

1570 2149 1687 2189 quibus
1710 2148 1854 2179 Ecclesia
1876 2153 2017 2185 constat,
2051 2158 2120 2180 non
2147 2158 2205 2189 per
2226 2149 2357 2180 rationis
2379 2152 2489 2181 actum
2510 2149 2552 2183 de
2572 2149 2634 2183 1υὸ

1569 2193 1658 2224 bono
1682 2192 1881 2233 provideret,
1912 2192 1969 2224 sed
1990 2193 2079 2224 velut
2108 2193 2297 2224 animalibus
2327 2194 2427 2226 brutis
2455 2193 2491 2225 in

1569 2237 1720 2268 utilitates
1742 2238 1908 2278 ingereret.
1931 2255 1956 2260 —
1978 2237 2020 2268 Et
2043 2237 2252 2269 confirmatur
2281 2247 2320 2270 ex
2347 2237 2440 2270 dictis
2468 2238 2504 2271 ia
2524 2238 2634 2277 himo
2680 2237 2741 2279 [μ’

1569 2281 1667 2312 Libro
1683 2282 1717 2312 *z
1742 2281 1863 2312 scilicet
1886 2281 1976 2322 quod
1999 2281 2088 2313 Deus
2102 2282 2138 2313 in
2152 2282 2297 2313 Ecclesia
2311 2282 2529 2324 triumphante
2547 2292 2634 2323 mm:-

1569 2335 1668 2366 quam
1690 2330 1815 2366 praeter
1838 2335 2048 2356 communem
2071 2326 2115 2356 ibi
2137 2326 2243 2366 legem
2262 2332 2422 2368 operatur,
2447 2325 2524 2368 quia
2544 2318 2635 2375 ἀμΙΪρ
2682 2336 2702 2343 ⁷·

1567 2370 1685 2400 utilitas
1705 2375 1795 2400 esset.
1821 2369 1907 2401 Cum
1922 2370 2018 2410 igitur
2031 2370 2066 2401 in
2084 2369 2231 2401 militanti
2246 2370 2390 2402 Ecclesia
2404 2374 2529 2412 praeter
2542 2374 2634 2412 com-
2697 2383 2710 2414 23

1567 2423 1702 2445 munem
1725 2413 1830 2454 legem
1853 2419 2014 2455 operatur,
2038 2413 2079 2445 ad
2101 2414 2263 2445 Ecclesiae
2280 2414 2450 2446 utilitatem
2473 2413 2632 2456 operuimus
2688 2415 2738 2441 ‘1³

1568 2458 1611 2489 ob
1627 2458 1719 2489 cuius
1733 2458 1904 2489 utilitatem
1919 2467 2129 2489 communem
2143 2458 2250 2499 legem
2264 2459 2495 2499 praetermittit.
2506 2474 2537 2483 ·-
2546 2458 2637 2502 Quia
2705 2461 2736 2484 Ψ

1566 2502 1663 2542 igitur
1685 2507 1887 2542 assumptum
1909 2502 1944 2532 in
1966 2502 2068 2533 littera
2091 2501 2131 2533 de
2153 2503 2252 2543 gratia
2272 2508 2423 2534 contenta
2437 2503 2498 2535 sub
2513 2503 2634 2547 Spitjtu

1566 2545 1800 2577 manifestando
1824 2546 1986 2586 loquitur,
2016 2545 2091 2577 ideo
2120 2546 2325 2587 probandum
2346 2548 2463 2578 merito
2486 2547 2548 2583 fuir
2569 2556 2634 2596 per
2651 2565 2671 2572 m
2717 2547 2729 2563 ²³

1567 2591 1788 2621 auctoritatem
1810 2590 1960 2630 Apostoli
1984 2589 2024 2621 de
2047 2590 2304 2622 manifestatione
2319 2591 2464 2632 Spiritus.
2488 2590 2633 2635 Ethagi:
2704 2626 2711 2630 ,,

1566 2635 1734 2675 responsio
1758 2639 1805 2665 est
1828 2633 1946 2665 directe
1968 2633 2147 2665 secundum
2169 2635 2315 2672 litteram,
2339 2635 2419 2667 nihil
2433 2635 2632 2683 praesuppb'-
2651 2646 2660 2659 ⁴
2699 2642 2734 2663 Ἴ

1566 2688 1656 2715 nens,
1681 2684 1713 2709 et
1736 2677 1848 2709 solida.
2574 2681 2626 2700 .-

1621 2723 1660 2754 V.
1684 2722 1737 2753 Ad
1760 2722 1895 2754 dubium
1918 2722 2098 2754 secundum
2116 2724 2133 2741 ὓ
2156 2723 2271 2755 dicitur
2301 2724 2392 2764 quod
2421 2724 2631 2759 mennam

1566 2767 1683 2798 Beatae
1705 2767 1844 2807 Virginis
1873 2767 1907 2797 in
1938 2772 2030 2798 utero
2058 2768 2183 2805 matris,
2215 2769 2273 2799 etsi
2302 2778 2371 2800 non
2394 2775 2442 2800 est
2462 2769 2631 2810 tradita-hg

1566 2820 1653 2842 sacra
1677 2811 1837 2851 Scriptura
1861 2811 2024 2852 explicite,
2056 2817 2103 2852 est
2125 2817 2233 2843 tamen
2255 2812 2368 2844 tradita
2389 2813 2560 2856 implicite:
2590 2823 2631 2856 ἦ

1566 2855 1630 2886 hoc
1653 2855 1724 2896 ipso
1756 2854 1846 2896 quod
1869 2856 1902 2886 in
1925 2855 2019 2886 sacris
2046 2855 2172 2887 Litteris
2202 2857 2363 2888 invenitur
2392 2857 2487 2889 alicui
2518 2857 2631 2899 saneti}

1566 2908 1719 2930 concessa
1742 2900 1840 2940 gratia
1863 2899 2122 2931 sanctificationis
2151 2901 2185 2931 in
2207 2906 2312 2932 utero.
2347 2901 2433 2933 Hinc
2463 2900 2574 2939 enim}
2590 2902 2634 2935 lt}

1566 2953 1604 2974 ex
1628 2944 1773 2984 superius
1785 2944 1802 2961 *
1817 2943 1908 2974 dictis
1930 2949 2028 2984 patet,
2051 2944 2186 2975 habetur
2207 2945 2339 2976 Beatam
2354 2945 2518 2986 Virginem
2532 2944 2629 2979 m
2655 2951 2677 2965 ⁹*
2691 2939 2732 2954 “

1565 2987 1808 3019 sanctificatam:
1841 2988 1917 3028 quia
1939 2988 2051 3019 habuit
2074 2988 2232 3030 quidquid
2253 2991 2371 3030 gratiae
2396 2991 2510 3023 ceteris
2530 2987 2629 3025 edb-

1565 3037 1636 3063 tum
1659 3037 1715 3063 est.
1740 3031 1834 3063 Unde
1856 3033 1935 3064 haec
1959 3033 2038 3063 ratio
2062 3042 2131 3064 non
2153 3034 2305 3065 interimit
2326 3034 2503 3066 Auctorem
2520 3036 2628 3073 eum

1565 3075 1622 3107 sed
1645 3081 1752 3107 tuetur
1775 3086 1860 3107 eum.
2602 3106 2610 3113 ,

1620 3120 1673 3151 VI.
1698 3119 1750 3151 Ad
1772 3121 1902 3152 tertium
1925 3120 2060 3152 dubium
2075 3123 2092 3139 ⁴*
2116 3122 2231 3153 dicitur
2261 3122 2368 3164 quod,
2398 3121 2564 3164 loquendo
2583 3118 2628 3163 de
2654 3125 2666 3139 ·

1565 3164 1726 3195 Ecclesiae
1741 3163 1805 3195 fide
1820 3165 2004 3206 simpliciter
2019 3166 2204 3203 necessaria,
2226 3164 2472 3198 concedendum
2487 3171 2535 3200 est
2549 3166 2628 3199 cun*

1565 3217 1712 3249 sequens.
1747 3208 1810 3240 Sed
1833 3210 1858 3240 si
1882 3210 1922 3240 sit
1944 3219 2050 3241 sermo
2075 3210 2114 3241 de
2137 3210 2300 3242 Ecclesiae
2323 3209 2387 3242 fide
2413 3220 2452 3242 ex
2474 3211 2529 3242 tali
2550 3220 2628 3253 oup-

1564 3253 1743 3293 positione,
1767 3253 1819 3284 vel
1842 3255 2027 3291 accessoria,
2050 3260 2128 3296 puta
2151 3264 2235 3296 quae
2257 3260 2332 3296 post
2353 3255 2451 3286 talem
2470 3255 2627 3296 approba·

1564 3297 1687 3328 tionem
1711 3302 1839 3328 extensa
1862 3303 1909 3329 est
1932 3298 1972 3329 ad
1994 3299 2056 3331 tale
2079 3299 2280 3336 miraculum,
2303 3305 2340 3331 ut
2354 3299 2381 3331 si
2396 3299 2538 3331 Ecclesia
2558 3308 2627 3339 cre-

1565 3340 1707 3372 dendum
1737 3341 1872 3373 traderet
1901 3342 1963 3374 tale
1998 3343 2207 3380 miraculum;
2238 3343 2287 3374 vel
2318 3343 2491 3384 probabili,
2515 3348 2551 3375 ut
2579 3348 2627 3375 est

1565 3384 1643 3416 fides
1667 3385 1706 3416 de
1724 3386 1884 3417 miraculis
1907 3387 2043 3418 recitatis
2066 3388 2098 3418 in
2115 3388 2410 3419 canonizationibus
2425 3393 2624 3419 sanctorum:

1565 3429 1722 3460 credenda
1745 3436 1819 3460 sunt
1842 3431 1994 3462 miracula
2017 3440 2099 3472 quae
2123 3432 2156 3462 in
2179 3441 2265 3462 sacra
2281 3431 2442 3474 Scriptura
2465 3441 2532 3463 non
2547 3441 2625 3463 con—

1565 3473 1714 3504 tinentur.
1739 3474 1807 3505 Nec
1831 3475 2019 3515 oppositum
2037 3475 2181 3516 sequitur
2204 3484 2242 3505 ex
2257 3476 2379 3506 ratione
2395 3476 2526 3514 litterae,
2541 3484 2624 3518 quae

1566 3516 1604 3547 de
1629 3516 1692 3548 fide
1712 3518 1872 3549 Ecclesiae
1896 3518 2081 3559 simpliciter
2103 3524 2134 3550 et
2149 3518 2303 3556 absolute,
2329 3525 2360 3550 et
2382 3529 2450 3551 non
2473 3528 2623 3562 praesup-

1565 3561 1669 3599 posita
1692 3561 1746 3592 tali
1769 3561 1927 3598 decretali,
1950 3561 2104 3603 loquitur.
2128 3562 2313 3603 Docuitque
2335 3572 2393 3604 per
2415 3564 2480 3595 hoc
2501 3564 2625 3596 Auctor

1566 3603 1655 3642 quod
1679 3614 1738 3635 nec
1769 3606 1946 3636 necessario
1970 3615 2029 3636 nec
2052 3605 2257 3646 probabiliter
2280 3606 2475 3639 credendum
2499 3613 2546 3639 est
2568 3607 2622 3639 nli-
