2872 3970
378 249 428 284 60
1093 246 1356 292 QUAESTIO
1385 246 1449 293 111,
1479 247 1771 286 ARTICULUS
1799 249 1846 289 1ss

376 326 526 356 existente
550 325 620 354 Deo
644 324 736 354 sicuti
760 329 815 360 est,
840 325 959 355 scilicet
982 334 1049 356 uno
1069 326 1102 355 in
1119 325 1291 355 substantia
1307 330 1338 355 et
1353 325 1436 355 trino

373 370 407 399 in
430 369 584 409 personis,
607 368 708 408 possit
730 369 782 398 hic
805 369 902 404 Deus,
926 369 1118 409 inquantum
1138 370 1190 399 hic
1207 369 1306 405 Deus,
1323 378 1437 398 secun-

374 413 452 443 dum
475 422 522 449 se,
547 422 614 442 non
636 409 759 442 ratione
782 412 880 442 Patris
904 418 958 442 aut
981 412 1051 442 Filii
1075 418 1130 442 aut
1154 412 1288 452 Spiritus
1311 412 1435 447 Sancti,

373 466 542 492 assumere,
566 457 629 486 hoc
653 460 709 491 est,
733 461 764 486 et
787 455 890 486 facere
913 461 944 486 et
967 457 1135 486 terminare
1165 453 1438 496 assumptionem?

373 501 414 530 Et
436 501 468 530 in
492 501 596 540 primo
621 499 751 540 quidem
775 509 870 530 sensu
894 500 1108 530 communiter
1131 509 1148 529 a
1172 499 1356 530 doctoribus
1376 504 1437 529 tra-

374 545 449 575 ctari
460 543 593 580 videtur,
610 550 642 574 et
657 544 695 574 ab
711 544 852 574 Auctore
868 544 920 573 hic
936 549 1094 573 tractatur.
1114 543 1149 573 In
1162 543 1305 573 secundo
1318 548 1436 579 autem,

135 586 347 640 Zrl‘irlessgiqaigssnffi
372 589 458 628 tangi
474 588 606 628 quidem
621 588 750 618 invenio
767 587 806 617 ab
822 588 964 618 Auctore
979 587 1156 627 aliqualiter
1171 588 1197 623 *,
1220 586 1276 617 sed
1291 586 1436 619 ordinate

136 629 284 661 m'cnt.'nur'n'.
301 645 325 660 ιι.
373 632 486 663 discuti
498 633 640 662 minime.
658 630 860 661 Absolvenda
872 632 966 670 igitur
978 637 1025 661 est
1041 632 1185 671 quaestio
1201 631 1287 661 haec-
1295 630 1436 672 primum

372 677 405 707 in
426 677 530 716 primo
546 686 651 711 sensu,
676 674 901 715 prosequendo
919 674 1153 714 expositionem
1171 675 1310 710 litterae,
1335 680 1365 704 et
1381 673 1435 704 de-

372 720 446 751 inde
469 721 502 750 in
525 719 667 750 secundo
691 718 851 749 tractanda
867 724 914 748 est
936 727 1031 749 sensu
1047 719 1073 748 ⁴.
1097 737 1120 741 —
1143 719 1231 748 Haec
1256 717 1294 748 de
1317 719 1433 758 primo.

427 764 479 794 IV.
504 763 621 801 Quoad
644 761 822 793 secundum
837 762 867 798 θ,
893 762 1059 792 conclusio
1083 763 1267 802 responsiva
1290 762 1435 802 quaesito

373 808 557 838 affirmative
590 812 650 837 est:
683 807 852 836 Abstracta
882 806 1023 836 secundo
1056 806 1152 836 modo
1179 805 1433 846 personalitate,

366 861 539 892 possumus
562 851 743 891 intelligere
759 855 910 880 naturam
933 849 1075 880 divinam
1091 855 1312 880 assumentem.
1345 849 1436 880 Haec

373 895 538 926 conclusio
571 904 638 925 non
672 893 761 924 aliter
782 894 936 934 probatur
958 894 991 923 in
1015 894 1134 924 littera:
1160 894 1251 934 quia,
1278 893 1434 924 solvendo

372 940 587 974 obiectiones‚
611 939 644 968 in
667 938 932 977 responsionibus
955 943 1219 978 argumentorum
1242 937 1435 968 sufficienter

135 984 144 994 '
160 983 195 1005 Cf·
213 989 251 1004 ¹¹¹¹*
267 988 318 1010 sqq·
372 983 590 1013 manifestatur
608 983 634 1012 ’ἱ
1236 983 1239 987 ’

425 1027 464 1057 V.
490 1026 525 1056 In
542 1026 752 1066 responsione
776 1024 815 1055 ad
838 1026 988 1065 primum,
1013 1025 1147 1056 dubium
1163 1026 1361 1056 novitiorum
1380 1036 1435 1056 oc-

372 1071 467 1101 currit
483 1071 566 1101 circa
580 1069 672 1100 illud:
697 1069 772 1099 Erit
786 1069 910 1110 aliquid
924 1070 1106 1105 subsistens,
1123 1075 1154 1100 et
1162 1079 1225 1110 per
1240 1079 1436 1111 consequens

365 1124 519 1155 persona.
537 1114 700 1152 Quoniam
717 1123 784 1143 non
799 1114 883 1144 valet
898 1114 1138 1154 consequentia,
1151 1114 1190 1144 In
1207 1119 1327 1145 natura
1344 1115 1436 1145 intel-

134 1159 206 1207 ’CQ-
222 1165 247 1184 ¹¹·
267 1162 307 1180 ⁸¹¹¹-
323 1164 342 1185 ²s
372 1159 502 1189 lectuali
525 1163 571 1189 est
593 1158 780 1193 subsistens,
805 1158 898 1199 Ergo
916 1167 1077 1198 persona,
1102 1163 1138 1188 ut
1160 1163 1247 1198 patet
1269 1168 1307 1188 ex
1331 1164 1404 1189 ante
1419 1159 1436 1175 ⁴*

133 1189 265 1233 xgmmem.
280 1191 343 1206 num.
372 1203 478 1233 dictis:
502 1211 578 1233 nam
596 1202 648 1232 hic
664 1202 752 1232 Deus
768 1207 815 1232 est
831 1202 1003 1233 subsistens
1027 1203 1060 1232 in
1083 1207 1195 1232 natura
1218 1202 1434 1239 intellectuali,

373 1253 403 1278 et
425 1253 533 1277 tamen
556 1255 623 1276 non
647 1251 694 1276 est
716 1255 862 1286 persona.
1227 1266 1232 1270 -

426 1291 478 1321 Ad
500 1291 563 1321 hoc
587 1289 701 1320 dieitur
724 1289 813 1330 quod
836 1291 869 1320 in
892 1290 994 1321 littera
1023 1300 1091 1321 non
1114 1288 1247 1320 infertur
1274 1299 1311 1320 ex
1335 1291 1436 1321 subsi-

371 1336 483 1365 stentia
499 1334 723 1374 personalitas:
743 1333 798 1364 sed
815 1343 852 1364 ex
868 1335 1069 1365 subsistentia
1091 1334 1340 1374 circumscriptis
1362 1335 1438 1366 aliis

371 1379 504 1409 infertur
526 1378 743 1418 personalitas.
767 1378 857 1408 Haec
873 1383 980 1409 autem
1003 1378 1103 1409 illatio
1127 1379 1250 1418 optima
1266 1384 1329 1409 est:
1355 1388 1437 1418 quo-

371 1424 467 1459 niam,
493 1422 737 1461 circumscriptis
761 1422 837 1458 aliis,
863 1423 1036 1452 subsistens
1051 1423 1085 1452 in
1101 1428 1213 1452 natura
1229 1422 1436 1453 intellectuali

372 1473 418 1497 est
434 1466 746 1501 incommunicabile,
764 1475 800 1495 ac
816 1475 873 1506 per
889 1467 952 1496 hoc
968 1475 1114 1506 persona.
1136 1466 1180 1495 Ita
1196 1465 1286 1505 quod
1301 1467 1436 1497 circum-

371 1511 499 1550 scriptio
524 1511 567 1540 sic
592 1509 776 1549 accipienda
800 1515 846 1540 est
870 1515 905 1540 ut
929 1515 1070 1549 apponat
1093 1510 1436 1540 incommunicabilita-

370 1561 445 1585 tem.
475 1555 515 1584 Et
538 1555 600 1584 hoc
625 1554 738 1584 clarius
761 1554 794 1583 in
817 1554 1027 1594 responsione
1051 1553 1090 1583 ad
1114 1553 1293 1584 secundum
1316 1554 1437 1594 patebit

370 1608 456 1629 nunc
481 1608 568 1628 nunc
583 1599 609 1628 ἦ

425 1643 478 1672 VI.
504 1643 538 1672 In
562 1643 771 1682 responsione
795 1641 834 1672 ad
857 1641 1046 1677 secundum,
1071 1641 1205 1672 dubium
1221 1641 1323 1672 simile
1346 1651 1436 1682 prae-

371 1686 496 1717 cedenti
520 1687 658 1716 occurrit
674 1687 756 1716 circa
771 1685 866 1716 illud:
895 1685 1154 1726 Circumscriptis
1163 1695 1227 1726 per
1243 1685 1436 1716 intellectum

364 1730 652 1771 personalitatibus
675 1730 772 1760 trium
782 1739 1010 1770 personarum,
1037 1730 1211 1760 remanebit
1226 1729 1258 1760 in
1275 1729 1436 1760 intellectu

372 1785 437 1805 una
454 1774 675 1815 personalitas
697 1774 769 1809 Dei,
795 1779 830 1804 ut
853 1773 967 1804 Iudaei
990 1774 1185 1814 intelligunt.
1210 1773 1374 1811 Quoniam
1390 1775 1435 1804 vi-

372 1818 463 1849 detur
486 1819 549 1848 hoc
574 1828 641 1848 esse
664 1817 789 1848 falsum.
814 1818 899 1855 Quia
922 1817 1173 1848 abstrahentiam
1197 1827 1262 1847 non
1280 1822 1327 1848 est
1349 1827 1435 1848 men-

131 1861 342 1909 [ferisltlotfflhysic.
371 1863 498 1893 dacium
514 1863 541 1892 ἦ
567 1861 701 1892 Constat
724 1867 832 1892 autem
854 1862 887 1892 in
904 1862 974 1892 Deo
991 1871 1059 1892 non
1075 1871 1142 1892 esse
1167 1866 1305 1901 quatuor
1327 1870 1436 1901 perso-

134 1894 156 1935 n¹.
169 1905 198 1942 '3-
219 1905 230 1931 '-
246 1894 343 1936 2²³3le
371 1907 524 1942 ualitates,
549 1915 647 1936 unam
671 1906 790 1936 scilicet
814 1906 993 1943 absolutam
1010 1911 1040 1935 et
1056 1911 1118 1935 tres
1134 1905 1287 1941 relativas,
1303 1910 1349 1941 ut,
1367 1906 1436 1935 abs-

133 1941 185 1962 ¹²⁰¹'
201 1947 232 1963 '¹¹'
371 1951 476 1981 tractis
499 1951 597 1980 tribus
620 1949 913 1990 personalitatibus,
946 1955 1107 1980 remaneat
1131 1955 1257 1989 quarta:
1289 1948 1344 1979 sed
1368 1959 1435 1980 esse

371 2001 432 2025 tres
455 2000 590 2029 tanturn,
615 1994 731 2034 quibus
754 1994 924 2030 abstractis,
949 1993 1037 2024 nulla
1063 1999 1206 2023 remanet
1228 1993 1434 2033 personalitas

371 2039 430 2069 nisi
455 2039 652 2068 ehimaerica.
677 2038 806 2067 Falsum
830 2047 905 2077 ergo
931 2043 976 2068 est
1000 2037 1099 2077 quod,
1124 2037 1284 2067 abstractis
1307 2046 1364 2076 per
1387 2038 1435 2067 in—

371 2083 534 2113 tellectum
557 2082 832 2122 personalitatibus
856 2082 954 2111 Patris
979 2087 1009 2111 et
1025 2081 1095 2111 Filii
1120 2087 1150 2111 et
1166 2081 1300 2120 Spiritus
1317 2080 1433 2116 Sancti,

371 2132 532 2157 remaneat
554 2136 618 2156 una
641 2126 864 2165 personalitas:
889 2125 945 2156 sed
967 2130 1109 2156 remanet
1132 2130 1256 2155 tantum
1279 2125 1331 2154 hic
1347 2124 1435 2155 Deus

371 2171 552 2206 subsistens,
578 2175 613 2200 ut
635 2175 731 2209 patet.

425 2214 477 2244 Ad
495 2215 557 2244 hoc
581 2213 695 2244 dicitur
711 2213 800 2254 quod
816 2213 983 2254 dupliciter
999 2213 1156 2253 contingit
1172 2213 1350 2243 abstrahere
1366 2213 1434 2243 sine

371 2258 549 2289 mendacio.
574 2258 648 2288 Uno
665 2257 775 2294 modo,
801 2257 1032 2288 considerando
1057 2257 1089 2287 id
1112 2256 1202 2300 quod
1224 2256 1264 2287 de
1287 2256 1371 2287 facto
1389 2262 1435 2287 est

371 2308 425 2333 aut
443 2302 627 2342 intelligitur
641 2302 675 2332 in
691 2311 724 2332 re
740 2307 813 2341 post
829 2301 1090 2331 abstractionem:
1114 2301 1206 2337 sicut,
1223 2300 1433 2331 abstrahendo

370 2346 602 2377 naturalitatem
615 2356 632 2375 a
645 2351 776 2386 quant0,
795 2345 1032 2376 consideramus
1046 2345 1123 2385 quid
1135 2345 1286 2375 convenit
1301 2351 1433 2385 quanto.

371 2391 411 2421 Et
434 2391 497 2420 hoc
512 2389 612 2420 modo
630 2390 790 2420 abstractis
806 2389 1083 2430 personalitatibus
1106 2389 1202 2420 trium
1225 2398 1434 2429 personarum

371 2445 389 2465 a
412 2435 493 2470 Deo,
517 2443 585 2464 non
608 2439 751 2464 remanet
774 2433 978 2473 intelligenda
1000 2434 1034 2463 in
1050 2434 1121 2463 Deo
1145 2433 1362 2473 personalitas,
1379 2432 1435 2463 sed

371 2478 587 2509 subsistentia:
613 2478 688 2517 quia
707 2478 812 2508 solum
835 2483 978 2508 remanet
1000 2478 1052 2508 hic
1068 2478 1166 2513 Deus,
1190 2482 1226 2507 ut
1250 2477 1371 2516 optime
1388 2487 1434 2507 ar-

370 2528 561 2562 gumentum
585 2522 757 2552 concludit.
781 2540 804 2544 —
826 2522 900 2552 Alio
917 2521 1027 2557 modo,
1050 2520 1281 2551 considerando
1298 2520 1330 2551 id
1346 2520 1436 2561 quod

371 2571 605 2606 consequenter
621 2572 702 2596 esset
725 2571 779 2596 aut
794 2565 1022 2605 intelligeretur
1038 2575 1076 2595 ex
1092 2566 1317 2595 abstractione:
1343 2566 1434 2601 sicut,

370 2612 403 2641 in
426 2611 573 2650 exemplo
594 2610 679 2646 dato,
697 2609 831 2640 dicimus
848 2609 937 2649 quod
953 2610 1085 2649 sphaera
1100 2614 1241 2649 tangeret
1257 2609 1435 2639 secundum

371 2665 438 2685 rem
462 2655 595 2694 planum
618 2654 651 2683 in
674 2659 796 2694 puncto
822 2653 924 2694 (quod
947 2663 1035 2684 nunc
1058 2653 1098 2683 de
1121 2652 1205 2683 facto
1229 2663 1296 2683 non
1311 2652 1436 2683 videtur

371 2699 538 2738 possibile:
556 2708 631 2728 cum
647 2698 725 2728 haec
741 2699 774 2728 in
790 2707 822 2728 re
838 2707 907 2728 non
922 2697 1153 2737 inveniantur);
1171 2703 1202 2727 et
1219 2697 1317 2737 quod,
1335 2706 1435 2737 quan-

370 2749 582 2782 tumcumque
606 2747 763 2782 quantum
785 2741 975 2772 divideretur
994 2742 1165 2777 actualiter,
1190 2751 1315 2781 semper
1334 2751 1436 2771 rema—

371 2792 459 2816 neret
482 2786 567 2817 idem
590 2796 726 2816 numero
752 2785 855 2826 (quod
870 2785 970 2816 modo
991 2791 1115 2816 constat
1131 2795 1199 2815 esse
1222 2785 1434 2825 impossibile:

372 2831 446 2870 quia
463 2831 573 2860 saltem
597 2830 806 2860 resolveretur
824 2831 858 2860 in
882 2829 1073 2869 continens).
1098 2829 1138 2859 Et
1161 2830 1224 2859 hoc
1242 2828 1342 2859 modo
1367 2830 1436 2859 abs-

371 2875 475 2904 tractis
491 2875 767 2914 personalitatibus
783 2874 879 2904 trium
894 2883 1104 2914 personarum
1121 2883 1138 2903 a
1154 2874 1235 2910 Deo,
1260 2879 1436 2903 remaneret

372 2928 435 2948 una
459 2919 674 2958 personalitas.
699 2918 783 2956 Quia
807 2918 936 2954 scilicet,
960 2919 985 2948 si
1009 2927 1077 2948 non
1101 2923 1206 2947 essent
1220 2918 1253 2948 in
1270 2917 1341 2948 Deo
1364 2926 1435 2957 per-

372 2963 552 2992 sonalitates
569 2963 663 2992 trium
680 2972 899 3002 personarum,
921 2963 1056 2992 essentia
1072 2961 1177 2992 divina
1193 2966 1273 2992 esset
1288 2971 1353 2992 una
1368 2967 1435 2991 tan-

372 3012 441 3036 tum
464 3016 600 3046 persona
624 3007 778 3042 absoluta,
803 3012 839 3037 ut
862 3006 970 3036 Iudaei
989 3011 1019 3036 et
1038 3005 1223 3046 philosophi
1245 3005 1434 3045 intelligunt.

372 3051 413 3080 Et
436 3051 498 3080 hoc
521 3050 657 3081 intendit
679 3051 802 3080 Auctor
824 3051 858 3080 in
881 3051 992 3080 littera.
1017 3050 1057 3080 Et
1081 3049 1120 3080 ad
1143 3049 1327 3080 evitandum
1345 3059 1435 3080 men-

374 3093 500 3124 dacium
529 3095 562 3124 in
592 3094 706 3124 talibus
737 3094 999 3124 abstractionibus
1029 3104 1097 3124 non
1125 3099 1254 3134 oportet
1279 3094 1436 3134 respicere

374 3137 412 3167 ad
436 3138 599 3167 veritatem
624 3138 691 3167 eius
722 3137 810 3177 quod
833 3138 866 3167 in
890 3148 922 3168 re
947 3144 1007 3168 est:
1040 3137 1096 3168 sed
1120 3138 1159 3168 ad
1181 3138 1344 3168 veritatem
1369 3138 1436 3168 eius

374 3182 462 3221 quod
487 3187 583 3217 esset;
608 3181 670 3211 hoc
695 3187 750 3217 est,
775 3181 814 3210 ad
830 3182 992 3211 veritatem
1010 3182 1233 3212 conditionalis
1256 3191 1351 3222 super
1367 3181 1436 3212 abs-

374 3226 527 3255 tractione
550 3224 716 3260 fundatae,
747 3230 840 3264 puta,
866 3226 891 3254 si
915 3231 1070 3264 quantum
1094 3232 1174 3256 esset
1198 3227 1264 3256 sine
1286 3226 1436 3256 naturali-

374 3275 453 3304 tate,
474 3275 551 3305 etc.;
586 3269 611 3298 si
643 3267 748 3298 divina
778 3274 888 3298 natura
919 3274 999 3298 esset
1029 3270 1096 3299 sine
1125 3270 1262 3300 trinitate
1285 3279 1436 3309 persona-

374 3322 462 3348 rum,
480 3319 556 3348 etc.;
588 3318 619 3342 et
648 3313 692 3342 sic
723 3311 761 3342 de
792 3312 957 3342 similibus.
992 3312 1113 3342 Veritas
1137 3314 1222 3343 enim
1250 3313 1436 3344 huiusmodi

376 3356 639 3386 conditionalium
663 3355 751 3395 fugat
773 3355 977 3386 mendacium
1001 3356 1039 3385 ab
1063 3356 1281 3388 abstractione.

432 3400 471 3429 Et
501 3400 680 3439 diligentius
712 3400 736 3429 si
764 3399 998 3439 contemplatus
1022 3398 1117 3429 fueris
1140 3401 1234 3430 verba
1257 3401 1376 3431 litterae
1403 3402 1436 3432 in

376 3445 583 3483 responsione
607 3443 646 3474 ad
667 3445 817 3483 primum,
834 3443 976 3473 invenies
993 3443 1034 3472 ob
1052 3442 1171 3473 dictum
1189 3443 1349 3483 duplicem
1365 3455 1436 3475 mo—

377 3486 453 3516 durn
478 3487 660 3517 remanendi
685 3492 757 3527 post
781 3487 1042 3522 abstractionem,
1074 3487 1192 3516 scilicet
1216 3487 1254 3517 de
1278 3487 1362 3518 facto
1385 3488 1436 3518 vel

377 3537 625 3570 consequenter,
650 3530 771 3561 dictum
795 3540 861 3561 esse
886 3531 943 3561 sub
968 3529 1180 3561 disiunctione
1204 3531 1251 3560 bis
1274 3541 1436 3562 remanere

377 3575 409 3604 in
433 3574 545 3604 divinis
569 3575 740 3604 subsistens
763 3574 813 3604 vel
837 3583 1024 3614 personam,
1049 3574 1208 3604 abstractis
1232 3575 1436 3613 personalita-

136 718 145 727 ·
160 716 230 738 Num.
246 722 277 738 ix.

135 763 146 774 ⁸
160 763 230 784 Num.
246 768 261 784 ι.

133 1603 142 1613 “
157 1602 227 1623 Num.
242 1608 292 1629 seq.

1493 326 1588 357 tibus.
1623 326 1672 357 De
1699 326 1788 359 facto
1815 327 1915 360 enim.
1931 334 2074 360 remanet
2103 328 2293 361 subsistens:
2326 338 2469 371 consequ

1493 375 1600 407 autem
1623 376 1808 410 remaneret:
1821 379 2056 411 personantia,
2371 392 2373 411 ς
2460 394 2462 396 v
2483 392 2489 407 ,-
2511 394 2514 399 ·

1548 413 1616 447 VII.
1641 414 1677 458 In
1698 416 1908 456 responsione
1931 415 1972 459 ad
1993 417 2133 459 tertium,
2157 417 2293 449 dubium
2308 419 2455 459 occurrit,
2479 412 2559 464 quid

1491 457 1639 501 intelligit
1661 457 1785 488 Auctor
1807 459 1940 501 nomine
1962 453 2189 491 abstractionis
2204 471 2269 502 per
2283 460 2414 499 modum
2433 455 2558 494 resoluss

1493 500 1600 531 tionis.
1624 501 1666 531 Et
1685 507 1732 532 est
1745 502 1835 532 ‘ran'o'
1850 501 1939 533 dubii
1961 499 2126 534 hincinde
2142 514 2180 534 ex
2195 505 2323 537 hacmet
2336 498 2557 546 respon-aori&

1492 543 1657 581 Quoniam
1688 554 1735 575 επ
1754 546 1914 586 principio
1939 547 2039 578 huius
2068 548 2286 588 responsionis
2309 550 2447 589 apparet·
2468 548 2558 590 quod

1492 588 1660 620 abstractio
1689 597 1747 629 per
1769 589 1905 621 modum
1926 591 2131 625 resolutionis
2155 598 2201 622 est
2223 593 2392 623 abstractio
2416 592 2486 633 quaa
2501 599 2558 624 aut

1491 632 1668 665 universale
1691 643 1709 663 a
1730 634 1985 674 partientes-ibus,
2009 641 2065 674 aut
2084 635 2190 668 {orma
2213 646 2232 666 a
2253 637 2384 672 materia
2405 637 2557 674 obmului-

1491 680 1550 706 tur.
1560 706 1565 720 η,
1576 675 1741 714 Quoniam
1763 677 1842 709 haec
1865 678 2032 719 abstractio
2057 685 2103 710 est
2126 679 2166 710 de
2182 689 2246 720 qua
2267 680 2396 711 locutus
2420 686 2466 712 est
2488 680 2556 716 Λιι-

1491 723 1560 748 ctor
1582 719 1615 749 in
1638 719 1757 762 Prima,
1783 724 1840 762 qu:
1859 730 1907 762 xz,
1932 726 1993 755 art.‘
2008 719 2139 765 3,·cum
2161 722 2248 759 dixit,
2272 723 2425 757 abstracta
2446 724 2557 766 perso-

1490 762 1628 799 nalitate,
1644 764 1725 794 nihil
1745 764 1891 795 manere:
1922 764 2020 806 quam
2042 766 2095 797 hic
2111 767 2274 807 arguendo
2294 768 2441 808 explicite
2456 763 2556 805 affert,

1491 811 1522 836 et
1541 807 1767 846 respondendo
1790 809 1922 848 exponit
1937 809 2026 849 quod
2047 812 2161 840 verum
2183 810 2304 842 dietum
2321 817 2368 842 est
2389 811 2560 852 loquendo*

1490 850 1529 880 de
1552 851 1762 882 abstractione
1786 861 1850 892 per
1870 853 2010 884 modum
2037 854 2251 885 resolutionis.
2272 873 2297 878 —
2320 855 2369 886 Ex
2390 855 2477 886 calce
2500 864 2557 890 au-

1489 899 1555 926 tem
1584 895 1746 926 huiusmet
1776 897 1992 936 responsionis
2015 904 2146 938 apparet
2177 899 2383 939 oppositum,
2407 898 2490 931 dum>
2504 899 2557 934 ›di-

1489 939 1585 969 citur:
1609 939 1719 970 Potest
1739 944 1844 971 tamen
1868 940 1992 982 aliquid
2015 950 2127 975 eorum
2149 951 2234 983 quae
2254 942 2407 975 dicuntur
2430 943 2470 975 de
2483 943 2555 978 Deo

1491 982 1631 1024 intelligi
1653 983 1723 1014 sine
1745 983 1829 1020 alio,
1864 994 1928 1015 non
1946 994 2010 1025 per
2032 985 2162 1016 modum
2186 985 2403 1024 resolutionis.
2437 986 2484 1017 Ex
2506 986 2557 1019 his

1491 1027 1577 1057 enim
1600 1027 1703 1057 verbis
1727 1027 1810 1058 clare
1825 1028 1960 1058 habetur
1981 1028 2071 1068 quod
2092 1030 2260 1060 abstractio
2283 1037 2342 1070 per
2355 1027 2492 1061 modurn
2507 1034 2556 1062 re&

1491 1071 1661 1101 solutionis
1684 1081 1751 1101 non
1774 1071 1870 1102 habet
1892 1072 2003 1103 locum
2026 1073 2059 1103 in
2082 1073 2164 1104 Deo.
2534 1072 2555 1094 ·'

1547 1115 1642 1145 Tunc
1661 1116 1715 1145 sic.
1739 1115 1918 1146 Abstractio
1941 1125 1999 1156 per
2013 1116 2148 1147 modum
2171 1117 2357 1148 universalis
2372 1122 2403 1148 et
2418 1118 2556 1158 partietu-

1491 1159 1580 1195 laris,
1605 1164 1636 1189 et
1659 1159 1801 1190 similiter
1823 1169 1881 1200 per
1906 1159 2042 1191 modum
2071 1160 2193 1192 formae
2217 1166 2248 1191 et
2270 1162 2437 1198 materiae,
2460 1162 2557 1193 habet

1491 1203 1602 1234 locum
1618 1204 1651 1234 in
1668 1203 1749 1234 Deo.
1774 1203 1837 1234 Sed
1856 1204 2023 1235 abstractio
2039 1213 2096 1244 per
2110 1204 2247 1236 modum
2269 1205 2474 1239 resolutionis
2488 1215 2558 1238 non

1491 1247 1586 1277 habet
1608 1247 1718 1278 locum
1741 1247 1774 1277 in
1795 1247 1876 1278 Deo.
1900 1247 1985 1288 Ergo
2009 1249 2176 1279 abstractio
2199 1258 2258 1289 per
2274 1248 2410 1280 modum
2433 1249 2555 1280 resolu-

1490 1291 1587 1321 tionis
1610 1300 1677 1322 non
1705 1296 1752 1322 est
1778 1291 1945 1322 abstractio
1973 1300 2036 1332 qua
2061 1292 2239 1323 universale
2263 1302 2280 1324 a
2302 1293 2553 1333 particularibus,

1491 1340 1546 1365 aut
1568 1334 1672 1365 forma
1694 1345 1712 1365 a
1734 1336 1864 1366 materia
1887 1336 2084 1367 abstrahitur.
2107 1354 2131 1359 —
2152 1337 2364 1377 Assumptum
2390 1337 2553 1378 probatur.

1490 1378 1576 1416 Quia
1591 1379 1770 1410 secundum
1785 1380 2030 1411 abstractionem
2052 1380 2238 1411 universalis
2261 1390 2280 1411 a
2301 1381 2553 1420 particularibus,

1491 1423 1579 1453 Deus
1594 1423 1744 1454 abstrahit
1758 1433 1776 1454 a
1792 1423 1882 1454 Patre
1903 1429 1934 1454 et
1949 1423 2032 1454 Filio
2048 1430 2080 1455 et
2096 1423 2215 1464 Spiritu
2231 1424 2360 1461 Sancto,
2376 1430 2413 1455 ut
2434 1424 2554 1456 ibidem

1490 1467 1614 1497 Auctor
1629 1466 1721 1497 dicit:
1740 1472 1771 1497 et
1786 1466 1964 1497 secundum
1980 1468 2224 1498 abstractionem
2241 1467 2363 1499 formae
2380 1478 2397 1498 a
2413 1469 2553 1506 materia,

1491 1511 1673 1541 communis
1696 1511 1824 1550 spiratio
1849 1511 1998 1541 abstrahit
2020 1521 2038 1542 a
2060 1512 2161 1542 Patre.
2186 1512 2289 1548 Unde,
2306 1513 2468 1542 abstractis
2482 1522 2554 1553 per-

1491 1555 1594 1590 sonis,
1618 1560 1761 1584 remanet
1790 1555 1894 1591 Deus;
1926 1561 1967 1591 et,
1991 1556 2145 1586 abstracta
2174 1556 2342 1586 communi
2371 1556 2553 1596 spiratione,

1490 1603 1632 1628 remanet
1647 1607 1783 1638 persona
1795 1598 1907 1628 Patris:
1921 1600 2066 1638 quamvis
2082 1599 2260 1629 secundum
2276 1605 2421 1630 neutram
2437 1601 2554 1630 abstra-

1490 1642 1632 1672 ctionem
1662 1642 1823 1673 abstractis
1852 1643 2073 1682 personalibus
2103 1643 2364 1683 proprietatibus,
2393 1649 2557 1675 remaneat

1490 1686 1680 1726 hypostasis,
1704 1691 1740 1716 ut
1762 1686 1806 1716 ibi
1830 1685 1954 1717 dicitur.

1545 1729 1627 1760 VIII.
1640 1729 1692 1760 Ad
1704 1731 1766 1760 hoc
1779 1730 1894 1761 dicitur
1909 1729 1999 1770 quod
2014 1740 2119 1761 sermo
2135 1731 2256 1762 litterae
2272 1731 2367 1762 huius
2379 1736 2426 1762 est
2437 1731 2555 1767 forma-⁵

1490 1773 1560 1803 liter
1574 1773 1798 1813 intelligendus
1821 1773 1860 1804 de
1876 1775 2086 1805 abstractione
2109 1775 2290 1810 resolutiva‚
2307 1780 2339 1806 et
2356 1784 2425 1806 non
2440 1775 2480 1806 de
2494 1775 2556 1807 hac

1489 1817 1540 1847 vel
1556 1817 1608 1847 illa
1625 1818 1730 1857 specie
1747 1818 1965 1848 abstractionis
1980 1818 2181 1849 resoluu‘vae.
2193 1818 2256 1849 Pro
2273 1819 2364 1850 cuius
2379 1819 2555 1856 intellectu,

1490 1861 1756 1891 considerandum
1780 1867 1827 1891 est
1849 1861 1949 1901 quod,
1973 1863 2049 1902 quia
2067 1862 2220 1893 resolutio
2244 1863 2474 1903 compositioni
2496 1872 2555 1903 op-

1489 1905 1620 1945 ponitur
1643 1905 1748 1945 (cuius
1772 1905 1898 1945 signum
1922 1911 1969 1936 est
1992 1905 2081 1946 quod
2104 1915 2318 1946 unaquaeque
2333 1916 2382 1937 res
2404 1907 2439 1937 in
2454 1917 2492 1938 ea
2506 1916 2555 1938 re-

1489 1948 1622 1979 solvitur
1645 1958 1682 1980 ex
1707 1949 1823 1989 quibus
1847 1949 2026 1989 composita
2042 1955 2104 1986 est;
2130 1955 2162 1980 et
2184 1950 2274 1991 quod
2292 1951 2438 1981 ultimum
2454 1951 2488 1981 in
2505 1960 2555 1982 re-

1488 1993 1650 2023 solutione
1666 1994 1810 2033 primam
1834 1993 1866 2023 in
1883 1994 2114 2034 compositione
2136 1993 2275 2034 dicitur),
2291 1994 2376 2031 ideo,
2393 1995 2449 2025 ubi
2466 1994 2556 2026 nulla

1489 2042 1535 2066 est
1559 2038 1752 2077 compositio
1776 2047 1883 2068 rerum
1905 2037 1956 2068 vel
1979 2038 2211 2074 intellectuum,
2226 2039 2271 2068 ibi
2286 2038 2374 2069 nulla
2388 2039 2554 2076 resolutio,

1488 2080 1662 2111 formaliter
1685 2086 1716 2111 et
1731 2081 1860 2121 proprie
1875 2081 2052 2121 loquend0‚
2075 2082 2186 2112 locum
2204 2083 2309 2112 habet.
2334 2082 2555 2122 Compositio-

1488 2134 1563 2155 nem
1593 2130 1700 2155 autem
1731 2125 1952 2156 intellectuum
1981 2125 2070 2162 dico,
2102 2135 2171 2156 non
2202 2135 2239 2156 ex
2265 2131 2353 2166 parte
2375 2126 2556 2158 intellectus

1488 2174 1612 2199 tantum
1642 2169 1860 2209 multipliciter
1888 2169 2092 2209 intelligentis
2122 2170 2410 2210 simplicissimum,
2438 2169 2494 2200 sed
2516 2179 2556 2202 ex

1487 2218 1576 2252 parte
1599 2213 1654 2243 rei.
1686 2213 1797 2251 Qualis
1820 2218 1868 2243 est
1890 2214 2084 2254 compositio
2109 2223 2146 2244 ex
2169 2223 2294 2254 genere·
2308 2219 2340 2244 et
2362 2213 2554 2251 differentia,

1487 2257 1544 2287 ubi
1566 2267 1634 2287 non
1657 2266 1780 2293 rerum,
1811 2257 1867 2288 sed
1896 2258 2057 2288 rationum
2088 2258 2281 2298 compositio
2310 2263 2374 2294 est,
2405 2267 2444 2288 ex
2465 2263 2555 2298 parte

1486 2306 1594 2331 tamen
1617 2302 1679 2331 rei:
1704 2307 1816 2331 natura
1838 2301 1997 2341 siquidem
2019 2302 2144 2342 generis
2167 2302 2227 2332 alia
2250 2307 2296 2332 est
2319 2312 2337 2332 a
2359 2307 2471 2332 natura
2494 2300 2554 2333 dis-

1487 2343 1638 2375 ferentiae
1655 2345 1754 2385 (unde
1771 2351 1802 2375 et
1817 2351 1977 2386 separatae
1992 2346 2223 2386 inveniuntur),
2245 2346 2390 2386 quamvis
2405 2346 2439 2376 in
2454 2354 2555 2376 unam

1487 2398 1555 2419 rem
1579 2395 1710 2426 coeant;
1735 2395 1765 2420 et
1788 2395 1958 2430 propterea
1981 2399 2018 2420 ex
2034 2395 2146 2420 natura
2161 2390 2206 2420 rei
2226 2390 2326 2420 oritur
2346 2389 2506 2420 distinctio
2521 2394 2554 2420 et

1488 2434 1682 2473 compositio
1706 2433 1928 2464 intellectuum
1950 2434 2074 2474 generis
2097 2439 2129 2464 et
2151 2433 2362 2469 differentiae,
2386 2438 2418 2464 et
2440 2442 2554 2464 conse-

1489 2482 1623 2518 quenter
1645 2478 1809 2508 resolutio.
1845 2478 1890 2508 Ita
1913 2477 2003 2518 quod
2025 2478 2193 2508 abstractio
2217 2477 2388 2508 resolutiva
2410 2478 2556 2508 continet

1488 2521 1546 2551 sub
1570 2531 1603 2551 se
1627 2522 1872 2552 abstractionem
1895 2521 2019 2561 generis
2042 2531 2060 2551 a
2083 2521 2282 2557 differentiis,
2314 2527 2346 2552 et
2367 2521 2555 2553 universalis

1488 2576 1506 2595 a
1522 2565 1773 2605 particularibus,
1793 2571 1824 2596 et
1839 2565 1961 2595 formae
1977 2575 1995 2595 a
2009 2566 2157 2606 materia:
2183 2566 2338 2605 quoniam
2353 2565 2387 2595 in
2403 2565 2555 2596 omnibus

1487 2609 1546 2645 his,
1570 2610 1699 2649 proprie
1722 2609 1867 2649 sumptis,
1890 2609 2050 2640 invenitur
2073 2610 2266 2649 compositio
2291 2615 2321 2640 et
2336 2609 2489 2642 resolutio
2505 2619 2554 2641 re—

1487 2663 1576 2689 rum,
1601 2654 1651 2683 vel
1674 2653 1896 2684 intellectuum
1919 2663 1958 2683 ex
1980 2658 2068 2693 parte
2091 2654 2147 2683 rei.
2183 2653 2223 2683 Et
2246 2654 2402 2694 quoniam
2425 2654 2458 2684 in
2481 2653 2553 2684 Deo

1488 2697 1577 2727 nulla
1607 2702 1653 2727 est
1684 2697 1877 2737 compositio
1908 2697 1973 2727 sive
1996 2697 2173 2727 secundum
2197 2707 2265 2727 rem
2287 2697 2353 2728 sive
2375 2696 2555 2732 secundum

1489 2742 1646 2771 rationem
1669 2751 1708 2771 ex
1729 2747 1818 2781 parte
1841 2741 1895 2776 rei,
1919 2740 1992 2771 ideo
2017 2742 2139 2781 optime
2154 2742 2187 2771 in
2203 2742 2306 2772 littera
2328 2741 2442 2772 dicitur
2464 2739 2555 2781 quod

1489 2786 1523 2816 in
1546 2785 1617 2815 Deo
1647 2795 1715 2815 non
1738 2785 1833 2815 habet
1855 2785 1966 2815 locum
1989 2786 2157 2816 abstractio
2180 2785 2361 2816 resolutiva.
2397 2785 2442 2816 Ita
2464 2783 2555 2826 quod

1489 2830 1552 2860 hoc
1577 2829 1666 2869 quod
1688 2830 1721 2859 in
1745 2829 1830 2859 calce
1853 2829 1948 2859 huius
1963 2829 2179 2869 responsionis
2195 2829 2319 2866 dicitur,
2339 2835 2387 2860 est
2408 2828 2554 2860 illudmet

1490 2872 1580 2913 quod
1603 2872 1724 2903 dictum
1740 2878 1786 2903 est
1809 2873 1842 2903 in
1858 2873 2016 2913 principio
2033 2874 2176 2914 corporis
2191 2874 2287 2904 huius
2303 2873 2435 2910 articuli,
2451 2871 2551 2913 quod,

1489 2917 1696 2957 intelligendo
1720 2917 1825 2947 Deum
1849 2917 1942 2947 sicuti
1958 2922 2013 2953 est,
2037 2927 2105 2948 non
2127 2917 2222 2948 habet
2244 2917 2278 2948 in
2294 2926 2333 2948 eo
2356 2917 2467 2948 locum
2482 2916 2552 2947 abs-

1489 2961 1611 2991 uactio.
1637 2961 1671 2991 In
1696 2962 1786 2991 cuius
1810 2961 1947 3001 signum,
1971 2961 2004 2991 in
2028 2961 2114 2991 calce
2132 2961 2227 2992 huius
2242 2961 2459 3002 responsionis
2473 2969 2552 2991 con-

1489 3005 1668 3045 traponitur
1689 3004 1722 3035 id
1745 3004 1835 3045 quod
1857 3006 1890 3035 in
1913 3014 2049 3045 corpore
2073 3005 2196 3036 articuli
2219 3004 2471 3045 contrapositum
2493 3009 2551 3040 est,

1489 3049 1608 3080 scilicet
1630 3049 1808 3079 abstrahere
1832 3059 1870 3079 ex
1888 3054 1976 3089 parte
1991 3049 2170 3080 intellectus
2189 3054 2314 3080 tantum
2334 3047 2552 3088 multipliciter

1490 3099 1521 3124 et
1544 3092 1668 3124 divisim
1691 3093 1893 3133 intelligentis
1917 3093 2006 3133 quod
2029 3093 2163 3134 simplex
2186 3098 2242 3124 est.

1544 3136 1596 3167 Ad
1625 3136 1657 3167 id
1687 3142 1794 3167 autem
1825 3136 1914 3177 quod
1938 3137 2086 3168 obiicitur
2116 3147 2154 3168 ex
2175 3136 2282 3167 Prima
2302 3135 2409 3172 Parte,
2437 3133 2551 3166 dicitur

1491 3180 1580 3222 quod
1602 3181 1725 3211 Auctor
1747 3181 1799 3212 hic
1822 3181 1965 3222 loquitur
1987 3180 2027 3212 de
2049 3181 2102 3211 illa
2124 3179 2334 3211 abstractione
2357 3178 2397 3210 de
2420 3188 2484 3219 qua
2506 3179 2551 3209 ibi

1489 3226 1617 3256 locutus
1641 3231 1696 3261 est,
1721 3225 1776 3255 sed
1799 3225 1896 3256 aliter.
1930 3225 2015 3263 Quia
2036 3225 2081 3255 ibi
2102 3224 2230 3255 Iocutus
2253 3228 2300 3254 est
2322 3222 2362 3253 de
2382 3222 2551 3262 speciebus

1490 3269 1707 3300 abstractionis
1722 3269 1922 3305 resolutivae,
1946 3269 2065 3300 scilicet
2079 3267 2262 3298 universalis
2277 3277 2296 3297 a
2310 3266 2550 3307 particularibus

1490 3319 1521 3344 et
1543 3313 1665 3344 formae
1688 3323 1706 3343 a
1729 3314 1875 3344 materia:
1899 3313 1951 3343 hic
1973 3311 2116 3352 loquitur
2138 3310 2177 3342 de
2200 3311 2276 3351 ipsis
2297 3311 2331 3341 in
2345 3319 2406 3341 suo
2421 3319 2548 3350 genere,

1489 3357 1609 3388 scilicet
1630 3358 1842 3388 abstractione
1865 3356 2044 3388 resolutiva.
2066 3372 2090 3378 -—
2111 3355 2242 3391 Rursus,
2266 3354 2310 3385 ibi
2330 3359 2426 3394 negat
2446 3363 2549 3384 rema-

1489 3411 1564 3432 nere
1587 3411 1755 3441 personas,
1784 3399 1980 3431 admittendo
2003 3399 2037 3429 in
2059 3397 2112 3429 illa
2133 3398 2264 3429 materia
2293 3397 2548 3434 abstractionem,

1489 3454 1555 3475 non
1572 3444 1786 3481 resolutivam,
1803 3443 1858 3475 sed
1873 3443 1965 3485 quasi
1979 3442 2023 3473 ad
2037 3442 2166 3473 modum
2182 3441 2451 3472 resolutivarum:
2466 3451 2549 3482 quo-

1489 3489 1576 3518 niam
1599 3498 1743 3529 expresse
1766 3489 1811 3519 ibi
1830 3487 1943 3518 dicitur
1966 3485 2055 3527 quod
2070 3486 2114 3516 ibi
2129 3495 2189 3516 nec
2204 3485 2380 3516 universale
2402 3495 2462 3516 nec
2478 3495 2551 3526 par·

1490 3531 1630 3567 ticulare,
1654 3542 1714 3563 nec
1738 3532 1840 3562 forma
1862 3540 1922 3562 nec
1944 3530 2074 3561 materia
2095 3530 2265 3566 invenitur,
2282 3535 2341 3560 etc.
2366 3529 2428 3560 Hic
2443 3536 2549 3570 negat,

1490 3584 1556 3604 non
1581 3575 1686 3605 solum
1709 3577 1742 3606 in
1765 3576 1817 3606 illa
1840 3574 1982 3611 materia,
2006 3572 2061 3604 sed
2083 3573 2219 3604 totaliter
2241 3573 2274 3603 in
2298 3573 2410 3604 divinis
2434 3574 2550 3604 habere
