2872 3970
2 1565 9 1590 ς
80 1563 95 1575 ·
106 1562 140 1586 111
151 1562 224 1589 Seu„
238 1562 291 1585 dist.

3 1595 11 1601 ”
30 1590 45 1613 '.
78 1594 206 1639 ‘vinacia-m,
220 1589 249 1611 ad
261 1590 292 1612 1¹¹¹

23 1967 41 1969 ·
81 1956 96 1970 ⁸
107 1956 144 1980 ef.
158 1962 223 1979 uum.
237 1962 277 1979 vn.

22 2429 25 2432 s
77 2399 93 2409 ⁴
106 2398 143 2422 Cf·
161 2404 226 2421 uum.
240 2404 290 2421 vm.

42 2743 44 2746 ’
80 2745 94 2756 ·
106 2743 143 2766 Ct.
157 2750 221 2767 num.
237 2750 269 2766 ix.

9 2779 20 2799 ’τ’
33 2790 52 2813 ἰ
80 2793 95 2805 ·
106 2793 144 2816 Λα
159 2794 191 2817 ιω
205 2794 260 2816 aab.

1063 243 1326 289 QUAESTIO
1354 244 1387 290 I,
1418 242 1709 280 ARTICULUS
1737 243 1782 279 III

2466 239 2508 276 15

1008 347 1340 379 Commentaria
1364 346 1615 379 Cardinalis
1638 347 1836 379 Caietani

357 429 377 450 N
401 419 534 449 articulo
559 418 651 448 tertio
676 417 819 448 eiusdem
843 417 1039 457 quaestionis
1063 416 1128 447 duo
1152 417 1243 447 fiunt.
1271 417 1388 451 Primo,

331 430 537 494 Ireferuntur
560 461 700 492 diversae
716 462 887 501 opiniones
911 462 993 491 circa
1013 461 1202 500 quaesitum.
1228 460 1388 496 Secundo,

324 506 536 548 respondetur
559 506 720 546 quaesito,
751 504 960 545 praeferendo
983 504 1158 535 secundam
1181 504 1388 544 opinionem,

324 550 448 581 duabus
472 549 750 580 conclusionibus:
775 549 871 579 altera
894 548 932 578 de
955 548 1049 584 facto,
1073 548 1190 580 directe
1206 549 1389 588 responsiva

324 595 469 634 quaesito
493 594 654 633 negative3
678 593 775 623 altera
797 592 837 622 de
852 593 1005 632 possibili,
1030 598 1186 623 asserente
1206 598 1328 632 partem
1344 591 1388 622 af-

324 637 524 668 firmativam.

378 682 484 712 Prima
507 681 674 711 conclusio
699 686 760 711 est:
785 681 919 710 Peccata
937 690 1001 711 non
1022 681 1186 716 existente,
1204 680 1387 710 incarnatio

323 735 389 756 non
403 726 536 768 suisset.
559 725 725 755 Probatur.
749 725 785 754 In
808 734 895 754 sacra
917 725 1079 764 Scriptura
1101 725 1223 764 ubique
1245 724 1388 754 incarna—
1414 723 1416 741 ῑ

322 769 420 800 tionis
442 769 522 800 ratio
546 778 584 799 ex
606 774 740 808 peccato
764 769 859 808 primi
873 769 1015 798 hominis
1030 769 1213 808 assignatur.
1238 768 1324 808 Ergo
1339 769 1388 798 in-

324 813 514 844 carnationis
537 822 620 852 opus
644 812 826 842 ordinatum
845 821 912 842 esse
929 822 946 842 a
962 813 1032 843 Deo
1056 813 1090 842 in
1112 811 1290 842 remedium
1313 821 1388 851 pec-

322 857 394 893 cati,
418 856 663 888 convenientius
687 855 819 891 dicitur„
847 856 944 896 Ergo,
968 861 1101 896 peccato
1126 866 1194 886 non
1218 856 1386 891 existente,

322 901 496 931 incarnatio
519 909 587 931 non
610 900 730 930 fuisset.
754 917 775 923 ·-
798 900 1001 931 Antecedens
1024 910 1083 940 pro
1099 899 1238 931 evidenti
1256 900 1387 930 assumi—

320 950 383 975 tur.
405 963 429 967 —
451 945 556 975 Prima
574 944 805 984 consequentia
827 945 989 985 probatur.
1014 944 1099 982 Quia
1115 953 1152 974 ea
1167 953 1250 983 quae
1267 953 1304 973 ex
1319 943 1388 973 sola

322 989 383 1019 Dei
397 988 573 1024 voluntate,
589 997 685 1028 supra
707 997 805 1018 omne
829 988 972 1019 debitum
995 994 1166 1023 creaturae,
1182 988 1386 1027 proveniunt,

321 1033 416 1063 nobis
444 1042 512 1063 non
535 1033 742 1063 innotescunt
771 1033 832 1062 nisi
856 1038 1013 1072 quatenus
1043 1033 1076 1062 in
1100 1041 1187 1062 sacra
1209 1031 1387 1071 Scriptura,

320 1077 356 1107 in
379 1086 443 1117 qua
465 1076 571 1107 divina
593 1077 688 1107 nobis
710 1076 858 1106 voluntas
881 1075 1110 1111 manifestatur,
1134 1074 1309 1106 traduntur.

377 1120 526 1151 Secunda
559 1120 726 1150 conclusio
759 1125 820 1150 est:
844 1120 933 1150 Deus
959 1121 1135 1160 potuisset,
1155 1124 1290 1159 peccato
1321 1128 1386 1149 non

322 1165 486 1200 existente,
503 1164 681 1195 incarnari.
712 1164 876 1194 Probatur.
908 1164 993 1202 Quia
1015 1164 1159 1204 potentia
1177 1163 1238 1193 Dei
1260 1173 1328 1193 non
1350 1163 1387 1193 li-

321 1209 451 1239 mitatur
473 1208 513 1238 ad
536 1209 613 1244 hoc,
637 1208 758 1238 scilicet
781 1207 871 1247 quod
893 1208 1068 1237 incarnatio
1092 1207 1131 1237 sit
1153 1207 1186 1236 in
1209 1206 1387 1237 remedium

322 1252 457 1292 peccati.

376 1295 472 1326 Circa
493 1296 589 1326 verba
612 1296 733 1326 litterae
755 1300 833 1325 nota
856 1294 932 1325 duo.
957 1295 1080 1330 Primo,
1105 1294 1195 1334 quod
1217 1294 1250 1335 ly
1273 1304 1387 1325 conve-

321 1340 461 1370 nientius
483 1340 758 1380 comparationem
774 1345 898 1369 exercet
918 1344 1066 1379 respectu
1081 1339 1207 1368 alterius
1224 1339 1387 1379 opinionis

321 1384 513 1414 contrariae:
547 1383 591 1414 ita
621 1382 711 1423 quod
741 1392 779 1413 ex
808 1383 953 1413 revelatis
982 1383 1016 1413 in
1042 1392 1129 1413 sacra
1157 1382 1318 1422 Scriptura
1347 1383 1387 1414 de

321 1427 427 1458 divina
440 1428 616 1463 voluntate,
641 1427 885 1457 convenientius
901 1426 1016 1457 dicitur
1033 1436 1105 1467 pars
1120 1426 1266 1466 negativa
1289 1436 1387 1466 quam

320 1471 514 1502 affirmativa.
538 1489 562 1494 —-
583 1470 753 1507 Secundo,
783 1470 874 1511 quod
902 1471 1027 1501 Auctor
1055 1471 1199 1510 loquitur
1226 1470 1266 1501 de
1289 1481 1386 1511 opere

319 1516 547 1546 incarnationis
569 1521 606 1546 ut
628 1516 691 1546 sic:
723 1521 754 1546 et
776 1525 845 1545 non
867 1520 903 1545 ut
926 1514 1125 1555 redemptivo
1150 1520 1181 1545 et
1203 1515 1386 1551 liberativo,

320 1565 356 1590 ut
370 1560 486 1591 Scotus
508 1559 692 1600 glossandas
708 1558 784 1590 dicit
799 1560 816 1576 a
839 1560 1040 1589 auctoritates
1057 1558 1198 1590 dicentes
1214 1558 1304 1598 quod
1319 1559 1387 1590 sine

319 1609 454 1644 peccato
477 1613 546 1634 non
569 1603 681 1634 fuisset
703 1603 890 1634 incarnatio.
1290 1606 1296 1613 “

375 1648 413 1678 11.
437 1648 473 1678 In
495 1648 707 1688 responsione
734 1646 774 1677 ad
795 1648 941 1682 tertium,
971 1653 1049 1677 nota
1079 1646 1316 1677 distinctionem
1347 1647 1387 1678 de

319 1692 464 1732 potentia
485 1691 621 1722 naturali
644 1697 676 1721 et
695 1690 734 1722 de
750 1691 894 1731 potentia
909 1691 1115 1721 obedientiali
1138 1691 1212 1721 hinc
1228 1692 1321 1721 sumi.
1346 1692 1387 1722 Et

321 1735 489 1776 quomodo
513 1735 766 1775 distinguuntur:
793 1735 882 1774 quod
900 1735 1049 1765 naturalis
1072 1734 1154 1765 infra
1169 1735 1315 1765 ordinem
1331 1745 1386 1765 na-

319 1780 471 1810 turalium
493 1779 591 1814 sistit,
622 1779 842 1809 obedientialis
865 1788 942 1809 vero
966 1778 1146 1808 secundum
1169 1779 1317 1810 ordinem
1347 1779 1386 1809 ad

319 1823 461 1854 divinam
483 1823 661 1863 potentiam
684 1822 871 1859 attenditur;
902 1822 955 1852 illa
982 1832 1108 1862 semper
1130 1823 1297 1862 impletur,
1327 1823 1386 1853 ista

319 1867 517 1908 quandoque
539 1867 691 1907 impletur
714 1872 745 1896 et
768 1865 965 1906 quandoque
988 1876 1056 1896 non
1079 1866 1240 1906 impletur.

374 1911 426 1942 111.
451 1911 487 1941 In
509 1911 720 1950 responsione
743 1910 782 1941 ad
806 1916 956 1950 quartum
979 1909 1123 1940 eiusdem
1146 1911 1269 1941 articuli
1291 1911 1385 1947 tertii,

320 1955 455 1986 dubium
471 1955 620 1991 occurrit,
636 1954 740 1995 primo
756 1956 783 1990 ³,
803 1955 886 1985 circa
901 1954 987 1984 illam
1002 1954 1270 1994 propositionem,
1286 1955 1386 1985 Prae-

318 1999 490 2030 destinatio
519 1999 754 2039 praesupponit
780 1998 1031 2039 praescientiam
1054 1998 1277 2040 futurorum:
1310 2000 1387 2039 quia

319 2044 396 2074 falsa
412 2049 468 2074 est.
492 2043 575 2084 Nam
590 2042 835 2083 praedestinatio
851 2043 936 2072 Petri
957 2052 1026 2072 non
1043 2044 1274 2083 praesupponit
1296 2052 1386 2082 prae-

318 2088 484 2119 scientiam
506 2087 591 2118 Petri
613 2086 868 2127 praedestinandi
890 2093 945 2117 aut
967 2086 1124 2122 salvandi,
1155 2086 1211 2117 sed
1235 2096 1252 2117 e
1276 2093 1387 2118 contra

317 2132 526 2173 praescientia
547 2131 632 2161 Petri
646 2130 787 2161 salvandi
808 2131 1041 2171 praesupponit
1063 2130 1385 2170 praedestinationem

318 2176 418 2206 Petri:
449 2181 486 2206 ut
508 2180 595 2215 patet
619 2184 656 2205 ex
679 2175 743 2205 hoc
770 2174 860 2215 quod
882 2174 956 2205 ideo
980 2174 1040 2205 scit
1061 2174 1149 2205 Deus
1171 2175 1302 2205 Petrum
1325 2176 1384 2206 sal—

318 2219 460 2250 vandum
483 2220 559 2259 quia
580 2218 826 2259 praedestinavit
847 2228 940 2254 eum,
971 2224 1003 2249 et
1023 2228 1092 2249 non
1114 2218 1188 2249 ideo
1212 2218 1384 2259 praedesti-

268 2298 271 2299 7
318 2264 406 2295 navit
426 2264 556 2294 Petrum
578 2263 655 2303 quia
676 2262 831 2303 praevidit
851 2262 982 2293 Petrum
1004 2262 1207 2299 salvandum3
1236 2269 1272 2293 ut
1299 2269 1386 2303 patet

319 2318 357 2339 ex
373 2308 478 2338 Prima
491 2307 593 2343 Parte,
611 2316 665 2346 qu.
678 2316 763 2343 xxm,
780 2312 836 2337 art.
851 2307 880 2342 5,
897 2307 954 2336 ubi
969 2306 1215 2337 determinatum
1232 2313 1279 2337 est
1294 2307 1385 2347 quod

318 2352 526 2393 praescientia
547 2351 736 2381 meritorum
758 2360 827 2381 non
847 2356 894 2381 est
916 2360 1012 2381 causa
1034 2350 1339 2390 praedestinationis.

374 2396 427 2427 IV.
451 2395 595 2426 Dubium
619 2394 762 2424 secundo
779 2395 795 2411 ³*
819 2395 972 2430 occurrit,
1005 2395 1080 2434 quia
1105 2395 1314 2434 impertinens
1338 2401 1385 2426 est

318 2440 474 2471 solutioni
495 2439 675 2479 argumenti
697 2438 737 2469 de
752 2438 1041 2478 praedestinatione
1057 2438 1175 2469 Christi
1199 2438 1290 2479 quod
1309 2449 1384 2480 sup-

318 2489 458 2524 ponatur
479 2483 686 2524 praescientia
708 2481 901 2513 futurorum.
926 2482 1011 2520 Quia
1026 2482 1092 2513 sive
1107 2489 1386 2523 praesupponatur

319 2529 385 2558 sive
407 2536 492 2563 non,
523 2532 652 2567 oportet
681 2536 719 2556 ex
741 2526 906 2557 voluntate
933 2526 1039 2556 divina
1068 2526 1199 2557 reddere
1226 2528 1384 2558 rationem

320 2580 418 2612 quare
441 2570 691 2611 praedestinatus
714 2576 760 2600 est
782 2580 839 2611 per
861 2570 923 2600 tale
939 2570 1083 2601 medium
1106 2571 1156 2601 vel
1179 2571 1238 2601 sub
1261 2571 1316 2601 tali
1336 2581 1384 2602 ra-

319 2617 425 2650 tione,
456 2620 493 2645 ut
514 2615 548 2645 in
571 2623 707 2654 corpore
729 2614 825 2645 huius
848 2615 971 2645 articuli
994 2614 1046 2645 fit:
1078 2619 1109 2644 et
1138 2625 1206 2645 non
1234 2625 1272 2645 ex
1294 2621 1384 2655 parte

318 2659 499 2690 intellectus
522 2657 742 2698 praevidentis.
777 2658 936 2689 Praevisio
960 2659 1047 2689 enim
1069 2668 1137 2688 non
1161 2665 1208 2689 est
1230 2660 1310 2690 ratio
1334 2659 1384 2690 fu-

319 2704 382 2734 turi
406 2702 548 2738 effectus,
571 2707 608 2732 ut
630 2707 725 2742 patet.

374 2747 414 2777 V.
438 2747 583 2777 Dubium
606 2746 700 2776 tertio
715 2746 732 2762 ⁴*
756 2751 803 2776 est
826 2755 864 2776 ex
880 2746 990 2781 Scoto,
1015 2746 1049 2776 in
1073 2746 1114 2777 III
1130 2746 1229 2783 Sent„
1251 2746 1322 2778 dist.
1331 2758 1385 2784 vn,

320 2801 375 2832 qu.
392 2801 427 2821 111
442 2791 469 2826 θ,
491 2799 529 2820 ex
551 2790 675 2820 ratione
698 2789 994 2829 praedestinationis
1016 2791 1141 2821 animae
1165 2791 1282 2821 Christi
1305 2791 1386 2822 infe-

318 2841 417 2871 rente,
443 2847 457 2861 ‹
483 2834 552 2864 sine
568 2833 772 2873 praeiudicio
797 2838 901 2864 tamen
921 2847 955 2869 »,
979 2834 1070 2874 quod
1091 2835 1266 2865 incarnatio
1290 2837 1385 2866 etiam

318 2880 387 2910 sine
409 2883 542 2919 peccato
567 2877 687 2907 fuisset.
711 2877 892 2917 Probatque
917 2878 980 2908 hoc
1003 2878 1231 2918 multipliciter.
1262 2879 1384 2910 Primo.

318 2922 565 2954 Praedestinatio
585 2921 820 2960 cuiuscumque
835 2921 876 2952 ad
894 2921 1028 2961 gloriam
1051 2922 1222 2962 praecedit,
1239 2932 1278 2953 ex
1297 2930 1385 2963 parte

319 2966 455 3002 obiecti,
474 2965 656 2996 naturaliter
679 2964 919 3004 praescientiam
941 2966 1064 3004 peccati
1092 2966 1144 2995 vel
1171 2966 1384 2998 damnationis

319 3011 564 3050 cuiuscumque.
588 3009 673 3048 Ergo
697 3008 800 3038 multo
821 3009 921 3048 magis
944 3009 1007 3039 hoc
1030 3014 1077 3039 est
1099 3019 1211 3040 verum
1232 3010 1271 3041 de
1294 3021 1384 3051 prae-

319 3054 529 3086 destinatione
552 3053 636 3083 illius
659 3052 783 3082 animae
807 3051 846 3082 ad
868 3061 1028 3082 summam
1051 3053 1195 3092 gloriam.

373 3098 531 3129 Secundo.
555 3096 709 3127 Ordinate
730 3096 841 3126 volens
857 3105 915 3135 per
929 3097 1017 3135 prius
1040 3097 1108 3127 vult
1123 3097 1232 3134 finem,
1257 3103 1288 3128 et
1310 3105 1385 3139 post

317 3143 382 3174 hoc
398 3141 489 3182 quod
503 3147 551 3172 est
565 3140 622 3171 fini
637 3140 862 3180 propinquius.
886 3140 983 3180 Ergo,
1004 3140 1087 3171 sicut
1101 3142 1190 3180 prius
1204 3142 1274 3172 vult
1288 3143 1383 3173 alicui

317 3186 454 3227 gloriam
471 3194 570 3226 quam
584 3185 726 3225 gratiam,
750 3184 793 3214 ita
808 3184 890 3214 inter
905 3183 1165 3224 praedestinatos,
1183 3186 1300 3225 quibus
1315 3187 1384 3217 vult

317 3230 453 3271 gloriam
477 3229 637 3264 ordinate,
669 3229 757 3268 prius
779 3228 848 3258 vult
870 3228 1005 3267 gloriam
1027 3227 1073 3258 illi
1103 3237 1202 3268 quem
1223 3229 1292 3260 vult
1315 3240 1383 3260 esse

318 3274 503 3315 proximum
525 3272 592 3304 fini.
627 3273 675 3303 Ac
698 3281 756 3312 per
777 3273 857 3307 hoc,
881 3272 969 3311 prius
992 3272 1116 3302 animae
1140 3272 1258 3303 Christi
1285 3282 1383 3313 quam

319 3318 408 3349 alteri
421 3317 491 3348 vult
511 3317 655 3358 gloriam.
683 3316 728 3347 Et
751 3316 838 3356 prius
861 3316 991 3346 cuilibet
1013 3315 1081 3345 vult
1103 3316 1236 3356 gloriam
1260 3322 1292 3346 et
1314 3327 1382 3356 gra-

318 3362 397 3392 tiam
418 3370 516 3402 quam
538 3360 718 3401 praevideat
740 3360 785 3391 illi
809 3360 957 3400 opposita
979 3360 1114 3390 istorum
1128 3360 1306 3396 habituum,
1322 3361 1382 3391 sci-

318 3406 393 3436 licet
415 3405 531 3445 gratiae
562 3410 594 3436 et
615 3404 744 3444 gloriae.
779 3404 865 3444 Ergo
897 3404 983 3444 prius
1012 3403 1081 3434 vult
1110 3405 1232 3434 animae
1265 3403 1381 3435 Christi

319 3449 453 3489 gloriam
478 3458 575 3488 quam
598 3448 779 3488 praevideat
801 3447 905 3478 Adam
929 3457 1086 3478 casurum.

377 3493 495 3524 Tertio.
519 3492 721 3532 Redemptio,
746 3493 810 3523 sive
831 3492 931 3532 gloria
946 3492 1069 3522 animae
1084 3491 1296 3528 redimendae,
1312 3502 1380 3523 non

318 3542 366 3567 est
381 3542 505 3567 tantum
520 3537 644 3567 bonum
660 3542 816 3577 quantum
833 3541 880 3566 est
894 3536 994 3576 gloria
1010 3537 1133 3566 animae
1151 3535 1276 3567 Christi.
1293 3536 1378 3577 Ergo

1443 426 1510 446 non
1534 422 1665 456 propter
1688 417 1790 446 solam
1813 417 1905 446 istam
1929 425 2057 446 causam
2079 415 2203 445 videtur
2227 417 2314 446 Deus
2337 416 2511 455 praedesti-

1444 470 1534 490 nasse
1558 461 1645 490 illam
1667 461 1807 491 animam
1830 459 1869 490 ad
1891 465 2011 490 tantam
2034 459 2179 499 gloriam.

1501 504 1637 540 Quarto.
1663 504 1748 542 Quia
1770 513 1838 534 non
1861 509 1908 533 est
1930 503 2100 534 verisimile
2123 509 2187 533 tam
2204 513 2368 534 summum
2384 505 2509 535 bonum

1442 549 1476 578 in
1492 549 1618 578 entibus
1634 558 1701 578 esse
1717 554 1841 578 tantum
1858 548 2108 582 occasionatum‚
2125 548 2244 577 scilicet
2259 553 2390 588 propter
2401 549 2508 578 minus

1443 593 1578 622 bonum.

1500 636 1631 672 Quinto.
1663 637 1738 666 Non
1762 642 1809 666 est
1831 636 2000 666 verisimile
2032 635 2137 665 Deum
2162 635 2248 675 prius
2272 635 2509 675 praeordinasse

1442 679 1546 710 Adam
1577 680 1616 710 ad
1643 686 1768 710 tantum
1795 680 1919 710 bonurn
1950 689 2047 719 quam
2071 679 2244 710 Christum.
2280 679 2379 717 Quod
2401 686 2510 710 tamen

1442 730 1639 764 sequeretur.

1498 768 1600 799 Immo
1624 768 1756 798 ulterius
1772 773 1958 808 sequeretur
1974 767 2149 803 absurdius,
2167 768 2286 798 scilicet
2305 767 2395 807 quod
2411 769 2509 803 Deus,

1442 811 1707 851 praedestinando
1730 811 1834 842 Adam
1850 811 1889 842 ad
1904 812 2049 851 gloriam,
2070 812 2157 851 prius
2180 811 2384 851 praevidisset
2402 813 2510 852 ipsum

1442 866 1590 886 casurum
1613 857 1646 886 in
1670 861 1839 896 peccatum
1873 865 1970 895 quam
1998 856 2260 895 praedestinasset
2284 855 2447 886 Christum
2470 855 2510 886 ad

1441 900 1592 939 gloriam,
1622 901 1650 939 si
1679 900 1923 940 praedestinatio
1942 900 2026 930 illius
2051 901 2175 930 animae
2205 905 2329 930 tantum
2353 905 2434 930 esset
2450 909 2509 940 pro

1441 943 1663 983 redemptione
1679 944 1829 974 aliorum:
1848 944 1923 983 quia
1946 943 2125 984 redemptio
2145 953 2213 974 non
2234 943 2345 974 fuisset
2367 945 2427 974 nisi
2459 954 2509 974 ca-

1442 997 1495 1017 sus
1525 993 1556 1017 et
1587 987 1740 1018 delictum
1769 988 1998 1028 praecessisset.
2035 988 2075 1018 Et
2104 989 2168 1018 hoc
2194 988 2234 1017 sit
2262 993 2388 1018 sextum
2421 988 2510 1018 Scoti

1442 1037 1677 1070 argumentum.

1497 1075 1544 1105 Ex
1569 1076 1686 1115 quibus
1710 1075 1875 1106 concludit
1898 1076 2014 1106 Scotus
2045 1075 2135 1115 quod
2158 1076 2245 1116 prius
2268 1082 2381 1106 natura
2411 1085 2510 1116 quam

1441 1119 1563 1158 aliquid
1592 1119 1833 1158 praevidebatur
1863 1120 1945 1149 circa
1968 1126 2189 1160 peccatorem,
2221 1120 2286 1149 sive
2314 1119 2353 1150 de
2376 1125 2509 1160 peccato

1441 1163 1507 1192 sive
1531 1163 1570 1193 de
1594 1172 1716 1202 poena,
1748 1163 1835 1193 Deus
1865 1163 1958 1203 elegit
1985 1163 2024 1193 ad
2052 1164 2220 1193 caelestem
2245 1165 2365 1193 curiam
2397 1173 2509 1194 omnes

1442 1216 1525 1246 quos
1547 1207 1663 1236 habere
1686 1207 1798 1242 voluit,
1815 1208 1880 1237 sive
1904 1207 2034 1246 angelos
2052 1208 2117 1237 sive
2140 1208 2298 1242 homines,
2315 1208 2348 1237 in
2372 1208 2463 1238 certis
2479 1213 2510 1237 et

1441 1250 1657 1280 determinatis
1680 1251 1844 1290 gradibus:
1870 1257 1901 1281 et
1918 1251 2026 1280 nullus
2043 1257 2089 1281 est
2111 1251 2362 1290 praedestinatus
2385 1257 2510 1281 tantum

1442 1295 1518 1334 quia
1540 1295 1620 1324 alius
1643 1295 1806 1334 praevisus
1829 1300 1876 1325 est
1899 1305 2046 1331 casurus;
2077 1301 2113 1325 ut
2136 1296 2180 1325 sic
2209 1295 2336 1325 nullum
2364 1300 2511 1335 oporteat

1441 1338 1579 1378 gaudere
1604 1338 1642 1368 de
1666 1339 1757 1378 lapsu
1773 1339 1909 1369 alterius.
1934 1339 1975 1368 Et
1997 1339 2060 1369 hoc
2083 1348 2142 1378 pro
2159 1339 2291 1379 septimo
2309 1345 2509 1378 argumento.

1496 1383 1550 1413 VI.
1574 1382 1626 1412 Ad
1656 1382 1847 1413 evidentiam
1871 1383 2011 1418 horum,
2042 1383 2209 1413 sciendum
2238 1389 2284 1413 est
2315 1383 2404 1423 quod
2432 1384 2510 1414 haec

1441 1427 1638 1466 propositio,
1662 1426 1918 1457 Praedestinatio
1941 1427 2092 1466 supponit
2108 1427 2358 1467 praescientiam
2370 1427 2510 1468 futuro-

1442 1481 1524 1506 rum,
1549 1476 1655 1510 potest
1677 1471 1811 1510 intelligi
1834 1471 1949 1510 primo,
1973 1476 2121 1511 respectu
2144 1472 2292 1502 omnium
2315 1470 2508 1502 futurorum.

1441 1515 1482 1545 Et
1505 1516 1550 1545 sic
1573 1514 1699 1545 videtur
1721 1524 1788 1545 non
1811 1515 2025 1555 intelligibilis.
2050 1515 2133 1545 Nam
2156 1515 2401 1555 praedestinatio
2425 1516 2510 1546 Petri

1440 1569 1509 1589 non
1524 1559 1756 1599 praesupponit
1771 1559 2011 1599 praescientiam
2027 1559 2152 1589 futurae
2164 1560 2284 1599 gloriae
2299 1559 2392 1589 Petri.
2410 1560 2510 1597 Quod

1440 1609 1527 1643 patet
1543 1603 1597 1633 sic.
1622 1603 1946 1651 Praescientiafuturi
1969 1605 2199 1643 praesupponit
2222 1603 2366 1634 futurum
2383 1605 2441 1633 sub
2462 1614 2510 1634 ra-

1439 1648 1528 1677 tione
1551 1646 1666 1677 futuri:
1692 1647 1856 1686 quoniam,
1881 1653 1917 1677 ut
1940 1646 2055 1677 dicitur
2070 1648 2103 1677 in
2120 1647 2132 1677 Ι
2148 1648 2270 1678 Foster.
2287 1649 2313 1682 ᾗ,
2338 1647 2425 1687 quod
2444 1658 2508 1679 non

1440 1696 1487 1721 est
1509 1700 1573 1721 non
1592 1695 1702 1730 potest
1722 1691 1809 1720 sciri.
1835 1690 1946 1720 Gloria
1968 1697 2075 1721 autem
2097 1691 2180 1721 Petri
2205 1697 2251 1721 est
2274 1692 2379 1731 primo
2403 1691 2510 1722 futura

1440 1744 1497 1774 per
1519 1734 1853 1774 praedestinationem,
1878 1740 1914 1764 ut
1936 1740 2031 1774 patet.
2057 1735 2113 1765 Est
2129 1735 2233 1774 igitur,
2258 1735 2438 1765 secundum
2453 1746 2510 1766 na-

1438 1784 1528 1808 turae
1552 1778 1709 1813 ordinem,
1733 1778 1838 1818 primo
1862 1778 2107 1818 praedestinatio
2131 1779 2215 1809 Petri
2240 1779 2279 1809 ad
2301 1779 2454 1818 gloriam;
2479 1785 2511 1810 et

1439 1832 1477 1852 ex
1500 1823 1563 1852 hoc
1586 1823 1688 1862 gloria
1710 1822 1794 1852 Petri
1818 1828 1864 1852 est
1887 1821 2011 1858 futura;
2040 1829 2071 1853 et
2094 1824 2138 1853 sic
2162 1822 2363 1863 praevidetur
2386 1833 2404 1853 a
2427 1824 2508 1854 Deo.

1439 1866 1601 1906 Supponit
1631 1876 1707 1906 ergo
1731 1867 1938 1906 praescientia
1967 1867 2100 1897 alicuius
2124 1866 2223 1897 futuri
2250 1866 2510 1907 praedestinatio-

1439 1920 1525 1940 nem.
1555 1911 1603 1940 Ac
1627 1920 1684 1950 per
1706 1911 1779 1946 hoc,
1804 1910 2049 1950 praedestinatio
2073 1921 2141 1941 non
2164 1912 2396 1951 praesupponit
2419 1921 2510 1951 prae-

1439 1955 1605 1984 scientiam
1629 1955 1779 1985 omnium
1802 1953 1997 1985 futurorum.

1495 1998 1656 2034 Secundo,
1674 2004 1780 2039 potest
1794 1998 1928 2038 intelligi
1945 1998 1984 2029 de
2000 1998 2288 2039 praedestinatione
2305 1999 2414 2039 quoad
2431 2009 2509 2030 con-

1439 2043 1547 2072 stituta
1569 2052 1626 2082 per
1641 2042 1973 2082 praedestinationem,
1991 2049 2022 2073 et
2045 2043 2252 2083 praescientia
2267 2049 2414 2084 respectu
2430 2044 2509 2078 alio-

1439 2096 1511 2117 rum
1534 2085 1735 2122 futurorum,
1765 2087 1809 2117 ita
1839 2087 1929 2127 quod
1958 2097 2069 2117 sensus
2093 2093 2154 2118 est:
2183 2087 2448 2124 Praedestinatio,
2473 2094 2510 2119 ut

1437 2131 1566 2170 respicit
1588 2130 1835 2170 praedestinata,
1864 2132 2095 2171 praesupponit
2117 2132 2359 2171 praescientiam
2383 2131 2509 2163 futuro-

1438 2184 1525 2210 rum,
1550 2184 1618 2204 non
1641 2174 1964 2214 praedestinatorum,
1988 2175 2044 2205 sed
2067 2185 2181 2205 eorum
2204 2185 2286 2215 quae
2309 2185 2509 2216 praesuppo—

1438 2225 1559 2248 nuntur
1582 2219 1632 2248 vel
1656 2218 1842 2249 ordinantur
1864 2228 1921 2258 per
1943 2219 2275 2259 praedestinationem.
2300 2220 2342 2250 Et
2364 2220 2409 2250 sic
2432 2230 2508 2261 pro-

1438 2263 1557 2304 positio
1582 2268 1629 2293 est
1651 2272 1734 2293 vera.

1493 2306 1601 2344 Quam
1624 2312 1660 2337 ut
1683 2307 1796 2337 clarius
1811 2306 1977 2346 intelligas,
1995 2306 2154 2347 distingue
2170 2308 2252 2338 inter
2268 2307 2400 2338 effectus
2416 2318 2507 2348 prae-

1438 2350 1667 2381 destinationis.
1698 2351 1863 2388 Quoniam
1887 2350 2018 2390 quidam
2041 2356 2116 2381 sunt
2137 2361 2205 2381 non
2228 2351 2335 2381 solum
2358 2351 2505 2388 ordinati,

1436 2395 1493 2426 sed
1516 2395 1681 2425 constituti
1705 2404 1761 2435 per
1783 2394 2121 2434 praedestinationem:
2153 2401 2189 2425 ut
2211 2395 2312 2434 gloria
2335 2400 2366 2425 et
2388 2397 2505 2435 gratia,

1437 2444 1468 2469 et
1491 2439 1710 2469 universaliter
1732 2438 1804 2468 finis
1828 2444 1859 2468 et
1881 2438 1987 2469 media
2009 2444 2045 2469 ut
2068 2440 2122 2469 sic.
2147 2439 2288 2476 Quidam
2304 2445 2411 2469 autem
2430 2446 2506 2470 sunt

1436 2483 1543 2513 solum
1567 2483 1703 2514 ordinati
1726 2492 1783 2522 per
1803 2482 2141 2523 praedestinationem:
2167 2488 2203 2513 ut
2226 2483 2331 2513 anima
2345 2483 2429 2513 illius
2445 2484 2505 2514 ho-

1435 2528 1531 2557 minis
1555 2527 1612 2567 qui
1635 2533 1682 2557 est
1705 2532 1832 2557 sanctus
1855 2527 1975 2562 Petrus,
2001 2532 2031 2557 et
2054 2527 2176 2567 reliqua
2199 2527 2374 2567 spectantia
2393 2527 2433 2557 ad
2448 2537 2505 2558 na-

1435 2571 1571 2602 turalem
1595 2571 1742 2602 ordinem
1764 2571 1913 2601 universi.
1938 2571 2026 2601 Haec
2046 2571 2132 2601 enim
2155 2571 2253 2601 futuri
2276 2571 2433 2601 rationem
2448 2572 2504 2602 ha-

1436 2616 1513 2645 bent
1536 2616 1574 2645 ab
1599 2621 1727 2645 aeterno
1752 2625 1790 2645 ex
1813 2614 2012 2654 providentia
2035 2614 2150 2651 divina,
2175 2621 2206 2645 et
2228 2625 2295 2645 non
2319 2625 2356 2645 ex
2371 2615 2503 2655 praede-

1436 2660 1607 2690 stinatione
1631 2659 1753 2689 divina:
1786 2659 1841 2689 sed
1867 2659 2111 2699 praedestinatio
2142 2659 2232 2699 quasi
2258 2660 2502 2699 superveniens,

1437 2704 1519 2734 sicut
1542 2703 1622 2734 ordo
1646 2703 1762 2743 gratiae
1785 2703 1968 2743 supervenit
1991 2702 2095 2733 ordini
2118 2709 2264 2739 naturae,
2289 2703 2413 2733 ordinat
2436 2704 2503 2734 ani-

1436 2757 1523 2778 mam
1546 2747 1646 2777 sancti
1669 2747 1752 2777 Petri
1773 2747 1806 2777 in
1821 2747 1956 2786 gloriam
1971 2752 2131 2777 aeternam
2146 2746 2305 2777 mediante
2320 2747 2427 2786 gratia,
2441 2753 2501 2778 etc.

1437 2792 1478 2822 Et
1507 2792 1663 2831 quoniam
1692 2792 1774 2821 inter
1803 2791 2044 2831 praesupposita
2073 2800 2091 2820 a
2120 2790 2406 2830 praedestinatione
2433 2801 2502 2821 non

1436 2835 1544 2866 solum
1567 2841 1642 2866 sunt
1665 2844 1713 2865 res
1736 2835 1893 2865 naturales
1921 2835 2150 2864 constituentes
2173 2834 2358 2864 universum
2387 2844 2502 2865 secun-

1437 2879 1515 2910 dum
1538 2879 1715 2910 naturalem
1739 2878 1898 2913 ordinem,
1923 2878 1978 2908 sed
2002 2878 2096 2908 etiam
2121 2877 2263 2908 defectus
2286 2878 2320 2908 in
2342 2888 2422 2918 pure
2445 2889 2502 2909 na-

1437 2923 1601 2959 turalibus,
1625 2928 1662 2953 ut
1676 2928 1828 2958 monstra,
1846 2928 1877 2952 et
1898 2922 1931 2951 in
1948 2922 2146 2958 animalibus,
2162 2927 2199 2952 ut
2221 2922 2445 2962 aegritudines,
2469 2928 2502 2953 et

1436 2968 1470 2997 in
1486 2967 1707 3002 rationalibus,
1732 2972 1767 2996 ut
1790 2966 1968 3005 ignorantia
1996 2970 2027 2995 et
2049 2965 2170 2996 malum
2197 2966 2316 3001 moris,
2340 2966 2430 3006 quod
2454 2972 2501 2997 est

1437 3016 1621 3050 peccatum;
1646 3009 1719 3040 ideo
1743 3010 1834 3045 sicut,
1859 3009 2043 3049 simpliciter
2060 3009 2237 3049 loquendO,
2255 3009 2499 3049 praedestinatio

1437 3054 1667 3095 praesupponit
1695 3052 1928 3093 providentiam
1951 3053 2090 3083 universi
2112 3053 2278 3089 naturalis,
2301 3054 2354 3090 ita,
2378 3054 2500 3094 simpli-

1437 3099 1514 3129 citer
1529 3097 1705 3137 loquendo,
1722 3097 1952 3136 praesupponit
1967 3097 2208 3136 praescientiam
2229 3097 2412 3128 futurorum
2427 3107 2499 3138 per-

1436 3142 1608 3172 tinentium
1623 3140 1662 3171 ad
1678 3140 1824 3171 ordinem
1839 3141 1978 3171 universi
2001 3141 2187 3177 naturalem,
2205 3147 2236 3171 et
2258 3141 2442 3172 defectuum
2465 3142 2499 3172 in

1436 3186 1491 3216 illo
1521 3184 1713 3215 futurorum.
1749 3184 1832 3215 Inter
1855 3194 1937 3224 quae
1961 3190 2085 3215 constat
2108 3186 2265 3215 contineri
2287 3191 2417 3225 peccata
2438 3186 2498 3216 ho-

1436 3230 1575 3259 minum:
1601 3229 1757 3268 quoniam
1779 3238 1847 3258 non
1877 3234 1998 3268 spectat
2020 3234 2166 3259 nostrum
2196 3239 2327 3269 peccare
2351 3229 2390 3259 ad
2413 3229 2498 3260 ordi-

1436 3283 1511 3303 nem
1527 3273 1653 3312 gratiae‚
1677 3272 1733 3302 sed
1755 3271 1795 3302 ad
1817 3271 1963 3303 ordinem
1979 3278 2125 3308 naturae;
2151 3274 2226 3313 quia
2248 3282 2286 3303 ex
2306 3273 2398 3303 nobis
2422 3273 2498 3304 solis

1435 3325 1621 3357 peccamus,
1654 3322 1690 3346 ut
1721 3321 1823 3356 patet,
1858 3322 1889 3346 et
1920 3317 2106 3347 auctoritate
2138 3317 2317 3357 Scripturae
2340 3316 2495 3354 firmatur,

1436 3360 1519 3390 Osee
1536 3370 1589 3390 xm
1605 3361 1637 3390 *z
1662 3360 1804 3390 Perditio
1829 3365 1884 3390 tua
1908 3370 1950 3390 ex
1969 3365 2007 3396 te,
2024 3361 2137 3391 Israel.

1490 3404 1530 3435 Et
1545 3405 1621 3434 hinc
1636 3410 1722 3444 patet
1737 3403 1848 3434 falsam
1864 3414 1931 3434 esse
1948 3405 2108 3435 Scoticam
2123 3405 2383 3444 imaginationem
2407 3404 2496 3444 quod

1433 3449 1520 3488 prius
1543 3448 1654 3478 Petrus
1677 3448 1927 3488 praedestinetur
1947 3448 1986 3478 ad
2001 3449 2134 3488 gloriam
2158 3458 2255 3488 quam
2278 3448 2496 3488 praevideatur

1433 3498 1631 3532 peccaturus.
1656 3492 1820 3530 Quoniam
1841 3494 1922 3523 sicut
1937 3493 2024 3532 prius
2040 3492 2240 3532 praevidetur
2255 3493 2365 3523 Petrus
2381 3502 2495 3523 secun-

1433 3536 1511 3567 dum
1534 3546 1571 3567 ea
1594 3546 1676 3577 quae
1699 3537 1824 3567 secluso
1841 3537 1951 3567 ordine
1967 3538 2083 3576 gratiae
2099 3537 2157 3566 sibi
2174 3537 2379 3573 conveniunt,
2397 3546 2494 3577 quam

2537 1653 2620 1702 sciit
2632 1660 2748 1703 ¹123·ss

2524 3362 2533 3372 ⁵
2549 3362 2614 3385 Vers.
2629 3370 2652 3391 9.
