2872 3970
255 375 431 406 catorum
450 365 765 403 emundationem
786 365 865 402 duo
885 365 1149 414 requiruntur:
1180 377 1313 402 secun-

257 421 362 458 dunr
381 419 488 468 quod
515 419 595 456 duo
623 426 711 456 sunt
738 418 778 455 in
805 425 973 467 peccato,
999 418 1136 455 scilicet
1163 419 1314 454 macula

256 473 404 522 culpae,
424 479 460 508 et
479 479 605 509 reatus
623 482 783 520 poenae.
812 471 967 507 Macula
992 467 1151 519 quidem
1179 472 1313 519 culpae

257 525 403 563 deletur
420 536 490 573 per
515 523 686 572 gratiam,
707 535 784 572 qua
803 535 869 560 cor
891 523 1099 571 peccatoris
1127 523 1166 560 in
1186 524 1314 560 Deum

255 577 507 616 convertitur:
536 583 662 613 reatus
680 582 810 613 autem
828 587 977 624 poenae
996 576 1157 613 totaliter
1174 575 1316 612 tollitur

255 642 326 680 per
352 631 427 667 hoc
461 628 568 678 quod
602 629 723 666 homo
751 629 836 665 Deo
872 628 1055 665 satisfacit.
1098 629 1314 678 Utrumque

256 690 386 720 autem
413 682 556 719 horum
584 681 698 718 efficit
732 680 989 718 sacerdotium
1018 681 1167 718 Christi.
1210 682 1315 718 Nam

255 734 392 773 virtute
412 733 530 783 ipsius
548 733 665 782 gratia
683 734 795 771 nobis
814 734 936 779 datur,
957 746 1035 783 qua
1053 734 1170 771 corda
1188 742 1316 771 nostra

256 791 533 825 convertuntur
546 786 596 823 ad
610 787 756 824 Deum:
778 787 994 823 secundum
1009 787 1101 824 illud
1110 788 1221 824 Rom.
1234 799 1266 823 111
1276 787 1313 823 *z

253 841 448 889 ⁴Ius-tilica&
478 841 598 889 gratis
618 852 692 889 per
724 842 887 890 gratiam
916 841 1044 890 ipsius,
1068 852 1141 889 per
1175 840 1315 876 redem-

248 893 416 944 ptionem
446 904 541 942 quae
558 898 609 929 est
636 893 673 929 in
706 893 850 929 Christo
875 894 972 939 Iesu,
993 905 1101 942 quem
1123 894 1319 942 proposuit

255 945 359 983 Deus
370 946 654 994 propitiatorem
685 945 891 995 perfidem
918 947 955 982 in
981 947 1166 995 sanguine
1195 947 1315 994 ipsius.

256 998 340 1047 lpse
367 996 482 1034 etiam
509 1010 581 1047 pro
610 998 721 1035 nobis
739 998 907 1047 plenarie
935 997 1126 1035 satisfecit:
1156 998 1317 1046 inquan-

255 1057 341 1088 tum
360 1051 435 1100 ipse
453 1051 656 1100 languores
683 1057 826 1088 nostros
852 1052 941 1097 tulit,
962 1057 995 1087 et
1013 1051 1158 1088 dolores
1177 1057 1319 1088 nostros

224 1121 231 1153 ς
256 1104 335 1154 ipse
345 1105 509 1153 portavit
525 1103 556 1140 ²¹².
586 1104 698 1141 Unde
725 1111 828 1152 patet
855 1103 963 1153 quod
983 1103 1121 1140 Christi
1147 1104 1318 1140 sacerdo-

223 1173 230 1180 ·
257 1156 354 1194 'tium
381 1155 497 1193 habet
523 1156 605 1193 vim
632 1158 789 1205 plenam
817 1156 995 1206 expiandi
1022 1164 1187 1205 peccata.

255 1215 257 1217 ’
310 1209 368 1246 An
396 1221 531 1247 patmum
559 1221 657 1246 ERGO
685 1210 866 1247 monimum
894 1209 1014 1258 quod,
1034 1209 1118 1246 licet
1147 1209 1320 1246 Christus

256 1272 340 1298 non
365 1261 476 1299 fuerit
503 1262 681 1299 sacerdos
718 1260 934 1299 secundum
962 1262 1070 1311 quod
1097 1263 1223 1307 Deus,
1253 1262 1321 1298 sed

258 1314 476 1352 secundum
495 1315 603 1364 quod
630 1315 765 1360 homo,
785 1327 888 1352 unus
909 1322 1039 1351 tamen
1068 1322 1103 1351 et
1131 1315 1234 1351 idem
1253 1315 1322 1351 fuit

200 1382 232 1396 ’ν
257 1368 436 1405 sacerdos
464 1375 501 1404 et
527 1369 644 1405 Deus.
687 1368 798 1405 Unde
827 1368 867 1405 in
897 1368 1055 1418 Synodo
1089 1367 1284 1416 Ephesina
1301 1367 1321 1389 '¹‘

126 1447 143 1471 ᾖ
155 1459 168 1470 2
198 1468 201 1471 .
256 1419 412 1469 tegitur:
442 1422 483 1458 Si
509 1424 588 1471 quis
614 1422 832 1470 Pontificem
852 1427 1017 1458 nostrum
1046 1426 1078 1457 et
1104 1421 1321 1470 Apostolum

246 1474 343 1523 fieri
368 1474 452 1511 dicit
469 1478 485 1502 Υ
502 1480 588 1512 ‘non
617 1476 737 1524 ipsum
759 1487 808 1511 ex
826 1475 908 1511 Deo
935 1475 1107 1519 Verbum,
1127 1474 1192 1510 sed
1218 1477 1323 1523 quasi

127 1530 156 1548 ’·
197 1575 200 1579 ἲ
222 1576 224 1579 Υ
257 1525 414 1564 alterum
428 1533 581 1576 praeter
598 1530 717 1577 ipsum
745 1527 950 1576 specialiter
968 1528 1155 1564 hominem
1176 1539 1224 1564 ex
1242 1539 1322 1563 mu-

258 1578 358 1626 liere,
379 1581 577 1618 anathema
601 1581 656 1617 sit.
686 1580 735 1617 Et
759 1580 859 1626 ideo,
886 1580 1117 1629 inquantum
1143 1579 1225 1616 eius
1251 1581 1322 1616 hu-

257 1631 421 1669 manitas
439 1633 670 1682 operabatur
688 1632 727 1670 in
750 1632 888 1670 virtute
917 1632 1131 1678 divinitatis,
1153 1632 1245 1669 illud
1266 1645 1322 1669 sa-

259 1684 446 1722 crificium
474 1694 553 1723 erat
571 1685 880 1723 efficacissimum
906 1686 955 1723 ad
975 1685 1137 1723 delenda
1155 1693 1320 1735 peccata.

257 1737 419 1788 Propter
445 1739 554 1787 quod
571 1738 808 1787 Augustinus
832 1739 932 1784 dicit,
953 1739 992 1776 in
1020 1740 1069 1776 IV
1089 1739 1134 1775 de
1157 1741 1192 1775 T
1190 1740 1260 1775 rin.
1281 1738 1320 1775 *ε

263 1791 330 1837 Ut,
359 1793 536 1841 quoniam
564 1798 723 1842 quatuor
757 1793 1039 1829 considerantur
1065 1793 1102 1828 in
1132 1793 1236 1828 omni
1266 1804 1323 1828 sa·

259 1845 412 1892 crificia,
439 1846 502 1882 cui
526 1844 718 1894 offeratur,
746 1858 770 1882 a
798 1858 870 1895 quo
898 1845 1090 1894 offeratur,
1119 1844 1208 1894 quid
1233 1843 1323 1892 offe-

259 1902 377 1944 ratur,
390 1909 466 1947 pro
486 1900 616 1947 quibus
634 1898 836 1948 offeratur,·
864 1899 960 1935 idem
980 1900 1055 1948 ipse
1078 1910 1173 1934 unus
1199 1909 1324 1935 verus—

935 287 1196 333 QUAESTIO
1226 287 1346 333 xxn,

1374 287 1666 324 ARTICULUS
1694 288 1740 323 ΙΙΙ

1367 378 1436 414 que
1463 366 1662 411 mediator,
1686 378 1758 414 per
1783 367 2006 413 sacrificium
2038 367 2144 415 pacis
2181 366 2423 402 reconcilians

1368 431 1434 455 nos
1461 420 1556 465 Deo,
1576 431 1692 455 unum
1720 430 1804 455 cum
1834 419 1895 454 illo
1923 424 2087 455 maneret
2106 417 2119 439 δ
2147 420 2208 454 cui
2234 418 2421 467 offerebat,

1367 484 1482 508 unum
1502 473 1539 508 in
1557 483 1597 508 se
1613 472 1760 519 faceret
1781 484 1855 520 pro
1875 473 2003 520 quibus
2022 470 2208 519 offerebat,
2230 483 2323 507 unus
2349 472 2425 520 ipse

1368 530 1456 561 esset
1484 525 1547 573 qui
1573 523 1761 572 offerebat,
1782 529 1815 560 et
1843 524 1941 572 quod
1967 523 2154 572 offerebat.

1421 578 1478 613 An
1506 588 1694 614 SECUNDUM
1712 588 1893 614 meramnum
1921 575 2027 624 quod
2046 584 2200 624 peccata
2223 588 2302 612 non
2321 588 2423 612 com-

1368 636 1634 666 memorantur
1667 628 1706 665 in
1741 641 1844 665 nova
1877 630 1956 676 lege
1985 636 2140 677 propter
2174 628 2423 665 inefficaciam

1369 682 1565 719 sacerdotii
1588 681 1737 727 Christi,
1758 681 1866 730 quasi
1893 694 1963 730 per
1981 681 2109 730 ipsum
2137 693 2215 718 non
2235 681 2424 717 sufficien-

1369 742 1425 771 ter
1439 734 1638 784 expientur
1655 742 1829 784 peccata:
1857 735 1923 771 sed
1938 742 2292 771 commemorantur
2305 745 2425 782 quan-

1369 795 1453 824 tum
1481 787 1530 824 ad
1558 787 1641 824 illos
1669 787 1807 824 scilicet
1826 792 1837 808 ε
1866 787 1932 836 qui
1959 789 2020 824 vel
2049 787 2130 823 eius
2159 786 2330 823 sacrificii
2357 798 2425 823 no-

1370 842 1452 877 lunt
1471 852 1552 876 esse
1580 839 1791 889 participes,
1813 840 1908 877 sicut
1929 848 2016 876 sunt
2035 839 2218 885 infideles,
2238 852 2309 888 pro
2333 851 2425 888 quo-

1371 905 1458 930 rum
1477 892 1639 941 peccatis
1667 905 1835 938 oramus,
1856 900 1898 930 ut
1916 900 2204 938 convertantur;
2233 894 2294 929 vel
2313 891 2427 928 etiam

1372 953 1560 994 quantum
1589 946 1637 982 ad
1665 945 1748 982 illos
1776 946 1855 995 qui,
1875 953 1962 995 post
1994 945 2322 994 participationem
2356 945 2428 980 hu-

1372 998 1431 1035 ius
1459 998 1643 1044 sacrificii,
1660 999 1707 1035 ab
1736 1010 1782 1035 eo
1812 998 1965 1035 deviant
1988 998 2315 1047 qualitercumque
2340 1009 2428 1046 pec-

1372 1051 1508 1088 cando.

1427 1103 1665 1140 Sacrificium
1701 1111 1829 1140 autem
1857 1104 1964 1152 quod
1997 1103 2166 1152 quotidie
2194 1103 2233 1140 in
2262 1102 2429 1139 Ecclesia

1374 1156 1543 1201 offertur,
1559 1168 1638 1192 non
1659 1163 1713 1192 est
1732 1156 1834 1193 aliud
1854 1168 1876 1192 a
1895 1156 2079 1193 sacrificio
2099 1157 2204 1205 quod
2224 1156 2303 1204 ipse
2324 1155 2429 1192 Chri-

1374 1216 1453 1245 stus
1481 1208 1627 1253 obtulit,
1648 1209 1715 1245 sed
1743 1209 1824 1245 eius
1852 1209 2180 1245 commemoratio.
2215 1209 2325 1245 Unde
2354 1210 2439 1244 Au-‹

1374 1261 1546 1310 gustinus
1574 1261 1673 1306 dicit,
1694 1261 1733 1297 in
1761 1262 1796 1297 X
1821 1261 1866 1298 de
1897 1263 1973 1299 Civ.
1994 1263 2066 1298 Dei
2082 1261 2120 1298 *ι
2151 1261 2329 1298 Sacerdos
2356 1263 2432 1310 ipse

1379 1316 1542 1351 Christus
1570 1313 1741 1362 offerens,
1762 1316 1838 1363 ipse
1865 1319 1897 1350 et
1916 1314 2072 1351 oblatio:
2098 1316 2200 1350 cuius
2228 1315 2283 1350 rei
2307 1325 2431 1350 sacra-

1375 1373 1539 1403 mentum
1575 1367 1827 1416 quotidianum
1855 1379 1931 1403 esse
1964 1367 2076 1404 voluit
2102 1367 2289 1403 Ecclesiae
2321 1367 2432 1403 sacri-

1365 1421 1513 1468 Jtciztm.

1429 1474 1486 1509 AD
1513 1484 1671 1509 TERTtUM
1699 1484 1879 1509 mOENDUM
1908 1472 2025 1521 quod,
2047 1472 2141 1509 sicut
2168 1472 2350 1520 Origenes
2379 1471 2433 1507 di-

1377 1525 1436 1570 cit,
1456 1537 1567 1574 super
1591 1527 1699 1562 Ioan.
1719 1524 1750 1568 ³⁸,
1771 1525 1856 1562 licet
1881 1525 2031 1562 diversa
2058 1525 2234 1562 animalia
2257 1525 2296 1561 in
2322 1526 2401 1573 lege
2422 1523 2433 1548 ζ

1378 1579 1616 1623 offerrentur,
1633 1577 1900 1627 quotidianum
1919 1585 2048 1614 tamen
2071 1577 2311 1622 sacrificium,
2328 1577 2434 1626 quod

1378 1631 1610 1668 offerebatur
1637 1643 1750 1667 mane
1780 1638 1815 1667 et
1842 1642 2013 1679 vespere,
2034 1638 2112 1667 erat
2139 1642 2271 1678 agnus,
2298 1637 2340 1666 ut
2367 1630 2433 1666 ha-

1377 1685 1489 1721 betur
1507 1685 1623 1720 Num.
1644 1683 1788 1720 xxvm*.
1813 1684 1923 1720 Unde
1943 1683 2224 1731 significabatur
2242 1683 2348 1732 quod
2368 1683 2434 1719 ob-

1377 1737 1465 1774 latio
1494 1736 1580 1784 agni
1600 1742 1630 1781 ⁷²,
1665 1736 1760 1772 idest
1789 1736 1938 1781 Christi,
1966 1744 2062 1772 esset
2089 1735 2317 1773 sacrificium
2346 1747 2435 1772 con-

1378 1789 1657 1826 summativum
1677 1789 1854 1825 omnium
1880 1789 2054 1825 aliorum.
2085 1790 2133 1825 Et
2160 1788 2247 1825 ideo
2266 1790 2368 1826 Ioan.
2389 1800 2399 1824 1
2417 1788 2436 1809 '¹‘

1379 1842 1531 1879 dicitur:
1561 1844 1660 1879 Ecce
1685 1842 1819 1891 Agnus
1846 1843 1929 1887 Dei,
1949 1854 2032 1878 ecce
2055 1840 2067 1862 θ
2097 1843 2159 1891 qui
2183 1841 2273 1877 tollit
2285 1846 2438 1890 peccata

1377 1896 1516 1932 mundi.

2345 287 2420 334 259

312 2019 340 2052 γ)
359 2018 432 2045 dicit.
444 2020 496 2044 -E
503 2028 511 2051 3
530 2028 582 2047 om.
602 2021 719 2053 ABCDa,
733 2027 791 2047 ante
803 2023 868 2056 fieri
886 2023 958 2055 ponit
970 2023 988 2054 1,
1003 2029 1061 2047 unte
1076 2022 1229 2055 Pontificem
1250 2021 1282 2051 F;
1302 2021 1325 2046 G

259 2057 287 2081 ex
306 2054 433 2080 editiones
463 2056 566 2088 legunt:
590 2057 622 2081 Si
644 2057 702 2090 quis
721 2058 876 2091 Pontificem
902 2059 968 2084 dicit
994 2057 1072 2090 (dicit
1094 2066 1148 2083 om.
1167 2057 1193 2091 b)
1212 2061 1238 2082 et
1255 2059 1327 2089 Apo-

256 2089 356 2125 stolum
379 2093 500 2116 nostrum
517 2091 586 2124 fieri
602 2092 735 2126 (nostrum
756 2094 821 2119 dicit
844 2101 899 2119 esse
917 2095 1024 2128 factum
1044 2093 1094 2127 Gb)
1115 2101 1166 2119 non
1186 2094 1272 2125 ipsum
1291 2102 1328 2120 ex

261 2123 319 2150 Deo
336 2124 462 2155 Verbum,
482 2127 588 2159 quando
607 2129 716 2161 sactum
735 2132 774 2154 est
797 2137 861 2154 caro
881 2132 907 2154 et
931 2130 1076 2158 secundum
1097 2137 1145 2154 nos
1169 2130 1261 2160 homo,
1280 2130 1328 2155 sed

256 2162 390 2192 tanquam
407 2162 522 2187 alterum
538 2166 651 2194 praeter
669 2165 729 2189 e'um
747 2171 867 2189 seorsum
886 2165 1028 2190 hominem.

260 2235 300 2255 m
313 2193 342 2256 δὲ
363 2196 404 2226 Ut,
416 2198 570 2230 quoniam...
589 2202 717 2224 maneret.
729 2214 749 2218 -
767 2201 785 2224 P
793 2208 800 2231 3
822 2200 982 2230 Quoniam...
995 2207 1112 2226 manens.
1132 2200 1170 2226 Cf.
1183 2209 1227 2234 qu.
1241 2209 1328 2232 xnvm,

301 2249 307 2256 .
363 2238 435 2265 corp.

256 2386 316 2469 ἸΝ
339 2392 443 2428 titulo,
467 2392 594 2423 attende
616 2394 733 2434 primo,
758 2393 848 2434 quod
870 2404 938 2424 non
954 2395 1115 2434 quaeritur
1135 2405 1174 2424 an
1191 2395 1258 2425 sola
1275 2405 1326 2425 ex-

255 2450 258 2453 ·
296 2437 395 2477 piatio
417 2437 542 2477 peccati
571 2438 611 2467 sit
634 2437 764 2468 effectus
788 2438 955 2469 sacerdotii
979 2438 1105 2469 Christi.
1138 2439 1206 2469 Nec
1230 2448 1327 2479 quae-

261 2483 342 2514 ritur
365 2490 406 2511 an
428 2482 566 2521 expiatio
590 2488 797 2522 peccatorum
821 2483 860 2512 sit
878 2492 896 2512 a
915 2483 985 2513 solo
1004 2482 1182 2513 sacerdotio
1200 2483 1326 2513 Christi.

265 2525 339 2561 Sed,
362 2534 404 2556 an
425 2525 638 2565 sacerdotium
658 2526 775 2557 Christi
797 2527 911 2557 habeat
933 2527 1020 2557 hune
1037 2526 1186 2557 effectum
1210 2528 1266 2567 qui
1282 2533 1329 2557 est

266 2570 392 2611 expiare
414 2574 554 2609 peccata,

255 2646 257 2648 ,
320 2613 459 2645 Attende
481 2613 634 2650 secundo,
659 2614 749 2655 quod
770 2624 839 2645 non
862 2620 909 2646 est
930 2616 982 2646 hic
1006 2617 1150 2656 quaestio
1173 2615 1211 2646 de
1227 2615 1326 2646 modo

265 2657 403 2689 habendi
423 2658 511 2689 hunc
535 2657 694 2695 effectum,
718 2669 759 2689 an
782 2659 901 2690 scilicet
925 2659 1067 2690 effective
1091 2670 1132 2689 an
1154 2660 1326 2696 meritorie,

265 2712 307 2733 an
329 2702 392 2737 alio
415 2700 534 2733 modo:
559 2702 614 2733 sed
636 2703 670 2733 in
693 2702 841 2740 confuso,
865 2703 920 2733 illo
938 2703 1057 2734 scilicet
1072 2703 1171 2734 modo
1196 2713 1262 2744 quo
1280 2714 1327 2734 sa-

256 2746 399 2778 cerdotii
421 2746 553 2782 actibus,
569 2746 787 2783 sacrificando,
805 2746 980 2783 offerendo,
998 2753 1068 2783 etc„
1094 2747 1224 2778 effectus
1243 2749 1328 2778 attri-

265 2791 422 2826 buuntur;
446 2795 478 2821 et
492 2791 548 2821 illo
564 2800 671 2821 rursus
687 2791 787 2821 modo
812 2801 879 2831 quo
902 2791 1056 2822 sacrificio
1077 2791 1194 2822 Christi
1216 2798 1328 2822 natum

258 2840 315 2866 =est
337 2835 509 2866 convenire
532 2834 623 2875 quod
645 2835 684 2866 sit
707 2834 827 2866 efficax.

255 2918 262 2922 ἡ
322 2878 443 2915 Tertio,
463 2878 553 2919 quod
569 2879 721 2919 expiatio,
741 2879 919 2910 secundum
934 2881 1075 2910 nominis
1091 2880 1328 2919 proprietatem,

268 2922 529 2954 emundationem
559 2932 616 2953 seu
638 2923 863 2963 purgationem
887 2924 1054 2964 culparum
1081 2923 1257 2963 significare
1283 2925 1329 2953 vi-

256 2965 368 2998 detur.
393 2967 434 2997 Et
457 2967 502 2997 sic
524 2967 660 2997 sumitur
682 2967 716 2996 in
738 2968 917 3007 proposito.

321 3011 359 3041 11.
383 3010 419 3041 In
440 3019 575 3050 corpore
597 3011 693 3040 unica
709 3015 755 3041 est
770 3011 953 3041 conclusio:
980 3011 1100 3041 Christi
1114 3011 1328 3042 sacerdotium

258 3054 360 3087 habet
367 3055 501 3095 plenam
517 3054 580 3085 vim
595 3054 749 3094 expiandi
754 3060 899 3095 peccata.
916 3055 1080 3085 Probatur.
1094 3055 1146 3085 Ad
1157 3055 1330 3095 perfectam

257 3098 532 3133 ,emundationem
553 3099 677 3138 peccati
701 3097 767 3128 duo
792 3099 1012 3138 requiruntur:
1045 3098 1118 3129 dare
1140 3099 1281 3139 gratiam,
1299 3104 1330 3129 et

257 3143 455 3185 ‚satisfacere
481 3141 543 3173 Sed
560 3141 676 3172 Christi
692 3142 906 3173 sacerdotium
921 3143 1015 3172 habet
1030 3148 1213 3182 utrumque.
1233 3143 1328 3183 Ergo.

264 3183 267 3187 ”
323 3186 427 3217 Maior
450 3186 603 3227 probatur
626 3195 664 3216 ex
687 3185 814 3216 duobus
836 3186 972 3216 inventis
988 3186 1022 3216 in
1037 3191 1181 3226 peccato,
1205 3186 1330 3216 macula

270 3235 303 3262 et
323 3235 427 3267 reatu,
452 3239 592 3271 quorum
615 3230 755 3269 primurn
778 3230 892 3269 gratia,
917 3229 1094 3260 secundum
1118 3229 1330 3260 satisfactione

269 3274 400 3306 tollitur.
423 3293 447 3297 -
469 3275 576 3304 Minor
598 3283 686 3309 vero,
710 3274 896 3304 auctoritate
920 3273 1046 3303 Ioannis
1071 3279 1101 3303 et
1124 3273 1230 3303 Isaiae.

323 3318 375 3349 111.
400 3319 436 3349 In
458 3318 668 3358 responsione
692 3317 731 3347 ad
753 3318 903 3357 primum,
929 3327 1003 3347 curn
1027 3317 1140 3347 dicitur
1163 3316 1262 3356 quod,
1283 3317 1331 3347 in-

272 3368 429 3402 quantum
452 3362 570 3393 Christi
592 3362 771 3392 humanitas
795 3362 984 3401 operabatur
1006 3361 1121 3390 virtute
1145 3360 1330 3396 divinitatis,

271 3405 461 3437 sacrificium
484 3406 602 3437 Christi
625 3411 690 3436 erat
708 3404 960 3435 efficacissimum
985 3404 1024 3434 ad
1047 3404 1180 3435 delenda
1202 3409 1332 3444 peccata

239 3465 245 3472 ·
271 3459 329 3491 per
343 3451 475 3490 gratiam
490 3451 524 3486 ⁴⁸‘;
548 3459 615 3480 non
639 3449 794 3489 intelligas
809 3449 1040 3479 humanitatem
1056 3448 1173 3479 Christi
1197 3457 1331 3478 concur-

272 3503 340 3525 rere
362 3494 642 3525 instrumentaliter
665 3493 704 3524 ad
728 3492 895 3523 creandam
917 3493 1048 3532 gratiam
1071 3493 1103 3522 in
1128 3493 1245 3522 anima:
1277 3491 1332 3522 sed

273 3537 451 3578 intelligito,
476 3543 633 3579 quantum
657 3537 696 3568 ad
716 3538 909 3567 creationem
925 3541 1055 3576 spectat,
1080 3545 1267 3566 concurrere
1283 3536 1331 3566 in-

1433 2017 1455 2051 ε)
1476 2019 1535 2043 illos
1553 2018 1659 2045 scilicet.
1679 2032 1697 2036 -
1716 2018 1783 2042 alios
1803 2018 1862 2042 illos
1880 2017 1980 2042 scilicet
1999 2017 2021 2046 b,
2043 2017 2101 2041 illos
2120 2021 2204 2041 cetera
2222 2016 2296 2040 tertia
2315 2021 2340 2041 et
2357 2025 2383 2043 a.

1433 2054 1458 2087 ζ)
1478 2054 1543 2086 Iege.
1561 2068 1581 2072 —
1599 2053 1682 2078 veteri
1700 2053 1758 2086 lege
1776 2053 1858 2078 tertia.

1433 2088 1460 2122 η)
1480 2089 1555 2122 agni.
1572 2102 1591 2107 -
1610 2089 1667 2113 veri
1692 2089 1761 2113 addit
1785 2088 1866 2113 tertia.
1884 2102 1903 2106 -
1920 2087 2158 2112 consummativum
2177 2087 2196 2111 F
2217 2092 2242 2111 et
2267 2088 2355 2118 tertia;
2379 2096 2441 2114 con-

1380 2125 1552 2156 sumptivum.

1425 2158 1459 2194 ’6)
1479 2166 1545 2184 ecce.
1563 2172 1582 2177 —-
1601 2159 1662 2184 Om.
1681 2159 1754 2184 tertia
1774 2163 1875 2191 praeter
1893 2158 1910 2184 1.

938 2314 1272 2347 Commentario.
1293 2315 1546 2348 Cardinalis
1569 2318 1768 2350 Caietam

1380 2396 1624 2426 strumentaliter
1647 2396 1830 2436 dispositive
1854 2402 1885 2427 et
1906 2397 2075 2427 meritorie.
2099 2397 2180 2427 Nata
2196 2402 2242 2427 est
2265 2398 2350 2427 enim
2369 2407 2440 2437 gra-

1379 2441 1423 2470 tia
1446 2440 1623 2470 secundum
1647 2441 1732 2470 illam
1748 2441 1832 2470 viam
1855 2441 1953 2470 creari
1973 2441 2006 2470 in
2021 2441 2160 2480 patiente
2176 2440 2340 2480 disposito,
2357 2442 2439 2471 sicut

1381 2485 1486 2514 anima
1502 2485 1670 2514 rationalis.
1694 2485 1735 2514 Et
1750 2490 1926 2524 propterea,
1943 2484 2017 2514 licet
2033 2485 2148 2514 creatio
2165 2484 2308 2514 absolute
2323 2484 2439 2515 refutet

1380 2528 1638 2565 instrumentum,
1663 2529 1779 2558 creatio
1802 2534 1909 2558 tamen
1927 2529 1971 2558 rei
1994 2529 2027 2558 in
2043 2529 2182 2568 patiente
2198 2528 2352 2568 disposito
2370 2538 2438 2559 non

1380 2571 1496 2602 refutat
1518 2573 1780 2602 instrumentum:
1805 2578 1836 2603 et
1859 2572 2047 2602 sacrificium
2066 2572 2182 2602 Christi
2197 2573 2356 2602 invenitur
2372 2572 2439 2603 effi-

1382 2617 1582 2646 cacissimum
1606 2616 1646 2647 ad
1669 2616 1859 2647 causandam
1881 2617 2012 2656 gratiam
2027 2616 2266 2652 iustificantem;
2291 2617 2372 2646 sicut
2390 2626 2438 2646 se-

1381 2670 1456 2691 men
1479 2661 1657 2691 humanum
1680 2662 1761 2691 bene
1786 2660 1974 2700 dispositum
1996 2661 2155 2690 invenitur
2179 2659 2287 2690 efficax
2309 2659 2348 2690 ad
2364 2669 2438 2690 cau-

1381 2704 1515 2734 sandum
1539 2705 1677 2734 animam
1700 2705 1885 2735 rationalem
1907 2703 2106 2744 producendi
2128 2704 2275 2734 hominis.

1435 2749 1549 2779 Verius
1577 2754 1684 2779 tamen
1714 2749 1843 2784 dicitur,
1871 2748 2047 2778 secundum
2070 2748 2218 2777 Auctoris
2245 2747 2438 2781 doctrinam,

1382 2793 1612 2822 humanitatem
1636 2792 1752 2823 Christi
1776 2793 1897 2832 operari
1922 2793 2036 2822 virtute
2059 2791 2226 2821 divinitatis
2248 2792 2439 2821 instrumen-

1382 2837 1484 2867 taliter
1507 2836 1700 2866 deletionem
1723 2842 1929 2876 peccatorum
1951 2845 2008 2875 per
2022 2835 2162 2875 gratiam,
2186 2845 2252 2865 non
2270 2836 2438 2871 creatione,

1382 2880 1438 2911 sed
1467 2880 1626 2910 infusione
1657 2880 1862 2920 productam:
1895 2885 1931 2909 ut
1960 2879 2103 2919 superius
2119 2880 2135 2895 ⁴⁶
2158 2884 2369 2909 monstratum
2393 2885 2439 2909 est

1383 2925 1569 2954 auctoritate
1594 2924 1660 2953 eius
1684 2929 1715 2953 et
1737 2924 1868 2953 ratione.

1438 2968 1490 2998 IV.
1508 2967 1543 2997 In
1558 2968 1766 3006 responsione
1783 2967 1822 2996 ad
1837 2966 1974 3002 tertium,
1990 2965 2072 3002 vide,
2088 2965 2226 3002 Novitie‚
2243 2965 2332 3006 quod
2348 2966 2439 2997 Chri-

1383 3018 1465 3047 stus,
1499 3021 1535 3041 ex
1558 3011 1621 3040 hoc
1648 3011 1719 3050 ipso
1747 3010 1836 3050 quod
1865 3010 2051 3040 assimilatus
2075 3015 2121 3040 est
2151 3019 2243 3049 agno,
2269 3011 2439 3041 continuae

1382 3056 1514 3090 hostiae,
1531 3054 1682 3094 figuratus
1699 3053 1812 3084 dicitur
1834 3063 1891 3093 per
1907 3059 2008 3084 cetera
2023 3054 2173 3084 sacrificia
2195 3059 2232 3083 ut
2250 3053 2436 3085 sacrificium

1382 3099 1528 3130 omnium
1546 3098 1844 3128 consummativum.
1870 3098 1914 3127 Ita
1930 3097 2019 3137 quod
2038 3107 2105 3127 non
2121 3103 2252 3137 negatur
2276 3097 2438 3129 Christum

1383 3142 1558 3182 comparari
1581 3141 1662 3171 aliis:
1688 3141 1743 3171 sed
1766 3141 1966 3181 distinguitur
1989 3141 2078 3181 quod
2100 3151 2156 3181 per
2179 3141 2436 3172 assimilationem

1385 3191 1586 3225 comparatur
1609 3195 1702 3224 agno,
1726 3195 1782 3225 per
1806 3186 2116 3215 consummationem
2140 3191 2340 3225 comparatur
2362 3186 2440 3222 aliis,

1384 3235 1414 3260 et
1438 3238 1475 3259 ex
1498 3230 1561 3259 hoc
1584 3229 1654 3268 ipso
1679 3229 1768 3268 quod
1789 3238 1871 3269 agno
1896 3229 2092 3264 assimilatur,
2117 3228 2249 3259 refertur
2271 3229 2310 3259 ad
2332 3230 2441 3260 omnia

1384 3279 1420 3303 ut
1443 3273 1687 3303 consummatio.
1722 3273 1850 3303 Rationi
1873 3273 2030 3313 siquidem
2058 3278 2214 3303 consonat
2235 3278 2272 3303 ut
2294 3283 2440 3303 momen-

1384 3323 1477 3347 tanea
1495 3316 1534 3346 ad
1553 3317 1743 3347 continuum
1759 3316 1966 3353 reducantur3
1992 3322 2022 3347 et
2038 3317 2126 3357 quod
2143 3317 2285 3347 continui
2302 3322 2348 3347 est
2363 3327 2440 3347 con-

1385 3361 1567 3396 summatio,
1593 3361 1739 3391 omnium
1762 3361 1802 3392 sit
1817 3362 2116 3391 consummativum.
2141 3361 2275 3401 Reliqua
2292 3361 2376 3391 enim
2393 3371 2441 3391 sa-

1386 3403 1503 3434 crificia
1525 3413 1584 3444 pro
1607 3405 1755 3444 peccatis,
1779 3405 1894 3441 hircus,
1919 3414 2021 3445 capra,
2045 3405 2172 3441 vitulus,
2195 3414 2282 3435 nunc
2297 3405 2348 3435 vel
2363 3410 2441 3435 tunc

1386 3447 1612 3479 offerebantur:
1645 3458 1743 3489 agnus
1767 3455 1873 3479 autem
1897 3450 2057 3479 continue.
2093 3449 2132 3479 Et
2159 3454 2326 3489 propterea
2347 3458 2441 3479 verus

1385 3493 1496 3532 Agnus
1526 3492 1566 3522 ad
1589 3493 1697 3523 omnia
1725 3498 1926 3533 comparatur
1949 3492 2098 3523 sacrificia
2127 3498 2163 3522 ut
2186 3493 2332 3523 omnium
2363 3502 2440 3523 con-

1386 3537 1621 3567 summativum.

2550 420 2565 445 01

2456 1266 2466 1276 ⁸
2481 1264 2537 1293 Cap.
2550 1272 2592 1288 xx.

2461 1528 2470 1538 ⁶
2489 1527 2559 1549 Tom.
2580 1526 2620 1553 IX,
2642 1526 2672 1548 ad

2460 1560 2510 1582 cap.
2525 1560 2541 1581 1,
2561 1559 2619 1575 vers.
2634 1559 2672 1581 ²9·

2556 1581 2571 1610 ζ

2462 1684 2471 1694 ·
2485 1683 2552 1704 νει-ε.
2566 1688 2587 1711 3,
2601 1688 2625 1708 4.

2559 1740 2574 1763 η

2463 1789 2473 1800 ·
2488 1787 2555 1810 Vera.
2569 1793 2606 1815 29.

2560 1843 2575 1869 0

2466 2878 2475 2889 ⁸
2491 2877 2538 2905 Qu.
2548 2882 2596 2904 vm,
2606 2880 2647 2898 art.
2657 2883 2678 2904 ι,

2465 2904 2599 2926 comment.
2612 2909 2678 2924 num.

2465 2937 2499 2952 ιιι.
