2872 3970
104 380 175 407 μη,
181 377 250 404 ffl-Za

968 292 1230 339 QUAESTIO
1259 293 1378 340 XVII,
1407 294 1699 332 ARTICULUS
1727 295 1757 331 II

276 370 455 403 doctrinam
477 370 645 407 Auctoris,
676 380 770 410 saepe
795 370 962 410 repetitam
980 371 1013 406 *‚
1036 370 1118 400 inter
1138 370 1281 401 Verbum
1305 375 1336 400 et

126 427 252 478 ,ἐπεοι-
276 415 507 447 humanitatem
525 419 720 454 assumptam
736 419 783 444 est
798 414 984 444 coniunctio
1001 414 1220 450 substantialis,
1238 424 1335 454 quarn

77 459 83 463 ’
183 469 192 477 ι
204 459 237 476 xl.

278 459 447 491 comitatur
469 459 548 488 unio
571 458 709 488 relativa.
733 457 796 488 Sed
819 458 895 497 quia
917 458 1103 488 coniunctio
1119 458 1177 488 ista
1192 459 1336 488 substan-

277 502 359 542 tialie
380 511 448 533 non
471 507 518 532 est
541 501 719 532 secundum
748 510 871 532 novum
897 510 965 532 esse
994 501 1093 541 ipsius
1122 502 1335 538 humanitatis,

277 545 334 579 sed
355 545 534 576 secundum
556 551 721 576 aeternum
744 554 811 575 esse
834 545 934 584 ipsius
956 545 1069 581 Verbi,
1099 545 1173 576 ideo
1196 546 1335 582 Auctor,

276 589 318 621 ad
339 588 570 621 excludendam
593 590 837 629 acquisitionem
860 589 937 619 novi
961 598 1043 624 esse,
1074 588 1150 620 dicit
1174 589 1262 629 quod
1285 599 1337 619 so-

276 633 346 667 lum
368 632 495 664 advenit
517 633 577 663 sibi
598 642 684 663 nova
706 633 834 663 relatio:
859 638 890 663 et
911 642 980 662 non
998 631 1075 662 dixit
1096 633 1160 663 hoc
1175 632 1216 664 ad
1231 633 1337 663 exclu-

277 676 415 709 dandam
433 677 696 707 coniunctionem
711 676 949 707 substantialem
971 675 1147 707 secundum
1164 677 1338 717 personali-

277 725 376 752 tatem
397 725 429 751 et
450 719 535 750 illius
558 729 636 756 esse,
660 725 696 750 ut
719 720 801 750 clare
823 725 910 760 patet
927 721 962 750 in
980 719 1091 750 littera.
1115 720 1204 758 Quin
1218 721 1337 760 potius,

278 773 354 795 cum
376 762 475 795 dictio
498 763 657 794 exclusiva
675 773 743 794 non
766 763 912 794 excludat
927 774 946 794 a
961 765 1261 800 concomitantibus,
1277 773 1338 794 nec

277 807 523 839 fundamentum
549 817 568 837 a
589 808 759 844 relatione,
790 807 944 847 ponendo
975 807 1081 838 solum
1111 817 1230 838 novam
1259 808 1338 838 rela-

277 852 400 883 tionem
421 851 553 890 acquiri,
568 851 754 891 intelligitur
771 852 968 891 praeacquiri
984 851 1228 881 fundamentum
1243 852 1337 887 illius,

278 894 368 936 quod
390 899 438 925 est
459 895 634 935 personalis
653 896 849 930 coniunctio,
873 905 969 935 super
984 905 1048 935 qua
1063 894 1213 925 fundatur
1227 895 1338 925 relatio

277 948 362 970 nova
387 948 543 979 personae
566 938 606 968 ad
627 944 782 970 naturam.
818 938 911 970 Unde
934 944 1021 979 patet
1043 944 1268 979 argumentum
1289 944 1339 969 to-

277 982 381 1014 taliter
402 991 504 1013 ruere.
1308 1012 1311 1015 ,

299 1058 302 1062 ,
331 1026 429 1057 XVlI.
453 1026 505 1057 Ad
527 1026 652 1057 obiecta
675 1032 785 1057 contra
805 1027 1048 1058 conclusionem
1063 1028 1080 1044 ⁴*
1102 1026 1338 1067 respondendo,

278 1070 322 1102 ad
340 1070 483 1111 primum
506 1070 594 1101 Scoti
616 1070 731 1101 dicitur
753 1070 900 1111 negando
922 1072 1077 1102 maiorem
1093 1071 1132 1101 ad
1148 1080 1276 1101 sensum
1293 1081 1340 1101 ar-

278 1114 413 1155 guentis.
449 1113 671 1145 Generationis
699 1115 785 1144 enim
815 1115 970 1145 terminus
999 1116 1095 1146 habet
1121 1125 1189 1146 esse
1215 1115 1340 1145 noviter

278 1159 490 1199 acquisitum,
514 1159 564 1188 vel
587 1158 754 1198 antiquum
778 1168 861 1189 novo
885 1158 980 1189 modo
1004 1168 1038 1190 se
1060 1159 1188 1189 habens.

338 1202 431 1234 Unde
454 1201 494 1232 ad
517 1203 733 1233 obiectionem
755 1203 898 1233 Durandi
921 1208 1032 1233 contra
1054 1204 1136 1233 hanc
1159 1203 1340 1243 responsio-

278 1256 371 1283 nem,
395 1246 509 1276 dicitur
531 1246 629 1286 quod,
646 1247 672 1276 si
693 1247 796 1276 maior
817 1247 1009 1286 intelligatur
1035 1257 1110 1277 cum
1133 1247 1340 1287 praecisione,

279 1289 356 1321 falsa
378 1295 439 1321 est:
462 1299 548 1327 nam,
571 1290 646 1320 licet
667 1290 747 1321 illud
769 1300 826 1330 per
848 1292 1087 1330 generationem
1111 1292 1150 1321 sit
1173 1296 1341 1330 acceptum

280 1334 370 1374 quod
393 1339 439 1364 est
467 1343 525 1374 per
547 1335 788 1374 corruptionem
810 1335 921 1364 mortis
945 1335 1112 1371 amissum,
1143 1344 1211 1365 non
1234 1341 1342 1365 tamen

279 1378 359 1410 illud
380 1378 531 1418 praecise.
556 1378 619 1409 Sed
641 1379 667 1408 si
690 1378 730 1408 ad
751 1379 925 1409 terminum
947 1378 1115 1409 formalem
1129 1379 1342 1419 generationis

279 1422 459 1463 propositio
481 1423 693 1462 restringatur,
719 1422 921 1453 concedatur.
947 1422 1009 1453 Sed
1031 1423 1185 1453 terminus
1201 1423 1342 1454 formalis

281 1471 328 1497 est
349 1471 471 1502 natura,
487 1466 538 1496 vel
560 1464 666 1496 anima
687 1467 721 1496 in
738 1476 890 1507 corpore:
916 1472 948 1497 et
962 1477 1020 1507 per
1033 1473 1172 1497 mortem
1195 1467 1342 1498 humani-

279 1515 327 1541 tas
341 1510 410 1550 ipsa
426 1515 575 1550 corrupta
590 1515 637 1541 est
651 1519 709 1550 per
723 1511 957 1550 separationem
972 1512 1096 1542 animae
1117 1521 1135 1541 a
1158 1521 1304 1551 corpore.
1319 1529 1343 1533 -

281 1553 436 1592 Quamvis
459 1554 555 1584 etiam
578 1554 640 1584 dici
655 1555 756 1594 possit
774 1554 885 1585 falsam
901 1565 968 1585 esse
983 1556 1152 1586 minorem.
1176 1555 1271 1593 Quia,
1288 1554 1342 1585 de-

280 1599 403 1628 sinente
426 1607 484 1638 per
505 1603 643 1628 mortem
666 1599 862 1629 humanitate
886 1598 1013 1635 Christi,
1038 1609 1120 1639 quae
1137 1604 1183 1629 est
1204 1600 1272 1639 ipsa
1287 1609 1342 1629 na-

280 1647 352 1672 tura
373 1642 514 1672 humana
534 1642 688 1672 resultans
712 1652 750 1673 ex
765 1643 905 1682 partibus
921 1644 1027 1679 unitis,
1051 1644 1195 1683 oportuit
1210 1653 1343 1683 quoque

281 1685 425 1717 desinere
447 1686 603 1716 unionem
625 1687 722 1716 Verbi
745 1686 784 1717 ad
806 1687 893 1717 illam
917 1687 1095 1717 secundum
1118 1697 1168 1717 se:
1197 1688 1342 1727 quamvis

281 1730 466 1760 remanserit
488 1729 528 1760 ad
550 1730 637 1760 illam
659 1730 837 1761 secundum
855 1736 1024 1771 utramque
1048 1732 1097 1762 sui
1119 1737 1252 1771 partem,
1277 1732 1343 1761 ani-

281 1783 369 1804 mam
391 1774 511 1804 scilicet
535 1779 566 1804 et
589 1783 717 1814 corpus.

337 1818 389 1848 Ad
412 1818 586 1848 secundum
613 1818 702 1849 Scoti
731 1818 846 1849 dicitur
875 1818 964 1859 quod
994 1819 1128 1850 verbum
1156 1819 1344 1859 Philosophi

281 1871 395 1892 verum
418 1867 465 1892 est
487 1861 526 1892 de
549 1863 654 1892 vivere
675 1863 832 1893 essentiali
855 1868 886 1892 et
902 1862 941 1893 de
957 1872 1025 1893 esse
1042 1863 1214 1893 essentiali:
1238 1864 1344 1893 vivere

283 1906 370 1936 enim
393 1910 440 1936 est
463 1915 530 1936 esse
554 1906 729 1936 essentiale.
764 1906 806 1936 Et
827 1906 891 1936 hoc
918 1906 952 1936 in
975 1906 1103 1937 Christo
1132 1906 1250 1946 duplex
1272 1906 1342 1936 fuit.

282 1949 325 1980 Et
346 1959 450 1980 unum
473 1959 596 1985 eorum,
614 1949 703 1989 quod
718 1950 751 1980 in
768 1951 997 1980 coniunctione
1013 1951 1138 1981 animae
1154 1956 1185 1980 et
1201 1951 1344 1990 corporis

283 1994 442 2031 consistit,
468 1999 655 2034 corruptum
679 1999 725 2024 est
747 2003 805 2034 per
826 1999 973 2025 mortem.
1008 1994 1050 2024 Et
1071 2004 1139 2025 non
1161 1994 1345 2035 intelligitur

284 2037 323 2068 de
347 2047 415 2068 esse
438 2038 568 2068 actualis
593 2038 784 2068 existentiae.

338 2081 390 2112 Ad
412 2082 540 2112 tertium
564 2081 678 2112 dicitur
697 2081 844 2122 negando
860 2082 1033 2122 sequelam.
1057 2082 1099 2112 Et
1121 2082 1161 2113 ad
1183 2083 1346 2122 probatio-

282 2135 375 2156 nem:
409 2125 499 2166 quod
521 2126 638 2156 creatio
661 2126 847 2156 terminatur
870 2126 910 2156 ad
931 2135 1000 2156 rem
1027 2135 1110 2166 quae
1134 2132 1257 2157 creatur
1286 2127 1344 2156 sub

285 2170 448 2200 existentia
470 2179 555 2200 nova
577 2169 778 2209 simpliciter,
802 2170 853 2200 vel
876 2170 924 2200 illi
948 2170 996 2200 rei
1025 2179 1108 2210 quae
1130 2175 1270 2201 creatur.
1305 2170 1346 2200 Et

285 2214 340 2250 sic,
363 2214 469 2244 anima
487 2213 604 2244 Christi
628 2219 730 2244 creata
746 2219 793 2244 est
815 2219 851 2244 ut
867 2214 976 2244 existat
991 2214 1154 2244 existentia
1169 2223 1254 2244 nova
1269 2214 1345 2244 sibi:

285 2267 353 2288 non
375 2267 460 2288 nova
483 2257 677 2297 simpliciter.

340 2301 390 2332 Ad
412 2307 562 2342 quartum
587 2301 701 2332 dicitur
733 2300 823 2341 quod
851 2302 1031 2332 humanitas
1055 2301 1172 2332 Christi
1203 2301 1346 2332 effective

286 2351 489 2380 conservatur
520 2351 551 2375 et
573 2345 655 2375 facta
677 2350 724 2375 est
747 2355 765 2375 a
787 2351 854 2375 tota
876 2345 1047 2382 Trinitate‚
1079 2345 1256 2376 secundum
1280 2355 1347 2376 esse

287 2389 469 2420 existentiae
499 2389 675 2419 increatum
706 2390 981 2420 communicatum
1007 2390 1075 2420 sibi.
1110 2390 1178 2420 Nec
1205 2390 1348 2429 sequitur

286 2433 377 2474 quod
399 2433 486 2464 Deus
510 2433 626 2463 efficiat
647 2433 720 2463 ideo
744 2443 788 2469 se,
812 2439 867 2463 aut
889 2443 984 2463 suum
1009 2443 1093 2464 esse:
1118 2433 1174 2464 sed
1197 2433 1286 2474 quod
1302 2433 1347 2464 ef-

286 2476 397 2508 fecerit
419 2483 451 2508 et
473 2482 639 2508 conservet
661 2487 694 2507 se
721 2483 752 2507 et
775 2487 870 2508 suum
893 2487 960 2508 esse
987 2478 1262 2508 communicatum
1287 2478 1347 2508 hu-

285 2531 400 2552 manae
421 2527 560 2563 naturae>
574 2521 792 2561 personaliter.

341 2565 392 2596 Ad
413 2565 558 2607 quintum
582 2565 696 2596 dicitur
719 2565 824 2605 quod,
852 2566 878 2595 si
900 2566 1080 2596 humanitas
1104 2565 1220 2596 Christi
1244 2565 1348 2596 dimit-

286 2614 404 2640 teretur
426 2619 445 2640 a
459 2609 577 2645 Verbo,
594 2610 757 2640 sortiretur
771 2619 890 2639 novam
910 2609 1168 2650 personalitatem
1184 2614 1215 2640 et
1229 2619 1348 2640 novam

288 2653 501 2690 existentiam,
532 2663 600 2683 non
622 2663 680 2693 per
703 2654 843 2693 aliquam
865 2663 982 2684 novam
1006 2654 1182 2690 actionem,
1213 2653 1270 2684 sed
1291 2663 1349 2694 per

288 2698 452 2738 antiquam
473 2698 634 2728 actionem
657 2707 721 2737 qua
743 2707 761 2727 a
783 2698 941 2737 principio
966 2697 1077 2727 effecta
1096 2696 1166 2728 fuit.
1191 2697 1246 2727 llla
1262 2698 1348 2728 enim

287 2741 387 2778 actio,
417 2747 570 2781 tanquam
595 2741 749 2781 impedita
779 2751 797 2771 a
823 2741 1040 2782 completione
1066 2742 1187 2781 proprii
1217 2741 1348 2772 effectus

288 2786 331 2816 ob
353 2786 611 2826 praevenientem
633 2785 891 2825 personalitatem
907 2786 1012 2821 Verbi,
1036 2795 1104 2815 non
1127 2790 1174 2815 est
1195 2786 1348 2816 hactenus

287 2835 460 2860 consecuta
484 2829 633 2860 effectum
648 2830 796 2869 propriae
811 2829 1042 2869 personalitatis
1067 2835 1098 2860 et
1119 2830 1267 2869 propriae
1283 2830 1348 2860 exi-

287 2874 429 2904 stentiae.
454 2873 553 2903 Modo
570 2878 677 2903 autem
693 2872 833 2903 dimissio
849 2874 917 2913 ipsa
940 2879 1021 2903 esset
1043 2878 1196 2913 tanquam
1211 2874 1347 2904 remotio

287 2917 497 2958 prohibentis:
522 2922 553 2947 et
576 2917 621 2947 sic
641 2918 805 2947 sortiretur
820 2916 971 2947 effectum
993 2927 1096 2947 novae
1118 2917 1348 2956 personalitatis

289 2966 320 2992 et
334 2961 411 2991 novi
427 2970 535 2991 esse.—-
550 2961 591 2991 Et
606 2961 758 3000 probatur
773 2961 818 2990 sic
834 2970 902 2990 esse
917 2960 1099 2991 dicendum.
1116 2961 1201 2998 Quia
1216 2960 1347 3000 perinde

288 3014 323 3036 se
345 3005 474 3036 haberet
495 3005 674 3035 humanitas
697 3004 825 3034 dimissa
848 3014 884 3034 ac
907 3005 933 3034 si
955 3014 1023 3034 non
1046 3004 1156 3034 fuisset
1177 3010 1346 3044 assumpta.

289 3048 352 3080 Sed
374 3054 498 3079 constat
521 3048 620 3088 quod,
644 3049 669 3078 si
691 3057 759 3078 non
782 3047 892 3078 fuisset
914 3054 1088 3087 assumpta,
1113 3058 1151 3078 ex
1173 3058 1229 3078 sua
1251 3058 1347 3088 gene-

287 3093 410 3124 ratione
439 3093 602 3132 propriam
629 3092 885 3132 personalitatem
912 3097 943 3121 et
964 3092 1127 3131 propriam
1150 3092 1347 3122 existentiam

288 3136 458 3168 habuisset.
482 3136 587 3176 Igitur,
612 3137 637 3166 si
653 3135 871 3170 dimitteretur,
895 3135 1070 3175 acquireret
1091 3136 1254 3175 propriam
1276 3145 1347 3176 per-

289 3180 487 3211 sonalitatem
511 3186 542 3210 et
565 3180 727 3219 propriam
751 3179 964 3214 existentiam,
994 3189 1013 3208 a
1034 3184 1204 3218 generante
1234 3189 1291 3218 per
1314 3189 1346 3209 se

289 3223 464 3264 loquendo,
488 3229 519 3254 et
542 3233 560 3253 a
583 3223 760 3253 dimittente
782 3231 840 3262 per
862 3221 1008 3252 accidens
1031 3227 1184 3262 tanquam
1207 3232 1224 3252 a
1242 3232 1347 3252 remo-

289 3273 383 3299 vente
398 3268 580 3307 prohibens.
592 3285 615 3290 -
631 3267 672 3297 Et
684 3276 740 3307 per
755 3267 832 3296 haec
844 3271 931 3305 patet
946 3265 986 3296 ad
1001 3265 1137 3296 formam
1153 3267 1345 3306 argumenti:

291 3311 380 3352 quod
405 3311 535 3342 haberet
557 3321 625 3342 esse
648 3320 771 3341 novum
796 3319 854 3350 per
875 3319 993 3340 novam
1015 3310 1243 3345 mutationem,
1274 3310 1348 3339 licet

290 3363 348 3395 per
373 3354 536 3391 accidens,
568 3361 720 3395 tanquam
747 3354 959 3384 remotionem
985 3353 1199 3392 prohibentis3
1233 3358 1264 3383 et
1290 3362 1347 3392 per

291 3398 455 3438 antiquam
477 3408 535 3439 per
557 3409 600 3435 se,
625 3399 731 3429 soluto
754 3397 1001 3438 impedimento;
1026 3397 1107 3426 sicut
1129 3406 1223 3436 grave
1246 3397 1346 3436 impe-

292 3440 395 3473 ditum
416 3448 564 3473 movetur
578 3453 596 3472 a
611 3447 781 3482 generante
804 3451 860 3481 per
876 3450 919 3476 se,
944 3450 962 3470 a
977 3445 1161 3470 removente
1176 3440 1347 3480 prohibens

292 3493 349 3525 per
371 3486 526 3517 accidens.
550 3487 655 3516 Habet
678 3486 764 3516 enim
787 3495 804 3515 a
827 3489 996 3525 generante
1019 3484 1197 3514 humanitas
1219 3483 1291 3523 plus
1309 3483 1347 3514 ad

292 3529 547 3568 personalitatem
570 3531 731 3570 propriam
763 3535 793 3559 et
818 3529 980 3568 propriam
1006 3528 1218 3563 existentiam,
1250 3537 1347 3567 quam

293 3581 386 3612 grave
409 3572 448 3604 ad
469 3579 596 3604 motum
619 3573 784 3604 deorsum:
811 3582 885 3603 cum
907 3572 960 3602 illa
983 3572 1085 3611 seipsa
1107 3570 1147 3601 ad
1162 3572 1225 3602 hoc
1240 3571 1348 3601 tendat

290 3615 419 3653 infime;
442 3617 506 3647 hoc
528 3623 635 3647 autem
657 3627 714 3658 per
736 3617 920 3657 gravitatem
944 3621 974 3646 et
997 3616 1178 3646 extrinsece.
1204 3615 1239 3645 In
1256 3616 1346 3646 cuius

2371 307 2445 344 227

1390 373 1526 412 signum,
1551 372 1604 402 illa
1625 382 1683 412 per
1705 373 1806 403 solam
1823 374 2088 413 omnipotentiam
2108 374 2246 405 divinam
2268 380 2374 415 potest
2388 375 2448 405 im-

1390 415 1507 455 pediri:
1539 416 1603 446 hoc
1626 421 1733 447 autem
1756 426 1774 447 a
1795 418 1988 448 naturalibus
2012 424 2043 448 et
2065 419 2248 448 voluntariis
2277 418 2449 459 impeditur

1391 469 1518 499 passim.

1445 502 1497 533 Ad
1520 504 1735 534 obiectionem
1759 509 1866 535 autem
1890 504 2032 535 Durandi
2056 505 2169 536 dicitur
2193 506 2282 546 quod
2311 506 2380 536 talis
2403 505 2449 536 di-

1389 547 1499 577 missio
1524 553 1605 577 esset
1627 547 1783 578 nonnulla
1806 549 1979 588 corruptio.
2007 549 2171 586 Quoniam
2195 555 2450 589 corrumperetur

1391 591 1586 627 humanitas,
1617 601 1685 621 non
1714 592 1748 622 in
1776 601 1825 627 se,
1860 592 1915 622 sed
1941 592 2118 623 secundum
2146 603 2213 623 esse
2240 594 2449 624 conjunctum

1391 634 1515 670 Verbo3
1547 640 1579 664 et
1604 634 1749 674 perderet
1771 635 1854 672 duo,
1888 636 2007 666 scilicet
2030 637 2287 676 personalitatem
2311 637 2450 667 divinam

1391 678 1460 714 sibi,
1485 683 1516 708 et
1539 679 1734 709 existentiam
1758 678 1897 710 divinam
1920 681 1995 716 sibi;
2026 685 2057 710 et
2080 681 2256 720 acquireret
2278 681 2450 720 personali-

1391 727 1488 752 tatem
1511 722 1672 761 propriam
1696 732 1762 753 non
1779 723 1884 753 solum
1900 724 1958 753 sibi
1981 723 2036 754 sed
2052 724 2243 764 simpliciter,
2263 730 2295 754 et
2310 724 2451 754 similiter

1392 766 1589 795 existentiam
1611 767 1774 805 propriam
1797 772 1828 797 et
1850 767 1909 797 sibi
1933 773 1964 797 et
1986 768 2178 807 simpliciter.
2214 768 2266 798 Sic
2293 774 2374 798 esset
2403 777 2452 798 se-

1393 809 1535 839 cundum
1550 819 1627 839 rem.
1643 827 1667 832 —
1681 809 1732 840 Ad
1746 811 1883 841 rationes
1906 817 2013 841 autem
2035 812 2245 842 terminorum
2267 811 2450 852 spectando,

1392 852 1507 883 dicitur
1522 853 1611 893 quod
1627 855 1790 894 corruptio
1806 855 1989 894 simpliciter
2004 861 2133 885 naturae
2150 856 2356 895 compositae,
2373 865 2451 895 qua—

1391 897 1429 926 lis
1453 902 1500 927 est
1514 897 1694 927 humanitas
1711 897 1838 934 Christi,
1854 909 1921 929 non
1938 899 2107 929 attenditur
2123 909 2221 939 penes
2238 909 2305 930 esse
2321 899 2451 930 actualis

1393 941 1591 976 existentiae,
1623 941 1679 971 sed
1705 951 1804 981 penes
1831 952 1898 973 esse
1925 944 2087 973 essentiae.
2122 942 2221 981 Quod
2245 953 2282 973 ex
2306 953 2345 973 eo
2369 943 2450 973 clare

1393 990 1479 1024 patet
1506 985 1595 1024 quod
1624 985 1803 1016 humanitas
1831 986 1948 1016 Christi
1977 996 2034 1026 per
2056 993 2193 1017 mortem
2217 992 2366 1026 corrupta
2387 992 2450 1023 est,

1393 1038 1431 1058 ex
1446 1028 1509 1058 hoc
1527 1028 1616 1068 quod
1631 1029 1736 1059 anima
1751 1035 1892 1069 separata
1908 1036 1954 1061 est
1969 1041 1987 1060 a
1999 1040 2134 1070 corpore
2151 1031 2196 1070 (et
2211 1032 2244 1060 in
2260 1031 2323 1061 hoc
2339 1040 2452 1061 omnes

1394 1072 1635 1112 convenimus):
1668 1074 1828 1112 quamvis,
1857 1074 2034 1104 secundum
2056 1075 2231 1104 Auctorem
2259 1080 2289 1104 et
2314 1075 2451 1110 multos,

1393 1116 1519 1146 nullum
1542 1126 1610 1146 esse
1633 1117 1762 1146 actualis
1786 1118 1967 1148 existentiae
1990 1118 2084 1148 fuerit
2107 1128 2163 1158 per
2182 1118 2299 1148 Christi
2314 1124 2451 1148 mortem

1394 1165 1592 1199 corruptum.
1617 1159 1703 1190 Cum
1725 1161 1820 1200 igitur
1843 1171 1880 1191 ex
1903 1161 2081 1201 perditione
2101 1171 2168 1192 esse
2192 1163 2354 1202 corruptio
2378 1163 2452 1192 sim-

1394 1203 1517 1243 pliciter
1539 1203 1688 1239 infertur,
1718 1205 1779 1234 nisi
1802 1205 1842 1234 sit
1863 1215 1968 1235 sermo
1995 1205 2034 1235 de
2061 1215 2127 1235 esse
2155 1206 2306 1235 essentiae
2337 1211 2391 1236 aut
2413 1205 2452 1236 de

1395 1257 1462 1278 esse
1489 1252 1525 1277 ut
1550 1247 1685 1277 includit
1712 1257 1779 1278 6556
1803 1249 1966 1285 essentiae,
1982 1255 2115 1289 negetur
2138 1249 2310 1288 sequela.-
2333 1250 2374 1279 Et
2396 1259 2453 1288 per

1394 1292 1457 1321 hoc
1481 1296 1567 1331 patet
1597 1291 1687 1331 quod
1709 1293 1877 1322 subiuncta
1899 1293 2046 1332 probatio
2074 1293 2152 1323 nihil
2175 1293 2273 1328 valet,
2298 1292 2452 1323 dicendo:

1394 1335 1430 1365 Si
1453 1344 1518 1365 non
1541 1335 1662 1376 sufficit
1677 1335 1816 1375 perdere
1840 1346 1938 1366 unum
1958 1346 2024 1367 esse
2039 1337 2226 1367 existentiae
2242 1342 2272 1366 et
2287 1337 2455 1376 acquirere

1394 1379 1494 1415 aliud,
1518 1379 1574 1410 sed
1597 1385 1724 1419 oportet
1737 1380 1832 1410 etiam
1852 1381 1977 1410 nullum
1993 1380 2084 1411 aliud
2099 1381 2275 1420 acquirere,
2300 1390 2379 1421 ergo
2396 1390 2454 1410 an-

1396 1423 1554 1454 nihilatio.
1589 1423 1656 1454 Stat
1679 1424 1765 1454 enim
1795 1424 1884 1464 quod
1906 1424 2017 1464 perdat
2038 1434 2141 1455 unum
2168 1430 2199 1454 et
2221 1424 2346 1454 nullum
2369 1424 2455 1454 aliud

1395 1468 1552 1507 acquirat,
1577 1472 1608 1497 et
1630 1477 1697 1498 non
1720 1468 1920 1504 annihiletur,
1944 1468 1999 1498 sed
2021 1474 2241 1508 corrumpatur
2263 1478 2320 1508 per
2342 1477 2455 1508 exspo-

1395 1512 1560 1542 liationem
1583 1512 1731 1542 materiae
1755 1512 1793 1542 ab
1816 1512 1869 1542 illa
1891 1511 2003 1542 forma.
2037 1512 2069 1543 Si
2093 1513 2178 1542 enim
2200 1513 2232 1542 in
2256 1513 2324 1551 ipsa
2347 1511 2453 1542 dimis-

1395 1556 1486 1586 sione
1509 1556 1712 1586 humanitatis
1736 1566 1754 1586 a
1777 1555 1903 1586 Christo
1928 1557 2032 1586 anima
2054 1556 2107 1586 illa
2129 1561 2323 1596 separaretur
2346 1566 2364 1586 a
2384 1565 2455 1586 cor-

1395 1609 1484 1639 pore,
1508 1605 1585 1630 tunc
1608 1600 1787 1630 humanitas
1811 1599 1928 1630 Christi
1950 1599 2095 1640 perderet
2117 1609 2219 1630 unum
2239 1609 2305 1630 esse
2330 1605 2360 1629 et
2382 1600 2454 1630 nul-

1395 1644 1464 1674 lum
1487 1643 1572 1674 aliud
1595 1644 1780 1683 acquireret,
1805 1644 1880 1683 quia
1902 1654 1970 1674 non
1994 1650 2090 1674 esset:
2123 1649 2154 1674 et
2176 1649 2281 1674 tamen
2308 1653 2376 1674 non
2399 1653 2454 1674 an-

1395 1688 1524 1718 nihilata
1547 1693 1644 1722 esset,
1673 1688 1748 1727 quia
1770 1694 1946 1718 remaneret
1970 1693 2000 1718 et
2023 1688 2153 1718 materia
2176 1697 2250 1718 cum
2277 1687 2380 1717 forrna
2404 1697 2454 1718 ca-

1397 1731 1527 1767 daveris,
1553 1737 1583 1761 et
1606 1732 1711 1761 anima
1733 1731 1924 1762 intellectiva
1947 1741 2022 1762 curn
2044 1741 2128 1761 nova
2151 1732 2331 1767 existentia,
2355 1731 2455 1761 modo

1395 1776 1629 1816 praeexposito.

1451 1819 1502 1849 Ad
1523 1824 1650 1849 sextum
1673 1819 1770 1854 Secti,
1794 1824 1927 1858 negatur
1950 1818 2048 1858 quod,
2070 1818 2155 1858 apud
2170 1829 2240 1855 nos,
2263 1824 2374 1848 natura
2389 1819 2456 1849 An-

1397 1863 1459 1902 geli
1482 1872 1549 1893 non
1573 1868 1654 1892 esset
1678 1862 1789 1892 eadem
1812 1863 1872 1892 nisi
1895 1863 1934 1892 sit
1958 1862 2069 1893 eadem
2093 1863 2265 1893 existentia.

1451 1906 1502 1937 Ad
1523 1907 1699 1946 septimum,
1726 1906 1912 1936 conceditur
1935 1907 2024 1946 quod
2046 1906 2291 1937 fundamentum
2308 1911 2354 1936 est
2369 1906 2457 1945 prius

1398 1950 1575 1981 secundum
1599 1951 1755 1980 actualem
1779 1951 1975 1981 existentiam
1998 1951 2160 1986 relatione,
2185 1951 2263 1980 etin
2279 1950 2457 1990 proposito.

1398 1995 1543 2025 Dicimus
1567 1995 1653 2025 enim
1677 1994 1766 2034 quod
1789 1995 1967 2024 humanitas
1991 1994 2107 2025 Christi
2131 1994 2190 2024 fuit
2213 1995 2299 2034 prius
2323 1995 2458 2024 existens

1399 2048 1497 2078 quam
1519 2039 1615 2069 relata
1638 2038 1678 2069 ad
1700 2039 1852 2068 Verbum.
1886 2038 1948 2069 Sed
1970 2044 2102 2078 negatur
2125 2039 2273 2078 sequela,
2304 2038 2371 2068 Ista
2386 2038 2460 2079 fuit

1399 2083 1547 2118 existens,
1566 2083 1659 2123 Ergo
1678 2083 1816 2122 propria
1840 2083 2018 2112 existentia.
2050 2082 2116 2112 Stat
2139 2083 2224 2112 enim
2254 2081 2342 2122 quod
2365 2081 2459 2112 fuerit

1400 2127 1535 2156 existens
1566 2127 1730 2156 existentia
1759 2127 1865 2156 Verbi.
1895 2144 1919 2148 —
1948 2126 1989 2156 Et
2018 2127 2095 2156 haec
2118 2127 2284 2166 responsio
2308 2125 2458 2156 satisfacit

1400 2166 1550 2200 omnibus
1573 2170 1766 2210 argumentis
1790 2180 1871 2210 quae
1894 2169 1976 2200 fiunt
1999 2170 2037 2200 de
2061 2179 2169 2209 agere,
2194 2170 2283 2209 quod
2306 2170 2459 2209 supponit

1400 2215 1546 2250 existere3
1580 2220 1610 2244 et
1634 2213 1673 2244 de
1696 2213 1927 2249 accidentibus,
1952 2213 2042 2253 quod
2063 2219 2251 2253 supponunt
2280 2214 2459 2244 subiectum

1401 2259 1548 2294 existere;
1574 2263 1605 2288 et
1627 2258 1790 2287 similibus.
1816 2257 2012 2287 Conceditur
2028 2258 2113 2287 enim
2129 2267 2254 2297 semper
2269 2257 2358 2297 quod
2380 2257 2458 2287 haec

1401 2302 1510 2332 omnia
1539 2303 1572 2331 in
1596 2301 1722 2332 Christo
1753 2306 1941 2341 supponunt
1970 2301 2200 2331 humanitatem
2224 2302 2370 2331 existere:
2402 2300 2458 2331 sed

1401 2347 1439 2376 ab
1464 2346 1626 2376 existentia
1649 2345 1689 2375 ad
1711 2346 1908 2375 existentiam
1930 2345 2092 2384 propriam
2117 2355 2185 2374 non
2208 2345 2311 2375 valere
2335 2350 2459 2375 constat

1401 2395 1641 2430 argumentum;
1672 2394 1731 2419 stat
1754 2390 1839 2419 enim
1863 2388 1951 2428 quod
1974 2389 2160 2428 praeexistat
2182 2389 2345 2418 existentia
2369 2397 2458 2418 com-

1401 2434 1562 2464 municata
1585 2434 1643 2463 sibi
1667 2443 1704 2463 ex
1727 2433 1948 2472 personalitate
1971 2433 2067 2462 Verbi
2090 2433 2147 2462 sibi
2167 2433 2412 2462 communicata.

1445 2478 1497 2508 Ad
1526 2477 1803 2508 confirmationem
1833 2476 1946 2506 dicitur
1975 2475 2064 2516 quod
2090 2476 2194 2505 anima
2218 2475 2334 2506 Christi
2359 2475 2459 2505 infor-

1402 2523 1508 2552 mabat
1531 2531 1646 2562 corpus
1669 2527 1700 2551 et
1723 2521 1815 2551 dabat
1839 2521 1868 2550 ei
1883 2530 1951 2550 esse
1967 2521 2156 2550 animatum:
2182 2529 2248 2549 esse
2265 2519 2336 2549 dico
2353 2529 2458 2549 essen-

1401 2567 1473 2602 tiae,
1498 2566 1701 2596 essentialiter
1724 2564 1880 2605 siquidem
1905 2564 2116 2594 constituebat
2134 2563 2307 2593 animatum
2324 2572 2457 2602 corpus;

1402 2620 1470 2641 non
1493 2615 1600 2640 autem
1623 2619 1691 2639 esse
1714 2609 1895 2639 existentiae
1917 2609 2073 2648 propriae,
2098 2607 2162 2643 sed,
2187 2613 2356 2646 antequam
2371 2606 2459 2636 daret

1402 2655 1480 2691 hoc,
1511 2659 1681 2694 praeventa
1704 2653 1764 2683 fuit
1794 2662 1831 2682 ex
1854 2653 2071 2691 assumptione
2097 2651 2137 2681 ad
2159 2660 2328 2690 personam
2350 2651 2456 2680 Verbi.

1457 2697 1508 2728 Ad
1531 2702 1694 2733 octavum,
1726 2707 1764 2727 ex
1788 2696 1931 2726 doctrina
1952 2696 2117 2731 Auctoris,
2149 2694 2262 2725 dicitur
2289 2693 2377 2734 quod
2399 2693 2457 2724 do-

1403 2743 1503 2773 ctrina
1524 2741 1673 2772 Auctoris
1695 2741 1879 2780 intelligitur
1898 2739 1937 2770 de
1953 2739 2180 2779 separabilitate
2195 2738 2343 2768 naturali:
2369 2737 2458 2777 quod

1402 2786 1522 2816 scilicet
1544 2785 1739 2825 impossibile
1764 2790 1810 2814 est
1838 2784 2019 2814 naturaliter
2042 2783 2177 2812 formam
2199 2782 2334 2821 separari
2357 2791 2375 2811 a
2397 2791 2457 2811 suo

1403 2839 1480 2860 esse.
1515 2829 1556 2859 Et
1579 2839 1616 2859 ex
1639 2829 1702 2858 hoc
1726 2827 1889 2858 concludit
1919 2827 2084 2857 efficaciter
2111 2826 2227 2856 formas
2254 2826 2457 2855 subsistentes

1402 2883 1459 2914 per
1482 2882 1514 2903 se
1538 2873 1656 2912 absque
1679 2872 1808 2902 materia
1831 2880 1898 2901 esse
1920 2870 2180 2909 incorruptibiles
2211 2869 2327 2899 Anima
2350 2874 2456 2899 autem

1404 2917 1519 2948 Christi
1536 2917 1654 2956 absque
1670 2916 1800 2955 proprio
1817 2924 1884 2944 esse
1904 2919 1950 2943 est
1965 2913 2088 2943 divinae
2105 2913 2355 2952 omnipotentiae
2367 2922 2457 2952 prae-

1402 2962 1563 2991 ventione.
1586 2978 1608 2982 -
1631 2960 1699 2989 Nec
1722 2960 1824 2989 obstat
1847 2957 2029 2997 exemplum
2053 2956 2092 2987 de
2115 2956 2234 2986 circulo
2259 2962 2290 2986 et
2313 2956 2457 2986 rotundi-

1402 3010 1480 3035 tate:
1506 3005 1580 3043 quia
1604 3003 1748 3042 exempla
1770 3007 1801 3032 et
1823 3001 1935 3031 similia
1958 3010 2024 3030 non
2048 3005 2177 3030 currunt
2199 3000 2232 3029 in
2252 3001 2411 3030 omnibus.

1457 3048 1498 3078 Et
1520 3048 1545 3077 si
1569 3047 1670 3086 exigat
1685 3056 1755 3086 pars
1779 3050 1920 3075 exactam
1936 3045 2176 3084 responsionem
2192 3043 2232 3074 ad
2247 3044 2385 3083 singula:
2410 3043 2456 3074 di-

1402 3093 1465 3122 cito
1490 3090 1579 3130 quod
1600 3091 1678 3120 haec
1701 3089 1893 3129 propositio,
1916 3088 2055 3118 Formae
2078 3087 2226 3118 convenit
2242 3097 2304 3127 per
2325 3097 2359 3118 se
2376 3097 2456 3127 pro-

1396 3135 1506 3176 prium
1530 3143 1605 3168 esse,
1630 3138 1735 3173 potest
1756 3132 1887 3172 intelligi
1911 3128 2086 3171 dupliciter.
2110 3131 2228 3167 Primo,
2248 3131 2336 3170 quod
2351 3140 2408 3170 per
2423 3141 2457 3161 se

1402 3178 1571 3209 conveniat
1594 3177 1714 3206 formae
1738 3182 1774 3206 ut
1795 3176 1963 3216 principio.
1988 3176 2028 3205 Et
2051 3176 2095 3205 sic
2119 3180 2166 3205 est
2187 3185 2268 3205 vera.
2297 3174 2359 3205 Sed
2381 3176 2457 3214 quia

1401 3223 1549 3262 perseitas
1572 3221 1717 3260 principii
1741 3225 1787 3250 est
1809 3219 1998 3259 impedibilis
2021 3229 2078 3259 per
2100 3219 2295 3258 superiorem
2319 3228 2456 3254 causam,

1401 3265 1474 3296 ideo
1498 3274 1572 3295 cum
1595 3265 1689 3294 huius
1711 3264 1938 3303 propositionis
1954 3264 2081 3293 veritate
2098 3268 2156 3292 stat
2177 3262 2266 3302 quod
2280 3263 2313 3292 in
2330 3262 2457 3292 Christo

1401 3309 1506 3339 anima
1528 3308 1728 3348 praevenitur
1751 3317 1769 3337 a
1791 3308 1921 3347 proprio
1946 3316 2023 3342 esse,
2049 3307 2138 3337 cuius
2155 3316 2211 3346 per
2226 3316 2258 3336 se
2275 3311 2355 3336 esset
2370 3306 2457 3346 prin-

1402 3353 1531 3392 cipium.
1543 3369 1566 3374 —
1581 3351 1654 3381 Alio
1670 3350 1770 3381 modo
1785 3351 1968 3391 intelligitur
1984 3350 2073 3390 quod
2088 3360 2144 3390 per
2159 3359 2191 3380 se
2211 3350 2377 3380 conveniat
2393 3349 2458 3380 for-

1401 3406 1471 3426 mae
1494 3401 1531 3426 ut
1552 3395 1708 3435 principio
1729 3401 1760 3425 et
1775 3395 1929 3430 subiecto,
1946 3395 2026 3425 sicut
2041 3394 2168 3434 propria
2183 3394 2287 3433 passio
2308 3394 2457 3424 convenit

1401 3440 1544 3470 subiecto
1567 3439 1709 3479 proprio.
1733 3439 1774 3468 Et
1796 3439 1841 3469 sic
1863 3439 1941 3468 haec
1964 3438 2141 3478 propositio
2157 3447 2224 3468 non
2241 3442 2287 3468 est
2301 3447 2375 3467 vera
2396 3437 2457 3467 nisi

1402 3483 1441 3514 de
1464 3483 1567 3514 forma
1593 3483 1722 3522 propria
1744 3482 1966 3522 personalitate
1994 3491 2050 3512 seu
2080 3482 2252 3511 substantia
2273 3481 2455 3511 terminata:

1403 3527 1503 3567 qualis
1526 3536 1593 3557 non
1617 3532 1663 3556 est
1686 3527 1790 3556 anima
1813 3526 1939 3562 Christi,
1964 3535 2044 3565 quae
2067 3535 2134 3555 non
2155 3526 2214 3555 nisi
2236 3535 2293 3564 per
2315 3525 2456 3555 Verbum

1402 3571 1549 3601 subsistit.
1574 3570 1666 3601 Unde
1690 3571 1812 3600 Auctor
1834 3570 1877 3600 ibi
1901 3579 1938 3599 ex
1961 3570 2061 3609 prima
2084 3570 2313 3608 propositione,
2335 3569 2456 3598 Forma

1401 3615 1589 3655 inquantum
1603 3614 1740 3656 forma,
1764 3614 1949 3653 subsumpta
1979 3612 2117 3643 secunda
2141 3612 2180 3643 de
2192 3613 2310 3654 forma
2337 3621 2399 3652 per
2423 3621 2457 3642 se
