<?xml version="1.0" encoding="UTF-8"?>
<!DOCTYPE html PUBLIC "-//W3C//DTD XHTML 1.0 Transitional//EN"
    "http://www.w3.org/TR/xhtml1/DTD/xhtml1-transitional.dtd">
<html xmlns="http://www.w3.org/1999/xhtml" xml:lang="en" lang="en">
 <head>
  <title>
</title>
<meta http-equiv="Content-Type" content="text/html;charset=utf-8" />
  <meta name='ocr-system' content='tesseract 3.04.00' />
  <meta name='ocr-capabilities' content='ocr_page ocr_carea ocr_par ocr_line ocrx_word'/>
</head>
<body>
  <div class='ocr_page' id='page_1' title='image "./operaomniaiussui11thom/operaomniaiussui11thom_0371.png"; bbox 0 0 2872 3970; ppageno 0'>
   <div class='ocr_carea' id='block_1_1' title="bbox 0 0 219 1559">
    <p class='ocr_par' dir='ltr' id='par_1_1' title="bbox 0 0 219 1559">
     <span class='ocr_line' id='line_1_1' title="bbox 0 0 219 1015; baseline 0 -347"><span class='ocrx_word' id='word_1_1' title='bbox 0 0 219 1015; x_wconf 95' lang='lat' dir='ltr'>   </span> 
     </span>
     <span class='ocr_line' id='line_1_2' title="bbox 0 1015 219 1559; baseline 0 -538"><span class='ocrx_word' id='word_1_2' title='bbox 0 1015 219 1559; x_wconf 95' lang='lat' dir='ltr'>  </span> 
     </span>
    </p>
   </div>
   <div class='ocr_carea' id='block_1_2' title="bbox 14 589 138 764">
    <p class='ocr_par' dir='ltr' id='par_1_2' title="bbox 14 589 138 776">
     <span class='ocr_line' id='line_1_3' title="bbox 20 589 119 604; baseline 0 -4"><span class='ocrx_word' id='word_1_3' title='bbox 20 589 21 596; x_wconf 62' lang='lat'>¹</span> <span class='ocrx_word' id='word_1_4' title='bbox 45 589 55 604; x_wconf 62' lang='lat'>‚¹</span> <span class='ocrx_word' id='word_1_5' title='bbox 106 591 119 600; x_wconf 60' lang='grc' dir='ltr'>..ι</span> 
     </span>
     <span class='ocr_line' id='line_1_4' title="bbox 47 601 113 618; baseline 0 -12"><span class='ocrx_word' id='word_1_6' title='bbox 47 601 54 618; x_wconf 72' lang='lat'>¹:</span> <span class='ocrx_word' id='word_1_7' title='bbox 109 603 113 606; x_wconf 55' lang='grc' dir='ltr'><strong>ρ</strong></span> 
     </span>
     <span class='ocr_line' id='line_1_5' title="bbox 42 652 138 671; baseline 0 -9"><span class='ocrx_word' id='word_1_8' title='bbox 42 654 53 666; x_wconf 45' lang='lat'>2⁷</span> <span class='ocrx_word' id='word_1_9' title='bbox 112 652 138 671; x_wconf 58' lang='lat'>,¹¹</span> 
     </span>
     <span class='ocr_line' id='line_1_6' title="bbox 14 674 40 764; baseline 0 0"><span class='ocrx_word' id='word_1_10' title='bbox 14 674 40 764; x_wconf 87' lang='lat'>.</span> 
     </span>
    </p>
   </div>
   <div class='ocr_carea' id='block_1_3' title="bbox 19 830 1268 1030">
    <p class='ocr_par' dir='ltr' id='par_1_3' title="bbox 19 827 1267 933">
     <span class='ocr_line' id='line_1_7' title="bbox 120 830 1267 882; baseline -0.006 -7.647"><span class='ocrx_word' id='word_1_11' title='bbox 120 851 153 882; x_wconf 46' lang='grc' dir='ltr'>τ·-</span> <span class='ocrx_word' id='word_1_12' title='bbox 293 842 398 875; x_wconf 66' lang='lat' dir='ltr'>emon</span> <span class='ocrx_word' id='word_1_13' title='bbox 426 831 760 878; x_wconf 74' lang='lat' dir='ltr'>‚considerandum</span> <span class='ocrx_word' id='word_1_14' title='bbox 800 839 855 868; x_wconf 90' lang='lat' dir='ltr'>est</span> <span class='ocrx_word' id='word_1_15' title='bbox 893 831 942 868; x_wconf 88' lang='lat' dir='ltr'>de</span> <span class='ocrx_word' id='word_1_16' title='bbox 980 830 1267 868; x_wconf 85' lang='lat' dir='ltr'>annuntiatione</span> 
     </span>
     <span class='ocr_line' id='line_1_8' title="bbox 19 840 669 933; baseline -0.008 -8"><span class='ocrx_word' id='word_1_17' title='bbox 19 899 21 907; x_wconf 67' lang='lat'><strong><em>⁴</em></strong></span> <span class='ocrx_word' id='word_1_18' title='bbox 210 840 431 933; x_wconf 71' lang='lat' dir='ltr'>DBeatae</span> <span class='ocrx_word' id='word_1_19' title='bbox 458 883 620 932; x_wconf 84' lang='lat' dir='ltr'>Virginis</span> <span class='ocrx_word' id='word_1_20' title='bbox 638 883 669 920; x_wconf 74' lang='lat'>³¹¹.</span> 
     </span>
    </p>

    <p class='ocr_par' dir='ltr' id='par_1_4' title="bbox 40 933 953 988">
     <span class='ocr_line' id='line_1_9' title="bbox 40 933 953 988; baseline -0.005 -11"><span class='ocrx_word' id='word_1_21' title='bbox 40 964 42 966; x_wconf 33' lang='grc' dir='ltr'><strong>ν</strong></span> <span class='ocrx_word' id='word_1_22' title='bbox 129 961 145 978; x_wconf 59' lang='lat'>.-</span> <span class='ocrx_word' id='word_1_23' title='bbox 210 933 260 988; x_wconf 82' lang='lat' dir='ltr'>Et</span> <span class='ocrx_word' id='word_1_24' title='bbox 285 935 384 979; x_wconf 78' lang='lat' dir='ltr'>circa</span> <span class='ocrx_word' id='word_1_25' title='bbox 410 937 487 974; x_wconf 92' lang='lat' dir='ltr'>hoc</span> <span class='ocrx_word' id='word_1_26' title='bbox 513 944 750 986; x_wconf 88' lang='lat' dir='ltr'>quaeruntur</span> <span class='ocrx_word' id='word_1_27' title='bbox 776 943 953 985; x_wconf 88' lang='lat' dir='ltr'>quatuor.</span> 
     </span>
    </p>

    <p class='ocr_par' dir='ltr' id='par_1_5' title="bbox 131 983 1268 1030">
     <span class='ocr_line' id='line_1_10' title="bbox 131 983 1268 1030; baseline -0.003 -3"><span class='ocrx_word' id='word_1_28' title='bbox 131 983 141 993; x_wconf 41' lang='grc' dir='ltr'><strong>ι</strong></span> <span class='ocrx_word' id='word_1_29' title='bbox 262 988 411 1030; x_wconf 83' lang='lat' dir='ltr'>Primo:</span> <span class='ocrx_word' id='word_1_30' title='bbox 441 996 572 1026; x_wconf 89' lang='lat' dir='ltr'>utrum</span> <span class='ocrx_word' id='word_1_31' title='bbox 600 987 834 1026; x_wconf 89' lang='lat' dir='ltr'>conveniens</span> <span class='ocrx_word' id='word_1_32' title='bbox 859 987 970 1025; x_wconf 86' lang='lat' dir='ltr'>fuerit</span> <span class='ocrx_word' id='word_1_33' title='bbox 998 987 1032 1024; x_wconf 91' lang='lat' dir='ltr'>ei</span> <span class='ocrx_word' id='word_1_34' title='bbox 1051 987 1268 1025; x_wconf 87' lang='lat' dir='ltr'>annuntiari</span> 
     </span>
    </p>
   </div>
   <div class='ocr_carea' id='block_1_4' title="bbox 314 1041 972 1093">
    <p class='ocr_par' dir='ltr' id='par_1_6' title="bbox 314 1041 972 1093">
     <span class='ocr_line' id='line_1_11' title="bbox 314 1041 972 1093; baseline -0.005 -13"><span class='ocrx_word' id='word_1_35' title='bbox 314 1041 422 1093; x_wconf 91' lang='lat' dir='ltr'>quod</span> <span class='ocrx_word' id='word_1_36' title='bbox 450 1041 490 1078; x_wconf 91' lang='lat' dir='ltr'>in</span> <span class='ocrx_word' id='word_1_37' title='bbox 517 1053 562 1079; x_wconf 90' lang='lat' dir='ltr'>ea</span> <span class='ocrx_word' id='word_1_38' title='bbox 589 1041 854 1089; x_wconf 86' lang='lat' dir='ltr'>generandum</span> <span class='ocrx_word' id='word_1_39' title='bbox 882 1048 972 1078; x_wconf 91' lang='lat' dir='ltr'>erat.</span> 
     </span>
    </p>
   </div>
   <div class='ocr_carea' id='block_1_5' title="bbox 214 1450 340 1539">
    <p class='ocr_par' dir='ltr' id='par_1_7' title="bbox 214 1450 340 1539">
     <span class='ocr_line' id='line_1_12' title="bbox 214 1450 340 1539; baseline 0 -66"><span class='ocrx_word' id='word_1_40' title='bbox 214 1450 340 1539; x_wconf 95' lang='lat' dir='ltr'>    </span> 
     </span>
    </p>
   </div>
   <div class='ocr_carea' id='block_1_6' title="bbox 138 1443 1264 1645">
    <p class='ocr_par' dir='ltr' id='par_1_8' title="bbox 128 1443 1264 1645">
     <span class='ocr_line' id='line_1_13' title="bbox 211 1443 1264 1508; baseline -0.001 -26.073"><span class='ocrx_word' id='word_1_41' title='bbox 211 1459 216 1462; x_wconf 88' lang='lat'><em>·</em></span> <span class='ocrx_word' id='word_1_42' title='bbox 242 1468 324 1500; x_wconf 31' lang='lat'>224-</span> <span class='ocrx_word' id='word_1_43' title='bbox 340 1467 389 1508; x_wconf 36' lang='grc' dir='ltr'>ιζ(</span> <span class='ocrx_word' id='word_1_44' title='bbox 415 1457 438 1482; x_wconf 90' lang='lat' dir='ltr'>D</span> <span class='ocrx_word' id='word_1_45' title='bbox 465 1456 599 1482; x_wconf 76' lang='lat' dir='ltr'>PmMUM</span> <span class='ocrx_word' id='word_1_46' title='bbox 625 1456 677 1482; x_wconf 81' lang='lat' dir='ltr'>stc</span> <span class='ocrx_word' id='word_1_47' title='bbox 702 1456 936 1482; x_wconf 70' lang='lat' dir='ltr'>PRocssnrrun.</span> <span class='ocrx_word' id='word_1_48' title='bbox 972 1443 1132 1482; x_wconf 92' lang='lat' dir='ltr'>Videtur</span> <span class='ocrx_word' id='word_1_49' title='bbox 1156 1444 1264 1493; x_wconf 92' lang='lat' dir='ltr'>quod</span> 
     </span>
     <span class='ocr_line' id='line_1_14' title="bbox 138 1488 1264 1546; baseline 0 -13"><span class='ocrx_word' id='word_1_50' title='bbox 129 1495 162 1538; x_wconf 96' lang='grc' dir='ltr'><strong>ρι</strong></span> <span class='ocrx_word' id='word_1_51' title='bbox 215 1495 309 1546; x_wconf 45' lang='grc' dir='ltr'>ᾗῇξῑίς»</span> <span class='ocrx_word' id='word_1_52' title='bbox 333 1488 394 1544; x_wconf 53' lang='grc' dir='ltr'>Γζέῖο</span> <span class='ocrx_word' id='word_1_53' title='bbox 415 1509 496 1534; x_wconf 92' lang='lat' dir='ltr'>non</span> <span class='ocrx_word' id='word_1_54' title='bbox 522 1496 633 1534; x_wconf 90' lang='lat' dir='ltr'>fuerit</span> <span class='ocrx_word' id='word_1_55' title='bbox 659 1497 918 1535; x_wconf 88' lang='lat' dir='ltr'>necessarium</span> <span class='ocrx_word' id='word_1_56' title='bbox 954 1498 1092 1534; x_wconf 90' lang='lat' dir='ltr'>Beatae</span> <span class='ocrx_word' id='word_1_57' title='bbox 1119 1496 1264 1544; x_wconf 85' lang='lat' dir='ltr'>Virgini</span> 
     </span>
     <span class='ocr_line' id='line_1_15' title="bbox 215 1534 1262 1599; baseline -0.002 -11"><span class='ocrx_word' id='word_1_58' title='bbox 215 1541 341 1601; x_wconf 56' lang='grc' dir='ltr'>Ῑφζὲ,</span> <span class='ocrx_word' id='word_1_59' title='bbox 353 1534 383 1593; x_wconf 53' lang='grc' dir='ltr'>’ἦ</span> <span class='ocrx_word' id='word_1_60' title='bbox 398 1548 402 1551; x_wconf 57' lang='grc' dir='ltr'><strong>ι</strong></span> <span class='ocrx_word' id='word_1_61' title='bbox 416 1549 631 1587; x_wconf 89' lang='lat' dir='ltr'>annuntiari</span> <span class='ocrx_word' id='word_1_62' title='bbox 667 1550 775 1599; x_wconf 92' lang='lat' dir='ltr'>quod</span> <span class='ocrx_word' id='word_1_63' title='bbox 810 1549 850 1587; x_wconf 91' lang='lat' dir='ltr'>in</span> <span class='ocrx_word' id='word_1_64' title='bbox 882 1562 928 1587; x_wconf 92' lang='lat' dir='ltr'>ea</span> <span class='ocrx_word' id='word_1_65' title='bbox 960 1549 1136 1586; x_wconf 91' lang='lat' dir='ltr'>fiendum</span> <span class='ocrx_word' id='word_1_66' title='bbox 1173 1557 1262 1586; x_wconf 89' lang='lat' dir='ltr'>erat.</span> 
     </span>
     <span class='ocr_line' id='line_1_16' title="bbox 215 1594 1263 1645; baseline 0.001 -8"><span class='ocrx_word' id='word_1_67' title='bbox 215 1596 311 1645; x_wconf 41' lang='lat' dir='ltr'>fd&amp;</span> <span class='ocrx_word' id='word_1_68' title='bbox 323 1598 357 1634; x_wconf 44' lang='grc' dir='ltr'>ᾖ)</span> <span class='ocrx_word' id='word_1_69' title='bbox 371 1594 664 1639; x_wconf 49' lang='lat' dir='ltr'>KAnnuntiatio</span> <span class='ocrx_word' id='word_1_70' title='bbox 684 1601 789 1640; x_wconf 91' lang='lat' dir='ltr'>enim</span> <span class='ocrx_word' id='word_1_71' title='bbox 817 1603 866 1640; x_wconf 90' lang='lat' dir='ltr'>ad</span> <span class='ocrx_word' id='word_1_72' title='bbox 893 1603 969 1640; x_wconf 93' lang='lat' dir='ltr'>hoc</span> <span class='ocrx_word' id='word_1_73' title='bbox 988 1603 1115 1639; x_wconf 90' lang='lat' dir='ltr'>solum</span> <span class='ocrx_word' id='word_1_74' title='bbox 1133 1613 1263 1639; x_wconf 89' lang='lat' dir='ltr'>neces-</span> 
     </span>
    </p>
   </div>
   <div class='ocr_carea' id='block_1_7' title="bbox 0 1450 408 1649">
    <p class='ocr_par' dir='ltr' id='par_1_9' title="bbox 0 1450 408 1649">
     <span class='ocr_line' id='line_1_17' title="bbox 389 1450 408 1502; baseline 0 2468"><span class='ocrx_word' id='word_1_75' title='bbox 389 1450 408 1502; x_wconf 95' lang='lat' dir='ltr'> </span> 
     </span>
     <span class='ocr_line' id='line_1_18' title="bbox 0 1539 371 1649; baseline 0 -21"><span class='ocrx_word' id='word_1_76' title='bbox 0 1539 228 1633; x_wconf 95' lang='lat' dir='ltr'>    </span> <span class='ocrx_word' id='word_1_77' title='bbox 357 1631 371 1649; x_wconf 95' lang='lat' dir='ltr'>  </span> 
     </span>
    </p>
   </div>
   <div class='ocr_carea' id='block_1_8' title="bbox 341 1539 346 1559">
    <p class='ocr_par' dir='ltr' id='par_1_10' title="bbox 341 1539 346 1559">
     <span class='ocr_line' id='line_1_19' title="bbox 341 1539 346 1559; baseline 0 2411"><span class='ocrx_word' id='word_1_78' title='bbox 341 1539 346 1559; x_wconf 95' lang='lat' dir='ltr'> </span> 
     </span>
    </p>
   </div>
   <div class='ocr_carea' id='block_1_9' title="bbox 0 1628 219 3748">
    <p class='ocr_par' dir='ltr' id='par_1_11' title="bbox 0 1628 219 3748">
     <span class='ocr_line' id='line_1_20' title="bbox 0 1628 215 1685; baseline 0 -36"><span class='ocrx_word' id='word_1_79' title='bbox 0 1628 215 1685; x_wconf 95' lang='lat' dir='ltr'>   </span> 
     </span>
     <span class='ocr_line' id='line_1_21' title="bbox 0 1685 206 1786; baseline 0 -57"><span class='ocrx_word' id='word_1_80' title='bbox 0 1685 206 1786; x_wconf 95' lang='lat' dir='ltr'>   </span> 
     </span>
     <span class='ocr_line' id='line_1_22' title="bbox 0 1786 205 1887; baseline 0 -50"><span class='ocrx_word' id='word_1_81' title='bbox 0 1786 205 1887; x_wconf 95' lang='lat' dir='ltr'>   </span> 
     </span>
     <span class='ocr_line' id='line_1_23' title="bbox 0 1887 205 1990; baseline 0 -51"><span class='ocrx_word' id='word_1_82' title='bbox 0 1887 205 1990; x_wconf 95' lang='lat' dir='ltr'>   </span> 
     </span>
     <span class='ocr_line' id='line_1_24' title="bbox 0 1990 219 2049; baseline 0 0"><span class='ocrx_word' id='word_1_83' title='bbox 0 1990 219 2049; x_wconf 95' lang='lat' dir='ltr'>  </span> 
     </span>
     <span class='ocr_line' id='line_1_25' title="bbox 0 2049 205 2201; baseline 0 -51"><span class='ocrx_word' id='word_1_84' title='bbox 0 2049 205 2201; x_wconf 95' lang='lat' dir='ltr'>   </span> 
     </span>
     <span class='ocr_line' id='line_1_26' title="bbox 0 2201 219 2259; baseline 0.014 -3"><span class='ocrx_word' id='word_1_85' title='bbox 0 2201 219 2259; x_wconf 95' lang='lat' dir='ltr'>  </span> 
     </span>
     <span class='ocr_line' id='line_1_27' title="bbox 0 2259 205 2400; baseline 0 0"><span class='ocrx_word' id='word_1_86' title='bbox 0 2259 205 2400; x_wconf 95' lang='lat' dir='ltr'>   </span> 
     </span>
     <span class='ocr_line' id='line_1_28' title="bbox 0 2400 209 2626; baseline 0.048 -58"><span class='ocrx_word' id='word_1_87' title='bbox 0 2400 209 2626; x_wconf 95' lang='lat' dir='ltr'>    </span> 
     </span>
     <span class='ocr_line' id='line_1_29' title="bbox 0 2626 205 2732; baseline 0 -1"><span class='ocrx_word' id='word_1_88' title='bbox 0 2626 205 2732; x_wconf 95' lang='lat' dir='ltr'>    </span> 
     </span>
     <span class='ocr_line' id='line_1_30' title="bbox 0 2732 219 2890; baseline 0 -53"><span class='ocrx_word' id='word_1_89' title='bbox 0 2732 219 2890; x_wconf 95' lang='lat' dir='ltr'>    </span> 
     </span>
     <span class='ocr_line' id='line_1_31' title="bbox 0 2890 205 2945; baseline 0 1025"><span class='ocrx_word' id='word_1_90' title='bbox 0 2890 205 2945; x_wconf 95' lang='lat' dir='ltr'> </span> 
     </span>
     <span class='ocr_line' id='line_1_32' title="bbox 0 2945 219 3049; baseline 0.041 -8"><span class='ocrx_word' id='word_1_91' title='bbox 0 2945 219 3049; x_wconf 95' lang='lat' dir='ltr'>   </span> 
     </span>
     <span class='ocr_line' id='line_1_33' title="bbox 0 3049 205 3203; baseline 0 -53"><span class='ocrx_word' id='word_1_92' title='bbox 0 3049 205 3203; x_wconf 95' lang='lat' dir='ltr'>  </span> 
     </span>
     <span class='ocr_line' id='line_1_34' title="bbox 0 3203 219 3748; baseline 0 -407"><span class='ocrx_word' id='word_1_93' title='bbox 0 3203 219 3748; x_wconf 95' lang='lat' dir='ltr'>   </span> 
     </span>
    </p>
   </div>
   <div class='ocr_carea' id='block_1_10' title="bbox 20 1707 1267 3178">
    <p class='ocr_par' dir='ltr' id='par_1_12' title="bbox 20 1705 1267 2858">
     <span class='ocr_line' id='line_1_35' title="bbox 205 1707 1265 1751; baseline -0.001 -6.081"><span class='ocrx_word' id='word_1_94' title='bbox 205 1714 318 1751; x_wconf 75' lang='lat' dir='ltr'>retur.</span> <span class='ocrx_word' id='word_1_95' title='bbox 358 1707 435 1744; x_wconf 91' lang='lat' dir='ltr'>Sed</span> <span class='ocrx_word' id='word_1_96' title='bbox 463 1719 672 1745; x_wconf 87' lang='lat' dir='ltr'>consensus</span> <span class='ocrx_word' id='word_1_97' title='bbox 700 1707 781 1744; x_wconf 90' lang='lat' dir='ltr'>eius</span> <span class='ocrx_word' id='word_1_98' title='bbox 808 1719 889 1745; x_wconf 92' lang='lat' dir='ltr'>non</span> <span class='ocrx_word' id='word_1_99' title='bbox 916 1707 1067 1744; x_wconf 90' lang='lat' dir='ltr'>videtur</span> <span class='ocrx_word' id='word_1_100' title='bbox 1093 1719 1265 1744; x_wconf 89' lang='lat' dir='ltr'>necessa-</span> 
     </span>
     <span class='ocr_line' id='line_1_36' title="bbox 112 1758 1263 1810; baseline -0.003 -11"><span class='ocrx_word' id='word_1_101' title='bbox 112 1758 135 1787; x_wconf 51' lang='lat'>5²³*</span> <span class='ocrx_word' id='word_1_102' title='bbox 206 1758 284 1802; x_wconf 76' lang='lat' dir='ltr'>rius</span> <span class='ocrx_word' id='word_1_103' title='bbox 310 1758 442 1796; x_wconf 82' lang='lat' dir='ltr'>fuisse:</span> <span class='ocrx_word' id='word_1_104' title='bbox 481 1759 572 1809; x_wconf 90' lang='lat' dir='ltr'>quia</span> <span class='ocrx_word' id='word_1_105' title='bbox 599 1768 806 1810; x_wconf 88' lang='lat' dir='ltr'>conceptus</span> <span class='ocrx_word' id='word_1_106' title='bbox 830 1759 993 1808; x_wconf 88' lang='lat' dir='ltr'>Virginis</span> <span class='ocrx_word' id='word_1_107' title='bbox 1021 1760 1263 1809; x_wconf 89' lang='lat' dir='ltr'>praenuntia-</span> 
     </span>
     <span class='ocr_line' id='line_1_37' title="bbox 205 1811 1264 1862; baseline 0.002 -14.85"><span class='ocrx_word' id='word_1_108' title='bbox 205 1819 266 1853; x_wconf 79' lang='lat' dir='ltr'>tus</span> <span class='ocrx_word' id='word_1_109' title='bbox 292 1811 361 1849; x_wconf 81' lang='lat' dir='ltr'>fuit</span> <span class='ocrx_word' id='word_1_110' title='bbox 387 1812 588 1862; x_wconf 86' lang='lat' dir='ltr'>prophetia</span> <span class='ocrx_word' id='word_1_111' title='bbox 600 1814 955 1862; x_wconf 87' lang='lat' dir='ltr'>praedestinationis,</span> <span class='ocrx_word' id='word_1_112' title='bbox 976 1825 1075 1862; x_wconf 90' lang='lat' dir='ltr'>quae</span> <span class='ocrx_word' id='word_1_113' title='bbox 1093 1814 1172 1849; x_wconf 89' lang='lat' dir='ltr'>sine</span> <span class='ocrx_word' id='word_1_114' title='bbox 1200 1825 1264 1849; x_wconf 92' lang='lat' dir='ltr'>no-</span> 
     </span>
     <span class='ocr_line' id='line_1_38' title="bbox 116 1863 1264 1914; baseline -0.003 -10"><span class='ocrx_word' id='word_1_115' title='bbox 116 1863 119 1865; x_wconf 50' lang='grc' dir='ltr'><strong>ι</strong></span> <span class='ocrx_word' id='word_1_116' title='bbox 138 1887 139 1890; x_wconf 63' lang='lat'><em>=</em></span> <span class='ocrx_word' id='word_1_117' title='bbox 203 1871 280 1905; x_wconf 76' lang='lat' dir='ltr'>stro</span> <span class='ocrx_word' id='word_1_118' title='bbox 302 1865 506 1914; x_wconf 88' lang='lat' dir='ltr'>completur</span> <span class='ocrx_word' id='word_1_119' title='bbox 523 1867 688 1911; x_wconf 85' lang='lat' dir='ltr'>arbitrio,</span> <span class='ocrx_word' id='word_1_120' title='bbox 709 1873 751 1902; x_wconf 94' lang='lat' dir='ltr'>ut</span> <span class='ocrx_word' id='word_1_121' title='bbox 770 1865 858 1902; x_wconf 92' lang='lat' dir='ltr'>dicit</span> <span class='ocrx_word' id='word_1_122' title='bbox 880 1865 1073 1914; x_wconf 89' lang='lat' dir='ltr'>quaedam</span> <span class='ocrx_word' id='word_1_123' title='bbox 1091 1866 1215 1912; x_wconf 85' lang='lat' dir='ltr'>glossa</span> <span class='ocrx_word' id='word_1_124' title='bbox 1233 1864 1264 1909; x_wconf 69' lang='lat'>²¹⁶,</span> 
     </span>
     <span class='ocr_line' id='line_1_39' title="bbox 205 1917 1264 1966; baseline 0 -12"><span class='ocrx_word' id='word_1_125' title='bbox 205 1918 339 1962; x_wconf 77' lang='lat' dir='ltr'>Matth.</span> <span class='ocrx_word' id='word_1_126' title='bbox 360 1929 370 1954; x_wconf 94' lang='lat'>1</span> <span class='ocrx_word' id='word_1_127' title='bbox 388 1917 419 1954; x_wconf 74' lang='lat'>²¹⁶.</span> <span class='ocrx_word' id='word_1_128' title='bbox 448 1918 541 1954; x_wconf 94' lang='lat' dir='ltr'>Non</span> <span class='ocrx_word' id='word_1_129' title='bbox 560 1929 649 1965; x_wconf 88' lang='lat' dir='ltr'>ergo</span> <span class='ocrx_word' id='word_1_130' title='bbox 673 1917 932 1955; x_wconf 89' lang='lat' dir='ltr'>necessarium</span> <span class='ocrx_word' id='word_1_131' title='bbox 953 1917 1022 1954; x_wconf 80' lang='lat' dir='ltr'>fuit</span> <span class='ocrx_word' id='word_1_132' title='bbox 1049 1917 1155 1966; x_wconf 91' lang='lat' dir='ltr'>quod</span> <span class='ocrx_word' id='word_1_133' title='bbox 1183 1917 1264 1954; x_wconf 88' lang='lat' dir='ltr'>talis</span> 
     </span>
     <span class='ocr_line' id='line_1_40' title="bbox 205 1969 1250 2014; baseline 0.003 -8"><span class='ocrx_word' id='word_1_134' title='bbox 205 1969 442 2014; x_wconf 62' lang='lat' dir='ltr'>annuntiatio</span> <span class='ocrx_word' id='word_1_135' title='bbox 469 1969 587 2007; x_wconf 90' lang='lat' dir='ltr'>fieret.</span> <span class='ocrx_word' id='word_1_136' title='bbox 1248 1996 1250 1998; x_wconf 32' lang='grc' dir='ltr'><strong>ν</strong></span> 
     </span>
     <span class='ocr_line' id='line_1_41' title="bbox 260 2022 1266 2070; baseline -0.001 -10"><span class='ocrx_word' id='word_1_137' title='bbox 260 2034 295 2060; x_wconf 89' lang='lat'>2.</span> <span class='ocrx_word' id='word_1_138' title='bbox 315 2023 545 2070; x_wconf 65' lang='lat' dir='ltr'>PRAETER-EA,</span> <span class='ocrx_word' id='word_1_139' title='bbox 571 2024 688 2060; x_wconf 89' lang='lat' dir='ltr'>Beata</span> <span class='ocrx_word' id='word_1_140' title='bbox 706 2022 821 2070; x_wconf 89' lang='lat' dir='ltr'>Virgo</span> <span class='ocrx_word' id='word_1_141' title='bbox 850 2022 1117 2060; x_wconf 82' lang='lat' dir='ltr'>incarnationis</span> <span class='ocrx_word' id='word_1_142' title='bbox 1144 2022 1266 2059; x_wconf 91' lang='lat' dir='ltr'>fidem</span> 
     </span>
     <span class='ocr_line' id='line_1_42' title="bbox 205 2074 1265 2125; baseline -0.001 -12.085"><span class='ocrx_word' id='word_1_143' title='bbox 205 2075 389 2121; x_wconf 83' lang='lat' dir='ltr'>habebat,</span> <span class='ocrx_word' id='word_1_144' title='bbox 427 2074 507 2112; x_wconf 91' lang='lat' dir='ltr'>sine</span> <span class='ocrx_word' id='word_1_145' title='bbox 539 2088 617 2125; x_wconf 88' lang='lat' dir='ltr'>qua</span> <span class='ocrx_word' id='word_1_146' title='bbox 653 2076 780 2112; x_wconf 90' lang='lat' dir='ltr'>nullus</span> <span class='ocrx_word' id='word_1_147' title='bbox 813 2088 894 2112; x_wconf 91' lang='lat' dir='ltr'>esse</span> <span class='ocrx_word' id='word_1_148' title='bbox 922 2083 1070 2124; x_wconf 88' lang='lat' dir='ltr'>poterat</span> <span class='ocrx_word' id='word_1_149' title='bbox 1101 2074 1140 2112; x_wconf 90' lang='lat' dir='ltr'>in</span> <span class='ocrx_word' id='word_1_150' title='bbox 1167 2083 1265 2112; x_wconf 91' lang='lat' dir='ltr'>statu</span> 
     </span>
     <span class='ocr_line' id='line_1_43' title="bbox 125 2126 1267 2176; baseline -0.002 -10.038"><span class='ocrx_word' id='word_1_151' title='bbox 125 2147 131 2176; x_wconf 66' lang='lat'>,3</span> <span class='ocrx_word' id='word_1_152' title='bbox 195 2126 350 2167; x_wconf 64' lang='lat' dir='ltr'>salutis:</span> <span class='ocrx_word' id='word_1_153' title='bbox 380 2127 481 2176; x_wconf 74' lang='lat' dir='ltr'>quia,</span> <span class='ocrx_word' id='word_1_154' title='bbox 506 2135 548 2165; x_wconf 87' lang='lat' dir='ltr'>ut</span> <span class='ocrx_word' id='word_1_155' title='bbox 575 2127 711 2165; x_wconf 91' lang='lat' dir='ltr'>dicitur</span> <span class='ocrx_word' id='word_1_156' title='bbox 727 2130 838 2165; x_wconf 88' lang='lat' dir='ltr'>Rom.</span> <span class='ocrx_word' id='word_1_157' title='bbox 860 2140 892 2165; x_wconf 88' lang='lat'>111</span> <span class='ocrx_word' id='word_1_158' title='bbox 910 2127 941 2173; x_wconf 70' lang='lat'>²¹⁸,</span> <span class='ocrx_word' id='word_1_159' title='bbox 971 2129 1103 2165; x_wconf 90' lang='lat' dir='ltr'>iustitia</span> <span class='ocrx_word' id='word_1_160' title='bbox 1121 2129 1195 2164; x_wconf 88' lang='lat' dir='ltr'>Dei</span> <span class='ocrx_word' id='word_1_161' title='bbox 1216 2134 1267 2164; x_wconf 90' lang='lat' dir='ltr'>est</span> 
     </span>
     <span class='ocr_line' id='line_1_44' title="bbox 201 2180 1265 2231; baseline -0.001 -13"><span class='ocrx_word' id='word_1_162' title='bbox 201 2192 272 2231; x_wconf 80' lang='lat' dir='ltr'>per</span> <span class='ocrx_word' id='word_1_163' title='bbox 286 2181 408 2229; x_wconf 86' lang='lat' dir='ltr'>fidem</span> <span class='ocrx_word' id='word_1_164' title='bbox 435 2182 520 2217; x_wconf 85' lang='lat' dir='ltr'>Iesu</span> <span class='ocrx_word' id='word_1_165' title='bbox 552 2181 695 2217; x_wconf 83' lang='lat' dir='ltr'>Christi.</span> <span class='ocrx_word' id='word_1_166' title='bbox 735 2181 812 2218; x_wconf 91' lang='lat' dir='ltr'>Sed</span> <span class='ocrx_word' id='word_1_167' title='bbox 840 2181 887 2218; x_wconf 93' lang='lat' dir='ltr'>de</span> <span class='ocrx_word' id='word_1_168' title='bbox 916 2192 963 2217; x_wconf 95' lang='lat' dir='ltr'>eo</span> <span class='ocrx_word' id='word_1_169' title='bbox 995 2180 1102 2229; x_wconf 91' lang='lat' dir='ltr'>quod</span> <span class='ocrx_word' id='word_1_170' title='bbox 1130 2180 1265 2230; x_wconf 89' lang='lat' dir='ltr'>aliquis</span> 
     </span>
     <span class='ocr_line' id='line_1_45' title="bbox 204 2232 1265 2283; baseline 0 -13"><span class='ocrx_word' id='word_1_171' title='bbox 204 2244 274 2283; x_wconf 90' lang='lat' dir='ltr'>per</span> <span class='ocrx_word' id='word_1_172' title='bbox 299 2232 565 2270; x_wconf 85' lang='lat' dir='ltr'>certitudinem</span> <span class='ocrx_word' id='word_1_173' title='bbox 593 2233 722 2280; x_wconf 89' lang='lat' dir='ltr'>credit,</span> <span class='ocrx_word' id='word_1_174' title='bbox 751 2245 831 2270; x_wconf 91' lang='lat' dir='ltr'>non</span> <span class='ocrx_word' id='word_1_175' title='bbox 859 2233 999 2281; x_wconf 88' lang='lat' dir='ltr'>indiget</span> <span class='ocrx_word' id='word_1_176' title='bbox 1026 2232 1182 2270; x_wconf 89' lang='lat' dir='ltr'>ulterius</span> <span class='ocrx_word' id='word_1_177' title='bbox 1210 2233 1265 2270; x_wconf 93' lang='lat' dir='ltr'>in-</span> 
     </span>
     <span class='ocr_line' id='line_1_46' title="bbox 118 2284 1265 2334; baseline 0 -11"><span class='ocrx_word' id='word_1_178' title='bbox 118 2310 127 2333; x_wconf 45' lang='grc' dir='ltr'><strong><em>ς</em></strong></span> <span class='ocrx_word' id='word_1_179' title='bbox 205 2284 307 2323; x_wconf 83' lang='lat' dir='ltr'>strui.</span> <span class='ocrx_word' id='word_1_180' title='bbox 337 2285 438 2332; x_wconf 88' lang='lat' dir='ltr'>Ergo</span> <span class='ocrx_word' id='word_1_181' title='bbox 467 2284 617 2323; x_wconf 85' lang='lat' dir='ltr'>Beatae</span> <span class='ocrx_word' id='word_1_182' title='bbox 633 2285 777 2334; x_wconf 89' lang='lat' dir='ltr'>Virgini</span> <span class='ocrx_word' id='word_1_183' title='bbox 804 2297 885 2323; x_wconf 90' lang='lat' dir='ltr'>non</span> <span class='ocrx_word' id='word_1_184' title='bbox 912 2285 980 2322; x_wconf 86' lang='lat' dir='ltr'>fuit</span> <span class='ocrx_word' id='word_1_185' title='bbox 1007 2285 1265 2323; x_wconf 88' lang='lat' dir='ltr'>necessarium</span> 
     </span>
     <span class='ocr_line' id='line_1_47' title="bbox 40 2337 980 2387; baseline -0.001 -11"><span class='ocrx_word' id='word_1_186' title='bbox 40 2373 44 2387; x_wconf 42' lang='grc' dir='ltr'><strong>ρ</strong></span> <span class='ocrx_word' id='word_1_187' title='bbox 117 2343 121 2354; x_wconf 74' lang='lat'><em>⁷</em></span> <span class='ocrx_word' id='word_1_188' title='bbox 150 2340 152 2342; x_wconf 75' lang='grc'>’</span> <span class='ocrx_word' id='word_1_189' title='bbox 205 2345 247 2376; x_wconf 90' lang='lat' dir='ltr'>ut</span> <span class='ocrx_word' id='word_1_190' title='bbox 273 2337 308 2376; x_wconf 90' lang='lat' dir='ltr'>ei</span> <span class='ocrx_word' id='word_1_191' title='bbox 335 2337 542 2379; x_wconf 86' lang='lat' dir='ltr'>incarnatio</span> <span class='ocrx_word' id='word_1_192' title='bbox 571 2338 654 2375; x_wconf 90' lang='lat' dir='ltr'>Filii</span> <span class='ocrx_word' id='word_1_193' title='bbox 682 2338 980 2375; x_wconf 88' lang='lat' dir='ltr'>annuntiaretur.</span> 
     </span>
     <span class='ocr_line' id='line_1_48' title="bbox 108 2390 1266 2440; baseline 0.001 -13"><span class='ocrx_word' id='word_1_194' title='bbox 108 2419 129 2433; x_wconf 59' lang='grc'>.,</span> <span class='ocrx_word' id='word_1_195' title='bbox 259 2390 293 2428; x_wconf 91' lang='grc'>3.</span> <span class='ocrx_word' id='word_1_196' title='bbox 323 2390 561 2437; x_wconf 76' lang='lat' dir='ltr'>PRAETEREA,</span> <span class='ocrx_word' id='word_1_197' title='bbox 600 2390 696 2429; x_wconf 91' lang='lat' dir='ltr'>sicut</span> <span class='ocrx_word' id='word_1_198' title='bbox 728 2392 845 2428; x_wconf 91' lang='lat' dir='ltr'>Beata</span> <span class='ocrx_word' id='word_1_199' title='bbox 871 2391 987 2439; x_wconf 89' lang='lat' dir='ltr'>Virgo</span> <span class='ocrx_word' id='word_1_200' title='bbox 1021 2391 1266 2440; x_wconf 90' lang='lat' dir='ltr'>corporaliter</span> 
     </span>
     <span class='ocr_line' id='line_1_49' title="bbox 43 2442 1266 2493; baseline 0 -13"><span class='ocrx_word' id='word_1_201' title='bbox 43 2470 53 2474; x_wconf 22' lang='grc' dir='ltr'><em>Α</em></span> <span class='ocrx_word' id='word_1_202' title='bbox 206 2442 401 2481; x_wconf 85' lang='lat' dir='ltr'>Christum</span> <span class='ocrx_word' id='word_1_203' title='bbox 436 2443 627 2493; x_wconf 80' lang='lat' dir='ltr'>concepit,</span> <span class='ocrx_word' id='word_1_204' title='bbox 663 2444 713 2481; x_wconf 90' lang='lat' dir='ltr'>ita</span> <span class='ocrx_word' id='word_1_205' title='bbox 747 2443 938 2493; x_wconf 80' lang='lat' dir='ltr'>quaelibet</span> <span class='ocrx_word' id='word_1_206' title='bbox 972 2451 1100 2480; x_wconf 89' lang='lat' dir='ltr'>sancta</span> <span class='ocrx_word' id='word_1_207' title='bbox 1137 2443 1266 2481; x_wconf 87' lang='lat' dir='ltr'>anima</span> 
     </span>
     <span class='ocr_line' id='line_1_50' title="bbox 55 2494 1263 2546; baseline -0.001 -12"><span class='ocrx_word' id='word_1_208' title='bbox 55 2494 63 2504; x_wconf 67' lang='lat'><strong>²</strong></span> <span class='ocrx_word' id='word_1_209' title='bbox 110 2497 112 2499; x_wconf 78' lang='grc'><strong>’</strong></span> <span class='ocrx_word' id='word_1_210' title='bbox 127 2494 130 2497; x_wconf 56' lang='grc' dir='ltr'><strong>ι</strong></span> <span class='ocrx_word' id='word_1_211' title='bbox 205 2495 368 2546; x_wconf 88' lang='lat' dir='ltr'>concipit</span> <span class='ocrx_word' id='word_1_212' title='bbox 385 2495 514 2546; x_wconf 84' lang='lat' dir='ltr'>ipsum</span> <span class='ocrx_word' id='word_1_213' title='bbox 533 2496 791 2545; x_wconf 88' lang='lat' dir='ltr'>spiritualiter:</span> <span class='ocrx_word' id='word_1_214' title='bbox 812 2496 917 2534; x_wconf 93' lang='lat' dir='ltr'>unde</span> <span class='ocrx_word' id='word_1_215' title='bbox 935 2497 1144 2546; x_wconf 90' lang='lat' dir='ltr'>Apostolus</span> <span class='ocrx_word' id='word_1_216' title='bbox 1163 2496 1263 2544; x_wconf 88' lang='lat' dir='ltr'>dicit,</span> 
     </span>
     <span class='ocr_line' id='line_1_51' title="bbox 209 2548 1264 2599; baseline 0 -13"><span class='ocrx_word' id='word_1_217' title='bbox 209 2548 327 2586; x_wconf 87' lang='lat' dir='ltr'>Galat.</span> <span class='ocrx_word' id='word_1_218' title='bbox 347 2561 382 2586; x_wconf 83' lang='grc' dir='ltr'>ιν</span> <span class='ocrx_word' id='word_1_219' title='bbox 399 2548 439 2585; x_wconf 68' lang='grc' dir='ltr'>*ε</span> <span class='ocrx_word' id='word_1_220' title='bbox 468 2548 593 2586; x_wconf 90' lang='lat' dir='ltr'>Filioli</span> <span class='ocrx_word' id='word_1_221' title='bbox 617 2551 708 2596; x_wconf 89' lang='lat' dir='ltr'>mei,</span> <span class='ocrx_word' id='word_1_222' title='bbox 738 2553 828 2599; x_wconf 80' lang='lat' dir='ltr'>quos</span> <span class='ocrx_word' id='word_1_223' title='bbox 845 2551 976 2586; x_wconf 89' lang='lat' dir='ltr'>iterum</span> <span class='ocrx_word' id='word_1_224' title='bbox 992 2551 1175 2599; x_wconf 84' lang='lat' dir='ltr'>parturio,</span> <span class='ocrx_word' id='word_1_225' title='bbox 1203 2550 1264 2586; x_wconf 87' lang='lat' dir='ltr'>do-</span> 
     </span>
     <span class='ocr_line' id='line_1_52' title="bbox 145 2600 1264 2651; baseline 0 -13"><span class='ocrx_word' id='word_1_226' title='bbox 145 2600 147 2603; x_wconf 83' lang='grc'><strong>’</strong></span> <span class='ocrx_word' id='word_1_227' title='bbox 205 2610 273 2638; x_wconf 85' lang='lat' dir='ltr'>nec</span> <span class='ocrx_word' id='word_1_228' title='bbox 288 2602 481 2650; x_wconf 84' lang='lat' dir='ltr'>formetur</span> <span class='ocrx_word' id='word_1_229' title='bbox 511 2602 675 2639; x_wconf 86' lang='lat' dir='ltr'>Christus</span> <span class='ocrx_word' id='word_1_230' title='bbox 701 2604 738 2638; x_wconf 90' lang='lat' dir='ltr'>in</span> <span class='ocrx_word' id='word_1_231' title='bbox 767 2603 880 2640; x_wconf 84' lang='lat' dir='ltr'>vobis.</span> <span class='ocrx_word' id='word_1_232' title='bbox 911 2602 987 2639; x_wconf 93' lang='lat' dir='ltr'>Sed</span> <span class='ocrx_word' id='word_1_233' title='bbox 1015 2601 1084 2638; x_wconf 90' lang='lat' dir='ltr'>illis</span> <span class='ocrx_word' id='word_1_234' title='bbox 1103 2601 1168 2651; x_wconf 91' lang='lat' dir='ltr'>qui</span> <span class='ocrx_word' id='word_1_235' title='bbox 1189 2602 1264 2651; x_wconf 91' lang='lat' dir='ltr'>spi-</span> 
     </span>
     <span class='ocr_line' id='line_1_53' title="bbox 47 2652 1263 2707; baseline 0.001 -16"><span class='ocrx_word' id='word_1_236' title='bbox 47 2700 49 2702; x_wconf 27' lang='lat'>,</span> <span class='ocrx_word' id='word_1_237' title='bbox 114 2698 130 2707; x_wconf 48' lang='lat'>.</span> <span class='ocrx_word' id='word_1_238' title='bbox 205 2652 383 2691; x_wconf 86' lang='lat' dir='ltr'>ritualiter</span> <span class='ocrx_word' id='word_1_239' title='bbox 409 2653 549 2691; x_wconf 88' lang='lat' dir='ltr'>debent</span> <span class='ocrx_word' id='word_1_240' title='bbox 575 2654 704 2704; x_wconf 90' lang='lat' dir='ltr'>ipsum</span> <span class='ocrx_word' id='word_1_241' title='bbox 723 2655 936 2705; x_wconf 84' lang='lat' dir='ltr'>concipere,</span> <span class='ocrx_word' id='word_1_242' title='bbox 965 2655 1046 2692; x_wconf 90' lang='lat' dir='ltr'>talis</span> <span class='ocrx_word' id='word_1_243' title='bbox 1065 2655 1263 2704; x_wconf 89' lang='lat' dir='ltr'>conceptio</span> 
     </span>
     <span class='ocr_line' id='line_1_54' title="bbox 20 2705 1263 2756; baseline 0.002 -13"><span class='ocrx_word' id='word_1_244' title='bbox 20 2749 23 2756; x_wconf 18' lang='grc' dir='ltr'>γ</span> <span class='ocrx_word' id='word_1_245' title='bbox 99 2705 116 2718; x_wconf 57' lang='grc'>“·</span> <span class='ocrx_word' id='word_1_246' title='bbox 139 2730 141 2732; x_wconf 97' lang='grc'>-</span> <span class='ocrx_word' id='word_1_247' title='bbox 205 2705 258 2744; x_wconf 88' lang='lat' dir='ltr'>eis</span> <span class='ocrx_word' id='word_1_248' title='bbox 276 2705 292 2736; x_wconf 69' lang='grc' dir='ltr'><strong>β</strong></span> <span class='ocrx_word' id='word_1_249' title='bbox 317 2718 398 2744; x_wconf 91' lang='lat' dir='ltr'>non</span> <span class='ocrx_word' id='word_1_250' title='bbox 425 2707 680 2745; x_wconf 84' lang='lat' dir='ltr'>annuntiatur.</span> <span class='ocrx_word' id='word_1_251' title='bbox 723 2709 825 2756; x_wconf 90' lang='lat' dir='ltr'>Ergo</span> <span class='ocrx_word' id='word_1_252' title='bbox 854 2720 925 2745; x_wconf 91' lang='lat' dir='ltr'>nec</span> <span class='ocrx_word' id='word_1_253' title='bbox 952 2709 1091 2746; x_wconf 89' lang='lat' dir='ltr'>Beatae</span> <span class='ocrx_word' id='word_1_254' title='bbox 1119 2708 1263 2756; x_wconf 88' lang='lat' dir='ltr'>Virgini</span> 
     </span>
     <span class='ocr_line' id='line_1_55' title="bbox 21 2758 1262 2811; baseline 0.002 -16"><span class='ocrx_word' id='word_1_255' title='bbox 21 2773 23 2795; x_wconf 93' lang='lat'>:</span> <span class='ocrx_word' id='word_1_256' title='bbox 111 2762 135 2806; x_wconf 51' lang='grc' dir='ltr'><strong>ζ</strong></span> <span class='ocrx_word' id='word_1_257' title='bbox 204 2758 272 2796; x_wconf 82' lang='lat' dir='ltr'>fuit</span> <span class='ocrx_word' id='word_1_258' title='bbox 290 2759 598 2798; x_wconf 89' lang='lat' dir='ltr'>annuntiandum</span> <span class='ocrx_word' id='word_1_259' title='bbox 617 2761 724 2811; x_wconf 92' lang='lat' dir='ltr'>quod</span> <span class='ocrx_word' id='word_1_260' title='bbox 743 2769 840 2798; x_wconf 90' lang='lat' dir='ltr'>esset</span> <span class='ocrx_word' id='word_1_261' title='bbox 853 2760 892 2798; x_wconf 92' lang='lat' dir='ltr'>in</span> <span class='ocrx_word' id='word_1_262' title='bbox 907 2769 1015 2798; x_wconf 92' lang='lat' dir='ltr'>utero</span> <span class='ocrx_word' id='word_1_263' title='bbox 1031 2768 1262 2810; x_wconf 90' lang='lat' dir='ltr'>conceptura</span> 
     </span>
     <span class='ocr_line' id='line_1_56' title="bbox 54 2809 455 2858; baseline 0.002 -10"><span class='ocrx_word' id='word_1_264' title='bbox 54 2831 56 2834; x_wconf 95' lang='lat'>·</span> <span class='ocrx_word' id='word_1_265' title='bbox 112 2823 140 2858; x_wconf 57' lang='lat' dir='ltr'>[j</span> <span class='ocrx_word' id='word_1_266' title='bbox 205 2809 344 2849; x_wconf 86' lang='lat' dir='ltr'>Filium</span> <span class='ocrx_word' id='word_1_267' title='bbox 372 2812 455 2850; x_wconf 89' lang='lat' dir='ltr'>Dei.</span> 
     </span>
    </p>

    <p class='ocr_par' dir='ltr' id='par_1_13' title="bbox 121 2863 1261 3018">
     <span class='ocr_line' id='line_1_57' title="bbox 134 2863 1261 2915; baseline 0.001 -13"><span class='ocrx_word' id='word_1_268' title='bbox 134 2865 143 2912; x_wconf 62' lang='lat' dir='ltr'>s</span> <span class='ocrx_word' id='word_1_269' title='bbox 259 2863 335 2902; x_wconf 69' lang='lat' dir='ltr'>sm</span> <span class='ocrx_word' id='word_1_270' title='bbox 360 2877 504 2903; x_wconf 64' lang='lat' dir='ltr'>con-rm</span> <span class='ocrx_word' id='word_1_271' title='bbox 530 2878 596 2903; x_wconf 84' lang='lat' dir='ltr'>EST</span> <span class='ocrx_word' id='word_1_272' title='bbox 623 2866 731 2915; x_wconf 93' lang='lat' dir='ltr'>quod</span> <span class='ocrx_word' id='word_1_273' title='bbox 758 2866 920 2904; x_wconf 89' lang='lat' dir='ltr'>habetur</span> <span class='ocrx_word' id='word_1_274' title='bbox 946 2868 1040 2904; x_wconf 91' lang='lat' dir='ltr'>Luc.</span> <span class='ocrx_word' id='word_1_275' title='bbox 1062 2866 1124 2913; x_wconf 70' lang='lat'>1³¹⁶,</span> <span class='ocrx_word' id='word_1_276' title='bbox 1154 2866 1261 2915; x_wconf 90' lang='lat' dir='ltr'>quod</span> 
     </span>
     <span class='ocr_line' id='line_1_58' title="bbox 121 2916 1260 2968; baseline 0.004 -16"><span class='ocrx_word' id='word_1_277' title='bbox 121 2958 124 2962; x_wconf 28' lang='lat'>¹</span> <span class='ocrx_word' id='word_1_278' title='bbox 205 2916 371 2964; x_wconf 87' lang='lat' dir='ltr'>Angelus</span> <span class='ocrx_word' id='word_1_279' title='bbox 398 2917 492 2956; x_wconf 90' lang='lat' dir='ltr'>dixit</span> <span class='ocrx_word' id='word_1_280' title='bbox 519 2918 572 2955; x_wconf 89' lang='lat' dir='ltr'>ei:</span> <span class='ocrx_word' id='word_1_281' title='bbox 602 2921 710 2966; x_wconf 85' lang='lat' dir='ltr'>Ecce,</span> <span class='ocrx_word' id='word_1_282' title='bbox 734 2921 917 2968; x_wconf 82' lang='lat' dir='ltr'>concipies</span> <span class='ocrx_word' id='word_1_283' title='bbox 943 2921 980 2956; x_wconf 91' lang='lat' dir='ltr'>in</span> <span class='ocrx_word' id='word_1_284' title='bbox 1010 2925 1113 2956; x_wconf 91' lang='lat' dir='ltr'>utero</span> <span class='ocrx_word' id='word_1_285' title='bbox 1138 2925 1171 2956; x_wconf 91' lang='lat' dir='ltr'>et</span> <span class='ocrx_word' id='word_1_286' title='bbox 1192 2931 1260 2968; x_wconf 88' lang='lat' dir='ltr'>pa-</span> 
     </span>
     <span class='ocr_line' id='line_1_59' title="bbox 205 2969 431 3018; baseline 0.003 -11.734"><span class='ocrx_word' id='word_1_287' title='bbox 205 2969 277 3006; x_wconf 80' lang='lat' dir='ltr'>ries</span> <span class='ocrx_word' id='word_1_288' title='bbox 291 2970 431 3018; x_wconf 89' lang='lat' dir='ltr'>filium.</span> 
     </span>
    </p>

    <p class='ocr_par' dir='ltr' id='par_1_14' title="bbox 48 3012 1260 3178">
     <span class='ocr_line' id='line_1_60' title="bbox 136 3012 1260 3072; baseline 0 -12"><span class='ocrx_word' id='word_1_289' title='bbox 136 3012 170 3058; x_wconf 31' lang='grc' dir='ltr'>ἰς</span> <span class='ocrx_word' id='word_1_290' title='bbox 256 3022 480 3060; x_wconf 71' lang='grc' dir='ltr'>ΒεεΡοΝυι-ῑο</span> <span class='ocrx_word' id='word_1_291' title='bbox 499 3034 679 3061; x_wconf 66' lang='lat' dir='ltr'>met-:unum</span> <span class='ocrx_word' id='word_1_292' title='bbox 702 3023 808 3072; x_wconf 90' lang='lat' dir='ltr'>quod</span> <span class='ocrx_word' id='word_1_293' title='bbox 834 3035 1049 3071; x_wconf 89' lang='lat' dir='ltr'>congruum</span> <span class='ocrx_word' id='word_1_294' title='bbox 1071 3023 1139 3060; x_wconf 83' lang='lat' dir='ltr'>fuit</span> <span class='ocrx_word' id='word_1_295' title='bbox 1166 3024 1260 3060; x_wconf 90' lang='lat' dir='ltr'>Bea-</span> 
     </span>
     <span class='ocr_line' id='line_1_61' title="bbox 204 3074 1260 3125; baseline 0.001 -13.871"><span class='ocrx_word' id='word_1_296' title='bbox 204 3079 264 3112; x_wconf 75' lang='lat' dir='ltr'>tae</span> <span class='ocrx_word' id='word_1_297' title='bbox 281 3074 426 3123; x_wconf 90' lang='lat' dir='ltr'>Virgini</span> <span class='ocrx_word' id='word_1_298' title='bbox 453 3075 668 3113; x_wconf 89' lang='lat' dir='ltr'>annuntiari</span> <span class='ocrx_word' id='word_1_299' title='bbox 695 3076 803 3125; x_wconf 89' lang='lat' dir='ltr'>quod</span> <span class='ocrx_word' id='word_1_300' title='bbox 831 3083 927 3113; x_wconf 89' lang='lat' dir='ltr'>esset</span> <span class='ocrx_word' id='word_1_301' title='bbox 955 3075 1151 3113; x_wconf 88' lang='lat' dir='ltr'>Christum</span> <span class='ocrx_word' id='word_1_302' title='bbox 1170 3087 1260 3112; x_wconf 92' lang='lat' dir='ltr'>con-</span> 
     </span>
     <span class='ocr_line' id='line_1_62' title="bbox 205 3127 1260 3178; baseline -0.001 -13"><span class='ocrx_word' id='word_1_303' title='bbox 205 3135 370 3177; x_wconf 75' lang='lat' dir='ltr'>ceptum.</span> <span class='ocrx_word' id='word_1_304' title='bbox 403 3127 535 3165; x_wconf 88' lang='lat' dir='ltr'>Primo</span> <span class='ocrx_word' id='word_1_305' title='bbox 562 3127 731 3178; x_wconf 90' lang='lat' dir='ltr'>quidem,</span> <span class='ocrx_word' id='word_1_306' title='bbox 760 3135 802 3165; x_wconf 90' lang='lat' dir='ltr'>ut</span> <span class='ocrx_word' id='word_1_307' title='bbox 829 3136 1042 3165; x_wconf 84' lang='lat' dir='ltr'>servaretur</span> <span class='ocrx_word' id='word_1_308' title='bbox 1069 3140 1260 3176; x_wconf 88' lang='lat' dir='ltr'>congruus</span> 
     </span>
    </p>
   </div>
   <div class='ocr_carea' id='block_1_11' title="bbox 206 3265 1261 3328">
    <p class='ocr_par' dir='ltr' id='par_1_15' title="bbox 206 3265 1261 3328">
     <span class='ocr_line' id='line_1_63' title="bbox 258 3265 1261 3300; baseline -0.002 -8"><span class='ocrx_word' id='word_1_309' title='bbox 258 3266 286 3300; x_wconf 85' lang='grc' dir='ltr'>σι)</span> <span class='ocrx_word' id='word_1_310' title='bbox 304 3267 488 3292; x_wconf 81' lang='lat' dir='ltr'>necessarium.</span> <span class='ocrx_word' id='word_1_311' title='bbox 505 3280 525 3285; x_wconf 88' lang='lat'>—</span> <span class='ocrx_word' id='word_1_312' title='bbox 542 3265 692 3292; x_wconf 79' lang='lat' dir='ltr'>necessaria</span> <span class='ocrx_word' id='word_1_313' title='bbox 714 3265 743 3297; x_wconf 76' lang='lat' dir='ltr'>F,</span> <span class='ocrx_word' id='word_1_314' title='bbox 767 3265 943 3291; x_wconf 83' lang='lat' dir='ltr'>necessarium</span> <span class='ocrx_word' id='word_1_315' title='bbox 966 3272 1021 3291; x_wconf 87' lang='lat' dir='ltr'>esse</span> <span class='ocrx_word' id='word_1_316' title='bbox 1038 3266 1090 3298; x_wconf 81' lang='lat' dir='ltr'>pH,</span> <span class='ocrx_word' id='word_1_317' title='bbox 1113 3265 1261 3290; x_wconf 81' lang='lat' dir='ltr'>necessaria</span> 
     </span>
     <span class='ocr_line' id='line_1_64' title="bbox 206 3302 460 3328; baseline -0.004 -1"><span class='ocrx_word' id='word_1_318' title='bbox 206 3307 262 3327; x_wconf 71' lang='lat' dir='ltr'>ene</span> <span class='ocrx_word' id='word_1_319' title='bbox 279 3307 362 3328; x_wconf 74' lang='lat' dir='ltr'>cetera</span> <span class='ocrx_word' id='word_1_320' title='bbox 379 3302 460 3327; x_wconf 79' lang='lat' dir='ltr'>tertia.</span> 
     </span>
    </p>
   </div>
   <div class='ocr_carea' id='block_1_12' title="bbox 905 275 1687 324">
    <p class='ocr_par' dir='ltr' id='par_1_16' title="bbox 905 275 1687 324">
     <span class='ocr_line' id='line_1_65' title="bbox 905 275 1687 324; baseline 0.005 -12"><span class='ocrx_word' id='word_1_321' title='bbox 905 275 1167 322; x_wconf 78' lang='lat' dir='ltr'>QUAESTto</span> <span class='ocrx_word' id='word_1_322' title='bbox 1197 277 1323 324; x_wconf 85' lang='lat' dir='ltr'>xxx,</span> <span class='ocrx_word' id='word_1_323' title='bbox 1353 277 1645 316; x_wconf 87' lang='lat' dir='ltr'><strong>ARTICULUS</strong></span> <span class='ocrx_word' id='word_1_324' title='bbox 1673 279 1687 315; x_wconf 94' lang='lat'>1</span> 
     </span>
    </p>
   </div>
   <div class='ocr_carea' id='block_1_13' title="bbox 1293 826 1297 1088">
    <p class='ocr_par' dir='ltr' id='par_1_17' title="bbox 1293 826 1297 1088">
     <span class='ocr_line' id='line_1_66' title="bbox 1293 826 1297 1088; baseline 0 0"><span class='ocrx_word' id='word_1_325' title='bbox 1293 826 1297 1088; x_wconf 95' lang='lat' dir='ltr'> </span> 
     </span>
    </p>
   </div>
   <div class='ocr_carea' id='block_1_14' title="bbox 2305 281 2378 318">
    <p class='ocr_par' dir='ltr' id='par_1_18' title="bbox 2305 281 2378 318">
     <span class='ocr_line' id='line_1_67' title="bbox 2305 281 2378 318; baseline 0 0"><span class='ocrx_word' id='word_1_326' title='bbox 2305 281 2378 318; x_wconf 84' lang='lat'>315</span> 
     </span>
    </p>
   </div>
   <div class='ocr_carea' id='block_1_15' title="bbox 216 491 1899 662">
    <p class='ocr_par' dir='ltr' id='par_1_19' title="bbox 216 485 1899 662">
     <span class='ocr_line' id='line_1_68' title="bbox 216 491 1746 592; baseline 0.005 -39"><span class='ocrx_word' id='word_1_327' title='bbox 216 492 273 592; x_wconf 37' lang='lat'>1:332</span> <span class='ocrx_word' id='word_1_328' title='bbox 276 526 291 590; x_wconf 57' lang='lat'><em>3</em></span> <span class='ocrx_word' id='word_1_329' title='bbox 329 491 333 549; x_wconf 85' lang='lat' dir='ltr'>i</span> <span class='ocrx_word' id='word_1_330' title='bbox 386 579 387 582; x_wconf 33' lang='lat'>.</span> <span class='ocrx_word' id='word_1_331' title='bbox 847 502 1255 579; x_wconf 79' lang='lat' dir='ltr'>QUAEsTlo</span> <span class='ocrx_word' id='word_1_332' title='bbox 1293 501 1746 559; x_wconf 82' lang='lat' dir='ltr'>TRIGESIMA</span> 
     </span>
     <span class='ocr_line' id='line_1_69' title="bbox 217 619 1899 662; baseline 0.005 -8"><span class='ocrx_word' id='word_1_333' title='bbox 217 620 261 641; x_wconf 56' lang='lat'>‘⁵¹12</span> <span class='ocrx_word' id='word_1_334' title='bbox 289 629 291 637; x_wconf 66' lang='lat'><strong><em>¹</em></strong></span> <span class='ocrx_word' id='word_1_335' title='bbox 699 619 783 660; x_wconf 89' lang='lat' dir='ltr'>DE</span> <span class='ocrx_word' id='word_1_336' title='bbox 816 619 1323 660; x_wconf 89' lang='lat' dir='ltr'><strong>ANNUNTIATIONE</strong></span> <span class='ocrx_word' id='word_1_337' title='bbox 1355 621 1603 661; x_wconf 85' lang='lat' dir='ltr'><strong>BEATAE</strong></span> <span class='ocrx_word' id='word_1_338' title='bbox 1635 621 1899 662; x_wconf 89' lang='lat' dir='ltr'>VIRGINIS</span> 
     </span>
    </p>
   </div>
   <div class='ocr_carea' id='block_1_16' title="bbox 997 733 1597 763">
    <p class='ocr_par' dir='ltr' id='par_1_20' title="bbox 997 733 1597 763">
     <span class='ocr_line' id='line_1_70' title="bbox 997 733 1597 763; baseline 0.002 -5"><span class='ocrx_word' id='word_1_339' title='bbox 997 733 1031 758; x_wconf 91' lang='lat' dir='ltr'>IN</span> <span class='ocrx_word' id='word_1_340' title='bbox 1060 733 1231 763; x_wconf 71' lang='lat' dir='ltr'><strong>QUATUOR</strong></span> <span class='ocrx_word' id='word_1_341' title='bbox 1257 733 1458 759; x_wconf 83' lang='lat' dir='ltr'>ARTICULOS</span> <span class='ocrx_word' id='word_1_342' title='bbox 1485 734 1597 759; x_wconf 78' lang='lat' dir='ltr'>DIVISA</span> 
     </span>
    </p>
   </div>
   <div class='ocr_carea' id='block_1_17' title="bbox 1377 828 2383 1005">
    <p class='ocr_par' dir='ltr' id='par_1_21' title="bbox 1377 828 2383 1005">
     <span class='ocr_line' id='line_1_71' title="bbox 1377 828 2337 878; baseline 0.003 -13"><span class='ocrx_word' id='word_1_343' title='bbox 1377 828 1575 865; x_wconf 89' lang='lat' dir='ltr'>Secundo:</span> <span class='ocrx_word' id='word_1_344' title='bbox 1605 840 1675 878; x_wconf 92' lang='lat' dir='ltr'>per</span> <span class='ocrx_word' id='word_1_345' title='bbox 1701 840 1820 878; x_wconf 92' lang='lat' dir='ltr'>quem</span> <span class='ocrx_word' id='word_1_346' title='bbox 1849 837 1927 866; x_wconf 91' lang='lat' dir='ltr'>erat</span> <span class='ocrx_word' id='word_1_347' title='bbox 1954 829 1989 866; x_wconf 91' lang='lat' dir='ltr'>ei</span> <span class='ocrx_word' id='word_1_348' title='bbox 2017 830 2337 868; x_wconf 91' lang='lat' dir='ltr'>annuntiandum.</span> 
     </span>
     <span class='ocr_line' id='line_1_72' title="bbox 1377 897 2383 947; baseline 0.005 -13"><span class='ocrx_word' id='word_1_349' title='bbox 1377 897 1526 935; x_wconf 92' lang='lat' dir='ltr'>Tertio:</span> <span class='ocrx_word' id='word_1_350' title='bbox 1563 910 1634 947; x_wconf 89' lang='lat' dir='ltr'>per</span> <span class='ocrx_word' id='word_1_351' title='bbox 1661 910 1779 947; x_wconf 90' lang='lat' dir='ltr'>quem</span> <span class='ocrx_word' id='word_1_352' title='bbox 1807 899 1972 936; x_wconf 90' lang='lat' dir='ltr'>modum</span> <span class='ocrx_word' id='word_1_353' title='bbox 2005 900 2039 937; x_wconf 91' lang='lat' dir='ltr'>ei</span> <span class='ocrx_word' id='word_1_354' title='bbox 2066 901 2282 938; x_wconf 90' lang='lat' dir='ltr'>annuntiari</span> <span class='ocrx_word' id='word_1_355' title='bbox 2319 901 2383 938; x_wconf 92' lang='lat' dir='ltr'>de-</span> 
     </span>
     <span class='ocr_line' id='line_1_73' title="bbox 1429 968 1554 1005; baseline 0.008 -1"><span class='ocrx_word' id='word_1_356' title='bbox 1429 968 1554 1005; x_wconf 60' lang='lat' dir='ltr'>bebat</span> 
     </span>
    </p>
   </div>
   <div class='ocr_carea' id='block_1_18' title="bbox 1377 1040 2124 1086">
    <p class='ocr_par' dir='ltr' id='par_1_22' title="bbox 1377 1040 2124 1086">
     <span class='ocr_line' id='line_1_74' title="bbox 1377 1040 2124 1086; baseline 0.003 -10"><span class='ocrx_word' id='word_1_357' title='bbox 1377 1040 1545 1086; x_wconf 90' lang='lat' dir='ltr'>Quarto:</span> <span class='ocrx_word' id='word_1_358' title='bbox 1575 1041 1623 1077; x_wconf 92' lang='lat' dir='ltr'>de</span> <span class='ocrx_word' id='word_1_359' title='bbox 1652 1040 1786 1077; x_wconf 91' lang='lat' dir='ltr'>ordine</span> <span class='ocrx_word' id='word_1_360' title='bbox 1815 1041 2124 1078; x_wconf 87' lang='lat' dir='ltr'>annuntiationis.</span> 
     </span>
    </p>
   </div>
   <div class='ocr_carea' id='block_1_19' title="bbox 295 1166 2295 1306">
    <p class='ocr_par' dir='ltr' id='par_1_23' title="bbox 295 1166 2295 1306">
     <span class='ocr_line' id='line_1_75' title="bbox 1015 1166 1569 1209; baseline -0.002 0"><span class='ocrx_word' id='word_1_361' title='bbox 1015 1166 1332 1209; x_wconf 86' lang='lat' dir='ltr'>ARTICULUS</span> <span class='ocrx_word' id='word_1_362' title='bbox 1362 1166 1569 1209; x_wconf 90' lang='lat' dir='ltr'>PRIMUS</span> 
     </span>
     <span class='ocr_line' id='line_1_76' title="bbox 295 1268 2295 1306; baseline -0.002 -3"><span class='ocrx_word' id='word_1_363' title='bbox 295 1269 451 1304; x_wconf 73' lang='lat' dir='ltr'>UTRUM</span> <span class='ocrx_word' id='word_1_364' title='bbox 474 1269 633 1302; x_wconf 79' lang='lat' dir='ltr'>FUERrr</span> <span class='ocrx_word' id='word_1_365' title='bbox 655 1269 958 1301; x_wconf 75' lang='lat' dir='ltr'>NECESSARIUM</span> <span class='ocrx_word' id='word_1_366' title='bbox 981 1269 1156 1300; x_wconf 82' lang='lat' dir='ltr'>BEATAE</span> <span class='ocrx_word' id='word_1_367' title='bbox 1179 1268 1343 1299; x_wconf 83' lang='lat' dir='ltr'>VIRGINI</span> <span class='ocrx_word' id='word_1_368' title='bbox 1366 1268 1638 1299; x_wconf 74' lang='lat' dir='ltr'>ANNUNTIARI</span> <span class='ocrx_word' id='word_1_369' title='bbox 1662 1268 1786 1306; x_wconf 84' lang='lat' dir='ltr'><strong>QUOD</strong></span> <span class='ocrx_word' id='word_1_370' title='bbox 1811 1268 1854 1298; x_wconf 87' lang='lat' dir='ltr'>IN</span> <span class='ocrx_word' id='word_1_371' title='bbox 1877 1269 1935 1299; x_wconf 88' lang='lat' dir='ltr'>EA</span> <span class='ocrx_word' id='word_1_372' title='bbox 1958 1269 2155 1300; x_wconf 84' lang='lat' dir='ltr'><strong>FIENDUM</strong></span> <span class='ocrx_word' id='word_1_373' title='bbox 2178 1269 2295 1300; x_wconf 85' lang='lat' dir='ltr'>ERAT</span> 
     </span>
    </p>
   </div>
   <div class='ocr_carea' id='block_1_20' title="bbox 982 1356 1602 1389">
    <p class='ocr_par' dir='ltr' id='par_1_24' title="bbox 982 1356 1602 1389">
     <span class='ocr_line' id='line_1_77' title="bbox 982 1356 1602 1389; baseline -0.002 -7"><span class='ocrx_word' id='word_1_374' title='bbox 982 1357 1013 1382; x_wconf 93' lang='lat'>111</span> <span class='ocrx_word' id='word_1_375' title='bbox 1033 1357 1121 1386; x_wconf 69' lang='lat' dir='ltr'>sent„</span> <span class='ocrx_word' id='word_1_376' title='bbox 1141 1357 1199 1382; x_wconf 87' lang='lat' dir='ltr'>dist.</span> <span class='ocrx_word' id='word_1_377' title='bbox 1218 1364 1255 1388; x_wconf 89' lang='lat' dir='ltr'>m,</span> <span class='ocrx_word' id='word_1_378' title='bbox 1275 1364 1320 1389; x_wconf 92' lang='lat' dir='ltr'>qu.</span> <span class='ocrx_word' id='word_1_379' title='bbox 1338 1363 1377 1387; x_wconf 88' lang='lat' dir='ltr'>m,</span> <span class='ocrx_word' id='word_1_380' title='bbox 1395 1361 1443 1382; x_wconf 81' lang='lat' dir='ltr'>art.</span> <span class='ocrx_word' id='word_1_381' title='bbox 1464 1363 1487 1387; x_wconf 78' lang='grc' dir='ltr'>ι,</span> <span class='ocrx_word' id='word_1_382' title='bbox 1507 1356 1556 1389; x_wconf 74' lang='lat' dir='ltr'>qu·</span> <span class='ocrx_word' id='word_1_383' title='bbox 1577 1363 1602 1382; x_wconf 88' lang='lat'>1.</span> 
     </span>
    </p>
   </div>
   <div class='ocr_carea' id='block_1_21' title="bbox 1318 1443 2383 1598">
    <p class='ocr_par' dir='ltr' id='par_1_25' title="bbox 1318 1443 2383 1598">
     <span class='ocr_line' id='line_1_78' title="bbox 1319 1443 2383 1491; baseline -0.001 -10"><span class='ocrx_word' id='word_1_384' title='bbox 1319 1444 1415 1481; x_wconf 93' lang='lat' dir='ltr'>ordo</span> <span class='ocrx_word' id='word_1_385' title='bbox 1446 1443 1726 1481; x_wconf 90' lang='lat' dir='ltr'>coniunctionis</span> <span class='ocrx_word' id='word_1_386' title='bbox 1749 1443 1834 1481; x_wconf 88' lang='lat' dir='ltr'>Filii</span> <span class='ocrx_word' id='word_1_387' title='bbox 1852 1443 1924 1480; x_wconf 93' lang='lat' dir='ltr'>Dei</span> <span class='ocrx_word' id='word_1_388' title='bbox 1944 1444 1992 1481; x_wconf 91' lang='lat' dir='ltr'>ad</span> <span class='ocrx_word' id='word_1_389' title='bbox 2011 1443 2224 1491; x_wconf 88' lang='lat' dir='ltr'>Virginem:</span> <span class='ocrx_word' id='word_1_390' title='bbox 2253 1452 2296 1480; x_wconf 92' lang='lat' dir='ltr'>ut</span> <span class='ocrx_word' id='word_1_391' title='bbox 2314 1444 2383 1481; x_wconf 90' lang='lat' dir='ltr'>sci-</span> 
     </span>
     <span class='ocr_line' id='line_1_79' title="bbox 1318 1495 2382 1546; baseline 0 -13"><span class='ocrx_word' id='word_1_392' title='bbox 1318 1496 1402 1533; x_wconf 88' lang='lat' dir='ltr'>licet</span> <span class='ocrx_word' id='word_1_393' title='bbox 1429 1497 1536 1545; x_wconf 91' lang='lat' dir='ltr'>prius</span> <span class='ocrx_word' id='word_1_394' title='bbox 1564 1508 1675 1533; x_wconf 87' lang='lat' dir='ltr'>mens</span> <span class='ocrx_word' id='word_1_395' title='bbox 1694 1495 1776 1533; x_wconf 89' lang='lat' dir='ltr'>eius</span> <span class='ocrx_word' id='word_1_396' title='bbox 1805 1496 1853 1533; x_wconf 93' lang='lat' dir='ltr'>de</span> <span class='ocrx_word' id='word_1_397' title='bbox 1881 1496 1965 1546; x_wconf 90' lang='lat' dir='ltr'>ipso</span> <span class='ocrx_word' id='word_1_398' title='bbox 1989 1496 2237 1533; x_wconf 88' lang='lat' dir='ltr'>instrueretur</span> <span class='ocrx_word' id='word_1_399' title='bbox 2264 1509 2382 1545; x_wconf 90' lang='lat' dir='ltr'>quam</span> 
     </span>
     <span class='ocr_line' id='line_1_80' title="bbox 1319 1548 2382 1598; baseline 0 -12"><span class='ocrx_word' id='word_1_400' title='bbox 1319 1561 1432 1586; x_wconf 89' lang='lat' dir='ltr'>carne</span> <span class='ocrx_word' id='word_1_401' title='bbox 1461 1561 1554 1586; x_wconf 92' lang='lat' dir='ltr'>eum</span> <span class='ocrx_word' id='word_1_402' title='bbox 1581 1548 1808 1598; x_wconf 91' lang='lat' dir='ltr'>conciperet.</span> <span class='ocrx_word' id='word_1_403' title='bbox 1838 1549 1950 1586; x_wconf 93' lang='lat' dir='ltr'>Unde</span> <span class='ocrx_word' id='word_1_404' title='bbox 1969 1548 2204 1597; x_wconf 89' lang='lat' dir='ltr'>Augustinus</span> <span class='ocrx_word' id='word_1_405' title='bbox 2223 1549 2322 1595; x_wconf 91' lang='lat' dir='ltr'>dicit,</span> <span class='ocrx_word' id='word_1_406' title='bbox 2343 1549 2382 1586; x_wconf 93' lang='lat' dir='ltr'>in</span> 
     </span>
    </p>
   </div>
   <div class='ocr_carea' id='block_1_22' title="bbox 1319 1601 2540 1651">
    <p class='ocr_par' dir='ltr' id='par_1_26' title="bbox 1319 1601 2540 1651">
     <span class='ocr_line' id='line_1_81' title="bbox 1319 1601 2540 1651; baseline 0 -13"><span class='ocrx_word' id='word_1_407' title='bbox 1319 1601 1415 1639; x_wconf 86' lang='lat' dir='ltr'>libro</span> <span class='ocrx_word' id='word_1_408' title='bbox 1443 1602 1488 1638; x_wconf 84' lang='lat' dir='ltr'>de</span> <span class='ocrx_word' id='word_1_409' title='bbox 1523 1603 1741 1651; x_wconf 83' lang='lat' dir='ltr'>Virginitate</span> <span class='ocrx_word' id='word_1_410' title='bbox 1758 1601 1795 1638; x_wconf 75' lang='lat' dir='ltr'>*z</span> <span class='ocrx_word' id='word_1_411' title='bbox 1837 1603 1991 1639; x_wconf 88' lang='lat' dir='ltr'>Beatior</span> <span class='ocrx_word' id='word_1_412' title='bbox 2022 1603 2154 1639; x_wconf 87' lang='lat' dir='ltr'>Maria</span> <span class='ocrx_word' id='word_1_413' title='bbox 2187 1608 2237 1638; x_wconf 89' lang='lat' dir='ltr'>est</span> <span class='ocrx_word' id='word_1_414' title='bbox 2262 1602 2382 1651; x_wconf 81' lang='lat' dir='ltr'>perci·</span> <span class='ocrx_word' id='word_1_415' title='bbox 2410 1617 2420 1628; x_wconf 89' lang='lat'><strong>·</strong></span> <span class='ocrx_word' id='word_1_416' title='bbox 2434 1616 2490 1644; x_wconf 70' lang='lat' dir='ltr'>cap.</span> <span class='ocrx_word' id='word_1_417' title='bbox 2505 1622 2540 1638; x_wconf 81' lang='lat' dir='ltr'>m.</span> 
     </span>
    </p>
   </div>
   <div class='ocr_carea' id='block_1_23' title="bbox 206 1653 2382 1704">
    <p class='ocr_par' dir='ltr' id='par_1_27' title="bbox 206 1653 2382 1704">
     <span class='ocr_line' id='line_1_82' title="bbox 206 1653 2382 1704; baseline 0 -12"><span class='ocrx_word' id='word_1_418' title='bbox 206 1653 351 1698; x_wconf 80' lang='lat' dir='ltr'>sarium</span> <span class='ocrx_word' id='word_1_419' title='bbox 370 1659 388 1675; x_wconf 74' lang='lat'>‘⁷‘</span> <span class='ocrx_word' id='word_1_420' title='bbox 414 1654 616 1692; x_wconf 90' lang='lat' dir='ltr'>videbatur</span> <span class='ocrx_word' id='word_1_421' title='bbox 651 1663 694 1692; x_wconf 93' lang='lat' dir='ltr'>ut</span> <span class='ocrx_word' id='word_1_422' title='bbox 720 1654 884 1703; x_wconf 87' lang='lat' dir='ltr'>Virginis</span> <span class='ocrx_word' id='word_1_423' title='bbox 911 1667 1121 1692; x_wconf 90' lang='lat' dir='ltr'>consensus</span> <span class='ocrx_word' id='word_1_424' title='bbox 1149 1655 1264 1691; x_wconf 90' lang='lat' dir='ltr'>habe·</span> <span class='ocrx_word' id='word_1_425' title='bbox 1313 1655 1452 1704; x_wconf 87' lang='lat' dir='ltr'>piendo</span> <span class='ocrx_word' id='word_1_426' title='bbox 1473 1655 1595 1703; x_wconf 87' lang='lat' dir='ltr'>fidem</span> <span class='ocrx_word' id='word_1_427' title='bbox 1627 1655 1779 1700; x_wconf 84' lang='lat' dir='ltr'>Christi,</span> <span class='ocrx_word' id='word_1_428' title='bbox 1818 1667 1929 1704; x_wconf 86' lang='lat' dir='ltr'>quam</span> <span class='ocrx_word' id='word_1_429' title='bbox 1961 1655 2200 1704; x_wconf 88' lang='lat' dir='ltr'>concipiendo</span> <span class='ocrx_word' id='word_1_430' title='bbox 2229 1665 2382 1692; x_wconf 82' lang='lat' dir='ltr'>carnem</span> 
     </span>
    </p>
   </div>
   <div class='ocr_carea' id='block_1_24' title="bbox 1323 1706 2490 1756">
    <p class='ocr_par' dir='ltr' id='par_1_28' title="bbox 1323 1706 2490 1756">
     <span class='ocr_line' id='line_1_83' title="bbox 1323 1706 2490 1756; baseline 0 -12"><span class='ocrx_word' id='word_1_431' title='bbox 1323 1708 1468 1744; x_wconf 88' lang='lat' dir='ltr'>Christi.</span> <span class='ocrx_word' id='word_1_432' title='bbox 1498 1708 1546 1743; x_wconf 90' lang='lat' dir='ltr'>Et</span> <span class='ocrx_word' id='word_1_433' title='bbox 1563 1714 1697 1755; x_wconf 89' lang='lat' dir='ltr'>postea</span> <span class='ocrx_word' id='word_1_434' title='bbox 1715 1706 1735 1728; x_wconf 62' lang='lat'>²⁸</span> <span class='ocrx_word' id='word_1_435' title='bbox 1756 1706 1902 1743; x_wconf 89' lang='lat' dir='ltr'>subdit:</span> <span class='ocrx_word' id='word_1_436' title='bbox 1932 1709 2112 1744; x_wconf 89' lang='lat' dir='ltr'>Materna</span> <span class='ocrx_word' id='word_1_437' title='bbox 2125 1709 2382 1756; x_wconf 84' lang='lat' dir='ltr'>propinquitas</span> <span class='ocrx_word' id='word_1_438' title='bbox 2409 1716 2419 1727; x_wconf 78' lang='lat'>⁸</span> <span class='ocrx_word' id='word_1_439' title='bbox 2433 1715 2490 1736; x_wconf 81' lang='lat' dir='ltr'>lbid-</span> 
     </span>
    </p>
   </div>
   <div class='ocr_carea' id='block_1_25' title="bbox 1314 1760 2539 3174">
    <p class='ocr_par' dir='ltr' id='par_1_29' title="bbox 1319 1760 2383 1861">
     <span class='ocr_line' id='line_1_84' title="bbox 1319 1760 2383 1808; baseline 0 -12"><span class='ocrx_word' id='word_1_440' title='bbox 1319 1760 1410 1796; x_wconf 88' lang='lat' dir='ltr'>nihil</span> <span class='ocrx_word' id='word_1_441' title='bbox 1422 1761 1576 1796; x_wconf 89' lang='lat' dir='ltr'>Mariae</span> <span class='ocrx_word' id='word_1_442' title='bbox 1588 1760 1799 1808; x_wconf 88' lang='lat' dir='ltr'>profuisset,</span> <span class='ocrx_word' id='word_1_443' title='bbox 1821 1761 1892 1795; x_wconf 90' lang='lat' dir='ltr'>nisi</span> <span class='ocrx_word' id='word_1_444' title='bbox 1898 1760 2050 1807; x_wconf 88' lang='lat' dir='ltr'>felicius</span> <span class='ocrx_word' id='word_1_445' title='bbox 2068 1761 2251 1796; x_wconf 90' lang='lat' dir='ltr'>Christum</span> <span class='ocrx_word' id='word_1_446' title='bbox 2271 1761 2383 1797; x_wconf 86' lang='lat' dir='ltr'>corde</span> 
     </span>
     <span class='ocr_line' id='line_1_85' title="bbox 1320 1818 1784 1861; baseline 0 -13"><span class='ocrx_word' id='word_1_447' title='bbox 1320 1825 1431 1861; x_wconf 83' lang='lat' dir='ltr'>quam</span> <span class='ocrx_word' id='word_1_448' title='bbox 1459 1824 1574 1848; x_wconf 87' lang='lat' dir='ltr'>carne</span> <span class='ocrx_word' id='word_1_449' title='bbox 1600 1818 1784 1861; x_wconf 81' lang='lat' dir='ltr'>gestasset.</span> 
     </span>
    </p>

    <p class='ocr_par' dir='ltr' id='par_1_30' title="bbox 1319 1863 2382 2007">
     <span class='ocr_line' id='line_1_86' title="bbox 1373 1863 2382 1912; baseline 0.001 -11"><span class='ocrx_word' id='word_1_450' title='bbox 1373 1864 1572 1910; x_wconf 90' lang='lat' dir='ltr'>Secundo,</span> <span class='ocrx_word' id='word_1_451' title='bbox 1607 1871 1649 1901; x_wconf 89' lang='lat' dir='ltr'>ut</span> <span class='ocrx_word' id='word_1_452' title='bbox 1682 1871 1811 1912; x_wconf 88' lang='lat' dir='ltr'>posset</span> <span class='ocrx_word' id='word_1_453' title='bbox 1847 1876 1929 1900; x_wconf 89' lang='lat' dir='ltr'>esse</span> <span class='ocrx_word' id='word_1_454' title='bbox 1962 1863 2098 1900; x_wconf 89' lang='lat' dir='ltr'>certior</span> <span class='ocrx_word' id='word_1_455' title='bbox 2131 1864 2232 1901; x_wconf 91' lang='lat' dir='ltr'>testis</span> <span class='ocrx_word' id='word_1_456' title='bbox 2267 1865 2382 1902; x_wconf 90' lang='lat' dir='ltr'>huius</span> 
     </span>
     <span class='ocr_line' id='line_1_87' title="bbox 1319 1916 2382 1966; baseline 0.001 -13"><span class='ocrx_word' id='word_1_457' title='bbox 1319 1916 1555 1963; x_wconf 80' lang='lat' dir='ltr'>sacramenti,</span> <span class='ocrx_word' id='word_1_458' title='bbox 1576 1916 1734 1966; x_wconf 91' lang='lat' dir='ltr'>quando</span> <span class='ocrx_word' id='word_1_459' title='bbox 1767 1929 1883 1966; x_wconf 92' lang='lat' dir='ltr'>super</span> <span class='ocrx_word' id='word_1_460' title='bbox 1911 1917 1987 1953; x_wconf 91' lang='lat' dir='ltr'>hoc</span> <span class='ocrx_word' id='word_1_461' title='bbox 2014 1916 2194 1954; x_wconf 89' lang='lat' dir='ltr'>divinitus</span> <span class='ocrx_word' id='word_1_462' title='bbox 2222 1925 2301 1954; x_wconf 91' lang='lat' dir='ltr'>erat</span> <span class='ocrx_word' id='word_1_463' title='bbox 2327 1918 2382 1954; x_wconf 92' lang='lat' dir='ltr'>in-</span> 
     </span>
     <span class='ocr_line' id='line_1_88' title="bbox 1319 1977 1470 2007; baseline 0 -1"><span class='ocrx_word' id='word_1_464' title='bbox 1319 1977 1470 2007; x_wconf 89' lang='lat' dir='ltr'>structa.</span> 
     </span>
    </p>

    <p class='ocr_par' dir='ltr' id='par_1_31' title="bbox 1318 2021 2382 2178">
     <span class='ocr_line' id='line_1_89' title="bbox 1371 2021 2382 2071; baseline 0.001 -12"><span class='ocrx_word' id='word_1_465' title='bbox 1371 2022 1514 2068; x_wconf 88' lang='lat' dir='ltr'>Tertio,</span> <span class='ocrx_word' id='word_1_466' title='bbox 1545 2029 1586 2058; x_wconf 90' lang='lat' dir='ltr'>ut</span> <span class='ocrx_word' id='word_1_467' title='bbox 1607 2021 1822 2059; x_wconf 89' lang='lat' dir='ltr'>voluntaria</span> <span class='ocrx_word' id='word_1_468' title='bbox 1844 2021 1902 2058; x_wconf 91' lang='lat' dir='ltr'>sui</span> <span class='ocrx_word' id='word_1_469' title='bbox 1922 2021 2097 2071; x_wconf 90' lang='lat' dir='ltr'>obsequii</span> <span class='ocrx_word' id='word_1_470' title='bbox 2116 2034 2279 2060; x_wconf 90' lang='lat' dir='ltr'>munera</span> <span class='ocrx_word' id='word_1_471' title='bbox 2298 2023 2382 2060; x_wconf 91' lang='lat' dir='ltr'>Deo</span> 
     </span>
     <span class='ocr_line' id='line_1_90' title="bbox 1320 2074 2380 2124; baseline 0.001 -13"><span class='ocrx_word' id='word_1_472' title='bbox 1320 2075 1492 2112; x_wconf 85' lang='lat' dir='ltr'>offerret:</span> <span class='ocrx_word' id='word_1_473' title='bbox 1521 2075 1571 2111; x_wconf 89' lang='lat' dir='ltr'>ad</span> <span class='ocrx_word' id='word_1_474' title='bbox 1599 2075 1707 2123; x_wconf 93' lang='lat' dir='ltr'>quod</span> <span class='ocrx_word' id='word_1_475' title='bbox 1731 2087 1771 2111; x_wconf 91' lang='lat' dir='ltr'>se</span> <span class='ocrx_word' id='word_1_476' title='bbox 1789 2083 2012 2124; x_wconf 90' lang='lat' dir='ltr'>promptam</span> <span class='ocrx_word' id='word_1_477' title='bbox 2031 2074 2176 2122; x_wconf 86' lang='lat' dir='ltr'>obtulit,</span> <span class='ocrx_word' id='word_1_478' title='bbox 2197 2075 2327 2113; x_wconf 89' lang='lat' dir='ltr'>dicens</span> <span class='ocrx_word' id='word_1_479' title='bbox 2345 2076 2380 2112; x_wconf 70' lang='lat'>⁹¹⁶:</span> 
     </span>
     <span class='ocr_line' id='line_1_91' title="bbox 1318 2127 1771 2178; baseline -0.002 -14"><span class='ocrx_word' id='word_1_480' title='bbox 1318 2130 1425 2178; x_wconf 33' lang='lat' dir='ltr'>Ecces</span> <span class='ocrx_word' id='word_1_481' title='bbox 1444 2127 1580 2164; x_wconf 88' lang='lat' dir='ltr'>ancilla</span> <span class='ocrx_word' id='word_1_482' title='bbox 1607 2128 1771 2164; x_wconf 88' lang='lat' dir='ltr'>Domini.</span> 
     </span>
    </p>

    <p class='ocr_par' dir='ltr' id='par_1_32' title="bbox 1318 2180 2520 2427">
     <span class='ocr_line' id='line_1_92' title="bbox 1374 2180 2381 2230; baseline 0.002 -14"><span class='ocrx_word' id='word_1_483' title='bbox 1374 2180 1541 2227; x_wconf 87' lang='lat' dir='ltr'>Quarto,</span> <span class='ocrx_word' id='word_1_484' title='bbox 1571 2187 1613 2216; x_wconf 93' lang='lat' dir='ltr'>ut</span> <span class='ocrx_word' id='word_1_485' title='bbox 1640 2180 1903 2216; x_wconf 91' lang='lat' dir='ltr'>ostenderetur</span> <span class='ocrx_word' id='word_1_486' title='bbox 1937 2192 2019 2216; x_wconf 92' lang='lat' dir='ltr'>esse</span> <span class='ocrx_word' id='word_1_487' title='bbox 2047 2180 2247 2228; x_wconf 88' lang='lat' dir='ltr'>quoddam</span> <span class='ocrx_word' id='word_1_488' title='bbox 2275 2180 2381 2230; x_wconf 90' lang='lat' dir='ltr'>spiri-</span> 
     </span>
     <span class='ocr_line' id='line_1_93' title="bbox 1318 2231 2380 2270; baseline 0.002 -2"><span class='ocrx_word' id='word_1_489' title='bbox 1318 2234 1420 2269; x_wconf 88' lang='lat' dir='ltr'>tuale</span> <span class='ocrx_word' id='word_1_490' title='bbox 1457 2231 1748 2269; x_wconf 89' lang='lat' dir='ltr'>matrimonium</span> <span class='ocrx_word' id='word_1_491' title='bbox 1776 2231 1873 2269; x_wconf 88' lang='lat' dir='ltr'>inter</span> <span class='ocrx_word' id='word_1_492' title='bbox 1900 2231 2041 2269; x_wconf 90' lang='lat' dir='ltr'>Filium</span> <span class='ocrx_word' id='word_1_493' title='bbox 2069 2232 2142 2269; x_wconf 92' lang='lat' dir='ltr'>Dei</span> <span class='ocrx_word' id='word_1_494' title='bbox 2176 2240 2212 2269; x_wconf 93' lang='lat' dir='ltr'>et</span> <span class='ocrx_word' id='word_1_495' title='bbox 2243 2234 2380 2270; x_wconf 91' lang='lat' dir='ltr'>huma-</span> 
     </span>
     <span class='ocr_line' id='line_1_94' title="bbox 1319 2284 2379 2334; baseline 0.002 -13"><span class='ocrx_word' id='word_1_496' title='bbox 1319 2297 1408 2322; x_wconf 90' lang='lat' dir='ltr'>nam</span> <span class='ocrx_word' id='word_1_497' title='bbox 1438 2292 1627 2322; x_wconf 90' lang='lat' dir='ltr'>naturam.</span> <span class='ocrx_word' id='word_1_498' title='bbox 1667 2285 1715 2321; x_wconf 92' lang='lat' dir='ltr'>Et</span> <span class='ocrx_word' id='word_1_499' title='bbox 1742 2284 1829 2334; x_wconf 85' lang='lat' dir='ltr'>ideo</span> <span class='ocrx_word' id='word_1_500' title='bbox 1857 2297 1927 2333; x_wconf 93' lang='lat' dir='ltr'>per</span> <span class='ocrx_word' id='word_1_501' title='bbox 1954 2284 2286 2322; x_wconf 90' lang='lat' dir='ltr'>annuntiationem</span> <span class='ocrx_word' id='word_1_502' title='bbox 2318 2298 2379 2323; x_wconf 87' lang='lat' dir='ltr'>ex-</span> 
     </span>
     <span class='ocr_line' id='line_1_95' title="bbox 1319 2337 2520 2387; baseline -0.002 -12"><span class='ocrx_word' id='word_1_503' title='bbox 1319 2338 1519 2387; x_wconf 85' lang='lat' dir='ltr'>petebatur</span> <span class='ocrx_word' id='word_1_504' title='bbox 1537 2343 1552 2365; x_wconf 71' lang='grc' dir='ltr'>Υ</span> <span class='ocrx_word' id='word_1_505' title='bbox 1581 2349 1790 2374; x_wconf 92' lang='lat' dir='ltr'>consensus</span> <span class='ocrx_word' id='word_1_506' title='bbox 1809 2337 1972 2385; x_wconf 92' lang='lat' dir='ltr'>Virginis</span> <span class='ocrx_word' id='word_1_507' title='bbox 1999 2339 2084 2374; x_wconf 91' lang='lat' dir='ltr'>loco</span> <span class='ocrx_word' id='word_1_508' title='bbox 2110 2337 2226 2375; x_wconf 89' lang='lat' dir='ltr'>totius</span> <span class='ocrx_word' id='word_1_509' title='bbox 2243 2338 2380 2376; x_wconf 89' lang='lat' dir='ltr'>huma·</span> <span class='ocrx_word' id='word_1_510' title='bbox 2504 2347 2520 2372; x_wconf 77' lang='grc' dir='ltr'><strong>γ</strong></span> 
     </span>
     <span class='ocr_line' id='line_1_96' title="bbox 1319 2398 1589 2427; baseline -0.004 0"><span class='ocrx_word' id='word_1_511' title='bbox 1319 2403 1392 2427; x_wconf 90' lang='lat' dir='ltr'>nae</span> <span class='ocrx_word' id='word_1_512' title='bbox 1420 2398 1589 2427; x_wconf 89' lang='lat' dir='ltr'>naturae.</span> 
     </span>
    </p>

    <p class='ocr_par' dir='ltr' id='par_1_33' title="bbox 1319 2442 2379 2586">
     <span class='ocr_line' id='line_1_97' title="bbox 1372 2442 2379 2492; baseline 0 -13"><span class='ocrx_word' id='word_1_513' title='bbox 1372 2444 1429 2480; x_wconf 82' lang='lat' dir='ltr'>AD</span> <span class='ocrx_word' id='word_1_514' title='bbox 1450 2455 1583 2480; x_wconf 77' lang='lat' dir='ltr'>PRIMUM</span> <span class='ocrx_word' id='word_1_515' title='bbox 1604 2455 1701 2479; x_wconf 83' lang='lat' dir='ltr'>ERGO</span> <span class='ocrx_word' id='word_1_516' title='bbox 1721 2454 1901 2479; x_wconf 83' lang='lat' dir='ltr'><strong>DICENDUM</strong></span> <span class='ocrx_word' id='word_1_517' title='bbox 1927 2442 2034 2491; x_wconf 91' lang='lat' dir='ltr'>quod</span> <span class='ocrx_word' id='word_1_518' title='bbox 2053 2442 2254 2492; x_wconf 89' lang='lat' dir='ltr'>prophetia</span> <span class='ocrx_word' id='word_1_519' title='bbox 2271 2455 2379 2492; x_wconf 90' lang='lat' dir='ltr'>prae—</span> 
     </span>
     <span class='ocr_line' id='line_1_98' title="bbox 1319 2495 2379 2544; baseline 0 -11"><span class='ocrx_word' id='word_1_520' title='bbox 1319 2495 1578 2534; x_wconf 88' lang='lat' dir='ltr'>destinationis</span> <span class='ocrx_word' id='word_1_521' title='bbox 1606 2497 1821 2544; x_wconf 88' lang='lat' dir='ltr'>completur</span> <span class='ocrx_word' id='word_1_522' title='bbox 1849 2495 1928 2531; x_wconf 93' lang='lat' dir='ltr'>sine</span> <span class='ocrx_word' id='word_1_523' title='bbox 1957 2502 2087 2532; x_wconf 91' lang='lat' dir='ltr'>nostro</span> <span class='ocrx_word' id='word_1_524' title='bbox 2109 2495 2262 2541; x_wconf 80' lang='lat' dir='ltr'>arbitrio</span> <span class='ocrx_word' id='word_1_525' title='bbox 2290 2508 2379 2533; x_wconf 88' lang='lat' dir='ltr'>cau-</span> 
     </span>
     <span class='ocr_line' id='line_1_99' title="bbox 1319 2547 2375 2586; baseline -0.002 0"><span class='ocrx_word' id='word_1_526' title='bbox 1319 2557 1442 2586; x_wconf 89' lang='lat' dir='ltr'>sante:</span> <span class='ocrx_word' id='word_1_527' title='bbox 1459 2561 1538 2586; x_wconf 95' lang='lat' dir='ltr'>non</span> <span class='ocrx_word' id='word_1_528' title='bbox 1553 2556 1682 2585; x_wconf 91' lang='lat' dir='ltr'>tamen</span> <span class='ocrx_word' id='word_1_529' title='bbox 1697 2547 1778 2585; x_wconf 86' lang='lat' dir='ltr'>sine</span> <span class='ocrx_word' id='word_1_530' title='bbox 1792 2555 1923 2584; x_wconf 91' lang='lat' dir='ltr'>nostro</span> <span class='ocrx_word' id='word_1_531' title='bbox 1939 2547 2091 2585; x_wconf 91' lang='lat' dir='ltr'>arbitrio</span> <span class='ocrx_word' id='word_1_532' title='bbox 2106 2547 2375 2585; x_wconf 88' lang='lat' dir='ltr'>consentiente.</span> 
     </span>
    </p>

    <p class='ocr_par' dir='ltr' id='par_1_34' title="bbox 1316 2600 2378 2755">
     <span class='ocr_line' id='line_1_100' title="bbox 1371 2600 2378 2649; baseline -0.001 -11"><span class='ocrx_word' id='word_1_533' title='bbox 1371 2603 1428 2638; x_wconf 84' lang='lat' dir='ltr'>AD</span> <span class='ocrx_word' id='word_1_534' title='bbox 1456 2613 1646 2638; x_wconf 77' lang='lat' dir='ltr'>SECUNDUM</span> <span class='ocrx_word' id='word_1_535' title='bbox 1678 2613 1859 2638; x_wconf 84' lang='lat' dir='ltr'><strong>DICENDUM</strong></span> <span class='ocrx_word' id='word_1_536' title='bbox 1892 2601 1999 2649; x_wconf 94' lang='lat' dir='ltr'>quod</span> <span class='ocrx_word' id='word_1_537' title='bbox 2027 2601 2144 2637; x_wconf 89' lang='lat' dir='ltr'>Beata</span> <span class='ocrx_word' id='word_1_538' title='bbox 2171 2600 2286 2648; x_wconf 90' lang='lat' dir='ltr'>Virgo</span> <span class='ocrx_word' id='word_1_539' title='bbox 2315 2613 2378 2637; x_wconf 85' lang='lat' dir='ltr'>ex-</span> 
     </span>
     <span class='ocr_line' id='line_1_101' title="bbox 1316 2652 2376 2704; baseline -0.001 -13"><span class='ocrx_word' id='word_1_540' title='bbox 1316 2666 1489 2704; x_wconf 87' lang='lat' dir='ltr'>pressam</span> <span class='ocrx_word' id='word_1_541' title='bbox 1508 2653 1628 2690; x_wconf 89' lang='lat' dir='ltr'>fidem</span> <span class='ocrx_word' id='word_1_542' title='bbox 1647 2653 1813 2690; x_wconf 90' lang='lat' dir='ltr'>habebat</span> <span class='ocrx_word' id='word_1_543' title='bbox 1832 2652 2100 2691; x_wconf 89' lang='lat' dir='ltr'>incarnationis</span> <span class='ocrx_word' id='word_1_544' title='bbox 2114 2653 2277 2690; x_wconf 87' lang='lat' dir='ltr'>suturae:</span> <span class='ocrx_word' id='word_1_545' title='bbox 2298 2654 2376 2700; x_wconf 87' lang='lat' dir='ltr'>sed,</span> 
     </span>
     <span class='ocr_line' id='line_1_102' title="bbox 1318 2705 2375 2755; baseline -0.002 -11"><span class='ocrx_word' id='word_1_546' title='bbox 1318 2719 1408 2744; x_wconf 92' lang='lat' dir='ltr'>cum</span> <span class='ocrx_word' id='word_1_547' title='bbox 1437 2714 1534 2744; x_wconf 90' lang='lat' dir='ltr'>esset</span> <span class='ocrx_word' id='word_1_548' title='bbox 1561 2706 1726 2753; x_wconf 84' lang='lat' dir='ltr'>humilis,</span> <span class='ocrx_word' id='word_1_549' title='bbox 1756 2718 1835 2742; x_wconf 92' lang='lat' dir='ltr'>non</span> <span class='ocrx_word' id='word_1_550' title='bbox 1863 2713 1942 2742; x_wconf 89' lang='lat' dir='ltr'>tam</span> <span class='ocrx_word' id='word_1_551' title='bbox 1970 2707 2043 2742; x_wconf 87' lang='lat' dir='ltr'>alta</span> <span class='ocrx_word' id='word_1_552' title='bbox 2071 2706 2118 2742; x_wconf 93' lang='lat' dir='ltr'>de</span> <span class='ocrx_word' id='word_1_553' title='bbox 2138 2718 2177 2742; x_wconf 92' lang='lat' dir='ltr'>se</span> <span class='ocrx_word' id='word_1_554' title='bbox 2197 2705 2375 2755; x_wconf 89' lang='lat' dir='ltr'>sapiebat.</span> 
     </span>
    </p>

    <p class='ocr_par' dir='ltr' id='par_1_35' title="bbox 1316 2758 2092 2808">
     <span class='ocr_line' id='line_1_103' title="bbox 1316 2758 2092 2808; baseline -0.004 -11"><span class='ocrx_word' id='word_1_555' title='bbox 1316 2761 1365 2797; x_wconf 93' lang='lat' dir='ltr'>Et</span> <span class='ocrx_word' id='word_1_556' title='bbox 1392 2759 1480 2796; x_wconf 90' lang='lat' dir='ltr'>ideo</span> <span class='ocrx_word' id='word_1_557' title='bbox 1509 2771 1625 2808; x_wconf 87' lang='lat' dir='ltr'>super</span> <span class='ocrx_word' id='word_1_558' title='bbox 1652 2759 1728 2795; x_wconf 93' lang='lat' dir='ltr'>hoc</span> <span class='ocrx_word' id='word_1_559' title='bbox 1755 2766 1834 2796; x_wconf 91' lang='lat' dir='ltr'>erat</span> <span class='ocrx_word' id='word_1_560' title='bbox 1861 2758 2092 2795; x_wconf 90' lang='lat' dir='ltr'>instruenda.</span> 
     </span>
    </p>

    <p class='ocr_par' dir='ltr' id='par_1_36' title="bbox 1314 2810 2539 3174">
     <span class='ocr_line' id='line_1_104' title="bbox 1369 2810 2376 2859; baseline -0.002 -10"><span class='ocrx_word' id='word_1_561' title='bbox 1369 2813 1426 2849; x_wconf 85' lang='lat' dir='ltr'>AD</span> <span class='ocrx_word' id='word_1_562' title='bbox 1454 2824 1612 2849; x_wconf 72' lang='lat' dir='ltr'>TERTHJM</span> <span class='ocrx_word' id='word_1_563' title='bbox 1641 2823 1821 2848; x_wconf 80' lang='lat' dir='ltr'>DICENDUM</span> <span class='ocrx_word' id='word_1_564' title='bbox 1849 2811 1956 2859; x_wconf 92' lang='lat' dir='ltr'>quod</span> <span class='ocrx_word' id='word_1_565' title='bbox 1984 2810 2217 2859; x_wconf 86' lang='lat' dir='ltr'>spiritualem</span> <span class='ocrx_word' id='word_1_566' title='bbox 2241 2820 2376 2847; x_wconf 87' lang='lat' dir='ltr'>conce-</span> 
     </span>
     <span class='ocr_line' id='line_1_105' title="bbox 1316 2862 2376 2914; baseline -0.002 -13"><span class='ocrx_word' id='word_1_567' title='bbox 1316 2865 1489 2914; x_wconf 92' lang='lat' dir='ltr'>ptionem</span> <span class='ocrx_word' id='word_1_568' title='bbox 1519 2863 1674 2910; x_wconf 85' lang='lat' dir='ltr'>Christi,</span> <span class='ocrx_word' id='word_1_569' title='bbox 1712 2875 1811 2912; x_wconf 91' lang='lat' dir='ltr'>quae</span> <span class='ocrx_word' id='word_1_570' title='bbox 1841 2870 1895 2899; x_wconf 91' lang='lat' dir='ltr'>est</span> <span class='ocrx_word' id='word_1_571' title='bbox 1922 2875 1991 2911; x_wconf 90' lang='lat' dir='ltr'>per</span> <span class='ocrx_word' id='word_1_572' title='bbox 2017 2862 2156 2909; x_wconf 90' lang='lat' dir='ltr'>fidem,</span> <span class='ocrx_word' id='word_1_573' title='bbox 2185 2863 2376 2912; x_wconf 89' lang='lat' dir='ltr'>praecedit</span> 
     </span>
     <span class='ocr_line' id='line_1_106' title="bbox 1316 2914 2372 2965; baseline -0.002 -11"><span class='ocrx_word' id='word_1_574' title='bbox 1316 2916 1552 2954; x_wconf 89' lang='lat' dir='ltr'>annuntiatio</span> <span class='ocrx_word' id='word_1_575' title='bbox 1588 2928 1687 2965; x_wconf 92' lang='lat' dir='ltr'>quae</span> <span class='ocrx_word' id='word_1_576' title='bbox 1723 2923 1778 2952; x_wconf 91' lang='lat' dir='ltr'>est</span> <span class='ocrx_word' id='word_1_577' title='bbox 1811 2927 1881 2964; x_wconf 91' lang='lat' dir='ltr'>per</span> <span class='ocrx_word' id='word_1_578' title='bbox 1913 2914 2004 2952; x_wconf 91' lang='lat' dir='ltr'>fidei</span> <span class='ocrx_word' id='word_1_579' title='bbox 2031 2914 2372 2964; x_wconf 89' lang='lat' dir='ltr'>praedicationem:</span> 
     </span>
     <span class='ocr_line' id='line_1_107' title="bbox 1316 2967 2375 3017; baseline -0.003 -10"><span class='ocrx_word' id='word_1_580' title='bbox 1316 2970 1531 3007; x_wconf 90' lang='lat' dir='ltr'>secundum</span> <span class='ocrx_word' id='word_1_581' title='bbox 1567 2968 1674 3017; x_wconf 92' lang='lat' dir='ltr'>quod</span> <span class='ocrx_word' id='word_1_582' title='bbox 1697 2968 1798 3016; x_wconf 87' lang='lat' dir='ltr'>fides</span> <span class='ocrx_word' id='word_1_583' title='bbox 1832 2973 1882 3004; x_wconf 87' lang='lat' dir='ltr'>est</span> <span class='ocrx_word' id='word_1_584' title='bbox 1915 2979 1965 3004; x_wconf 89' lang='lat' dir='ltr'>ex</span> <span class='ocrx_word' id='word_1_585' title='bbox 1991 2968 2135 3014; x_wconf 87' lang='lat' dir='ltr'>auditu,</span> <span class='ocrx_word' id='word_1_586' title='bbox 2170 2975 2212 3004; x_wconf 89' lang='lat' dir='ltr'>ut</span> <span class='ocrx_word' id='word_1_587' title='bbox 2239 2967 2375 3005; x_wconf 88' lang='lat' dir='ltr'>dicitur</span> 
     </span>
     <span class='ocr_line' id='line_1_108' title="bbox 1314 3019 2539 3070; baseline -0.002 -11"><span class='ocrx_word' id='word_1_588' title='bbox 1314 3024 1425 3060; x_wconf 87' lang='lat' dir='ltr'>Rom.</span> <span class='ocrx_word' id='word_1_589' title='bbox 1446 3034 1470 3058; x_wconf 88' lang='lat' dir='ltr'>x</span> <span class='ocrx_word' id='word_1_590' title='bbox 1487 3021 1518 3057; x_wconf 69' lang='lat'>²¹².</span> <span class='ocrx_word' id='word_1_591' title='bbox 1557 3021 1641 3057; x_wconf 93' lang='lat' dir='ltr'>Nec</span> <span class='ocrx_word' id='word_1_592' title='bbox 1674 3027 1803 3057; x_wconf 88' lang='lat' dir='ltr'>tamen</span> <span class='ocrx_word' id='word_1_593' title='bbox 1834 3027 1990 3069; x_wconf 88' lang='lat' dir='ltr'>propter</span> <span class='ocrx_word' id='word_1_594' title='bbox 2024 3020 2099 3056; x_wconf 90' lang='lat' dir='ltr'>hoc</span> <span class='ocrx_word' id='word_1_595' title='bbox 2133 3019 2268 3069; x_wconf 92' lang='lat' dir='ltr'>aliquis</span> <span class='ocrx_word' id='word_1_596' title='bbox 2302 3032 2373 3070; x_wconf 94' lang='lat' dir='ltr'>pro</span> <span class='ocrx_word' id='word_1_597' title='bbox 2401 3025 2411 3035; x_wconf 79' lang='lat'>⁸</span> <span class='ocrx_word' id='word_1_598' title='bbox 2425 3023 2491 3047; x_wconf 64' lang='lat' dir='ltr'>Vm·</span> <span class='ocrx_word' id='word_1_599' title='bbox 2507 3031 2539 3053; x_wconf 90' lang='lat'>¹7·</span> 
     </span>
     <span class='ocr_line' id='line_1_109' title="bbox 1316 3071 2373 3120; baseline -0.001 -9"><span class='ocrx_word' id='word_1_600' title='bbox 1316 3082 1418 3112; x_wconf 89' lang='lat' dir='ltr'>certo</span> <span class='ocrx_word' id='word_1_601' title='bbox 1446 3073 1513 3110; x_wconf 92' lang='lat' dir='ltr'>scit</span> <span class='ocrx_word' id='word_1_602' title='bbox 1541 3085 1580 3109; x_wconf 92' lang='lat' dir='ltr'>se</span> <span class='ocrx_word' id='word_1_603' title='bbox 1607 3071 1765 3120; x_wconf 89' lang='lat' dir='ltr'>gratiam</span> <span class='ocrx_word' id='word_1_604' title='bbox 1793 3072 1951 3109; x_wconf 88' lang='lat' dir='ltr'>habere:</span> <span class='ocrx_word' id='word_1_605' title='bbox 1981 3072 2048 3109; x_wconf 90' lang='lat' dir='ltr'>sed</span> <span class='ocrx_word' id='word_1_606' title='bbox 2076 3072 2143 3109; x_wconf 89' lang='lat' dir='ltr'>scit</span> <span class='ocrx_word' id='word_1_607' title='bbox 2169 3084 2302 3109; x_wconf 85' lang='lat' dir='ltr'>veram</span> <span class='ocrx_word' id='word_1_608' title='bbox 2329 3072 2373 3110; x_wconf 89' lang='lat' dir='ltr'>fi-</span> 
     </span>
     <span class='ocr_line' id='line_1_110' title="bbox 1315 3124 1835 3174; baseline -0.008 -10"><span class='ocrx_word' id='word_1_609' title='bbox 1315 3128 1405 3164; x_wconf 91' lang='lat' dir='ltr'>dem</span> <span class='ocrx_word' id='word_1_610' title='bbox 1434 3137 1515 3162; x_wconf 91' lang='lat' dir='ltr'>esse</span> <span class='ocrx_word' id='word_1_611' title='bbox 1544 3137 1663 3174; x_wconf 88' lang='lat' dir='ltr'>quarn</span> <span class='ocrx_word' id='word_1_612' title='bbox 1691 3124 1835 3173; x_wconf 89' lang='lat' dir='ltr'>accipit.</span> 
     </span>
    </p>
   </div>
   <div class='ocr_carea' id='block_1_26' title="bbox 1367 3262 2224 3334">
    <p class='ocr_par' dir='ltr' id='par_1_37' title="bbox 1367 3262 2224 3334">
     <span class='ocr_line' id='line_1_111' title="bbox 1369 3262 2095 3296; baseline -0.001 -8"><span class='ocrx_word' id='word_1_613' title='bbox 1369 3263 1383 3296; x_wconf 85' lang='grc' dir='ltr'>β</span> <span class='ocrx_word' id='word_1_614' title='bbox 1414 3264 1460 3288; x_wconf 82' lang='lat' dir='ltr'>eis.</span> <span class='ocrx_word' id='word_1_615' title='bbox 1478 3278 1496 3282; x_wconf 85' lang='lat'>—</span> <span class='ocrx_word' id='word_1_616' title='bbox 1515 3263 1575 3288; x_wconf 90' lang='lat' dir='ltr'>Om.</span> <span class='ocrx_word' id='word_1_617' title='bbox 1595 3263 1648 3294; x_wconf 87' lang='lat' dir='ltr'>PH,</span> <span class='ocrx_word' id='word_1_618' title='bbox 1668 3268 1728 3295; x_wconf 85' lang='lat' dir='ltr'>post</span> <span class='ocrx_word' id='word_1_619' title='bbox 1746 3270 1798 3288; x_wconf 86' lang='lat' dir='ltr'>non</span> <span class='ocrx_word' id='word_1_620' title='bbox 1821 3262 1894 3296; x_wconf 88' lang='lat' dir='ltr'>ponit</span> <span class='ocrx_word' id='word_1_621' title='bbox 1912 3268 1996 3288; x_wconf 85' lang='lat' dir='ltr'>cetera</span> <span class='ocrx_word' id='word_1_622' title='bbox 2014 3263 2095 3288; x_wconf 82' lang='lat' dir='ltr'>tertia.</span> 
     </span>
     <span class='ocr_line' id='line_1_112' title="bbox 1367 3263 2224 3334; baseline -0.001 -11"><span class='ocrx_word' id='word_1_623' title='bbox 1367 3263 1395 3334; x_wconf 56' lang='lat'>73</span> <span class='ocrx_word' id='word_1_624' title='bbox 1414 3299 1598 3331; x_wconf 83' lang='lat' dir='ltr'>expetebatur.</span> <span class='ocrx_word' id='word_1_625' title='bbox 1615 3313 1635 3317; x_wconf 98' lang='lat'><em>-</em></span> <span class='ocrx_word' id='word_1_626' title='bbox 1653 3299 1843 3330; x_wconf 81' lang='lat' dir='ltr'>expectebatur</span> <span class='ocrx_word' id='word_1_627' title='bbox 1861 3298 1912 3331; x_wconf 86' lang='lat' dir='ltr'>pG‚</span> <span class='ocrx_word' id='word_1_628' title='bbox 1929 3298 2123 3330; x_wconf 80' lang='lat' dir='ltr'>expectabatur</span> <span class='ocrx_word' id='word_1_629' title='bbox 2140 3298 2224 3323; x_wconf 86' lang='lat' dir='ltr'>PHbc.</span> 
     </span>
    </p>
   </div>
   <div class='ocr_carea' id='block_1_27' title="bbox 2410 2076 2622 2104">
    <p class='ocr_par' dir='ltr' id='par_1_38' title="bbox 2410 2076 2622 2104">
     <span class='ocr_line' id='line_1_113' title="bbox 2410 2076 2622 2104; baseline 0.005 -7"><span class='ocrx_word' id='word_1_630' title='bbox 2410 2076 2480 2097; x_wconf 82' lang='lat' dir='ltr'>⁸Luc.</span> <span class='ocrx_word' id='word_1_631' title='bbox 2487 2082 2622 2104; x_wconf 51' lang='lat' dir='ltr'>capanea.</span> 
     </span>
    </p>
   </div>
  </div>
 </body>
</html>
