2872 3970
979 290 1240 336 QUAESTIO
1269 291 1388 338 XVII,
1422 291 1712 329 ARTICULUS
1741 293 1755 329 I
2377 302 2446 327 221

955 427 1287 460 Commentario.
1310 427 1559 461 Cardjnalis
1581 429 1780 462 Caietam

312 541 333 561 n
352 531 456 567 titulo,
480 529 542 570 fige
558 531 670 560 oculos
685 530 800 560 mentis
816 530 849 560 in
863 536 1014 560 neutrum
1033 540 1144 570 genus,
1161 541 1236 562 cum
1254 532 1340 571 legis,

287 542 362 604 IAn
389 574 535 604 Christus
556 574 599 604 sit
618 583 717 604 unum
733 574 783 604 vel
797 573 882 604 duo:
904 575 947 604 ita
970 574 1059 614 quod
1074 575 1106 615 ly
1126 575 1189 605 duo
1213 576 1246 605 in
1262 585 1341 606 neu-

281 623 331 649 tro
356 619 451 648 etiam
472 626 589 658 genere
611 618 762 654 sumitur;
787 623 819 648 et
832 618 958 654 merito,
975 624 1011 648 ut
1026 618 1143 649 directe
1159 625 1341 659 opponatur

281 661 322 693 ad
343 662 376 702 ly
392 671 502 692 unum.
525 662 594 691 Nec
610 660 773 692 addendus
789 666 836 692 est
858 661 971 701 aliquis
987 662 1066 692 alius
1081 664 1243 698 termium,
1263 668 1340 702 puta

281 714 346 743 ens,
370 715 411 735 an
433 705 554 735 scilicet
571 705 614 741 sit
637 715 736 735 unum
752 715 817 740 ens,
841 705 892 735 vel
907 705 971 736 duo
988 706 1092 736 entia:
1114 706 1170 737 sed
1185 707 1338 743 absolute,

278 754 446 785 ut‘sonat,
474 748 675 779 discutienda
697 754 745 779 est
767 749 912 789 quaestio
943 759 983 780 an
1007 749 1152 780 Christus
1175 751 1214 781 sit
1236 760 1339 781 unum

82 780 105 804 ἶ
151 797 252 828 ,lna-od.
275 792 333 825 ’ed
353 791 430 824 due.
453 792 506 825 Sic
530 792 616 823 enirn
638 793 814 832 promissus
829 793 845 810 ⁴*
867 798 1037 834 rectusque
1061 794 1141 824 ordo
1165 794 1204 824 de
1227 804 1339 824 conse-

277 836 452 878 quentibus
473 836 698 867 incarnationis
714 837 901 877 mysterium
917 842 1066 874 servatur,
1087 838 1174 874 dum,
1192 838 1338 868 discussis

278 880 328 912 his
348 889 433 921 quae
456 879 496 910 ad
515 880 679 911 veritatem
699 890 766 911 esse
781 880 832 910 vel
847 880 916 911 fieri
931 887 1074 921 spectant
1089 882 1122 912 in
1137 881 1338 922 praecedenti

279 924 477 967 quaestione,
500 924 534 954 in
556 923 616 954 hac
638 925 751 954 veritas
773 924 951 964 indaganda
966 931 1013 955 est
1033 935 1146 956 eorum
1170 935 1252 966 quae
1268 935 1338 966 spe-

278 973 366 1005 etant
387 966 429 998 ad
448 967 621 998 unitatem:
645 967 727 998 inter
746 977 828 1007 quae
852 974 975 1009 constat
997 970 1136 1009 primum
1159 970 1269 1000 locum
1293 975 1338 1000 te-

276 1020 355 1042 nere
376 1012 532 1042 unitatem
554 1017 610 1041 aut
632 1011 815 1042 dualitatem
846 1012 1030 1052 simpliciter
1056 1018 1087 1043 et
1113 1014 1275 1049 absolute,
1308 1019 1339 1044 et

276 1054 393 1087 ddnde
414 1055 571 1099 unitatem
592 1055 643 1085 vel
666 1055 849 1087 dualitatem
871 1056 977 1087 talem.
1001 1057 1058 1087 Est
1075 1057 1170 1097 igitur
1193 1058 1337 1097 quaestio

276 1099 313 1131 in
333 1099 398 1130 hoc
420 1099 564 1135 articulo,
587 1109 628 1129 an
652 1099 796 1130 Christus
819 1101 859 1130 sit
880 1110 984 1131 unum
1006 1101 1057 1131 vel
1073 1100 1138 1131 duo
1155 1101 1338 1142 simpliciter

279 1147 311 1174 et
333 1143 487 1180 absolute,
511 1143 579 1175 sine
603 1142 865 1174 determinatione
889 1144 1004 1184 aliqua.

330 1185 372 1218 11.
395 1186 431 1217 In
447 1195 582 1227 corpore
598 1186 664 1217 duo
680 1186 778 1218 fiunt:
802 1189 918 1227 primo,
934 1188 1145 1228 respondetur
1160 1188 1337 1219 secundum

279 1229 358 1271 quid
378 1230 556 1262 attendatur
579 1239 647 1261 esse
669 1240 773 1261 unum
795 1231 846 1262 vel
869 1231 934 1262 duo
958 1233 991 1262 in
1015 1231 1159 1268 Christo;
1183 1232 1336 1267 secundm

276 1274 488 1315 respondetur
510 1273 717 1305 determinate
740 1275 884 1315 quaesito
907 1276 1002 1306 unica
1025 1276 1232 1307 conclusione
1248 1278 1274 1307 ’ἦ

333 1317 452 1356 Quoad
465 1319 617 1359 primum,
631 1319 798 1350 conclusio
815 1325 862 1350 est
872 1319 938 1350 illa:
954 1319 1101 1351 Christus
1116 1325 1163 1351 est
1178 1330 1277 1350 unum
1289 1321 1339 1351 vel

272 1362 354 1398 duo,
377 1372 443 1394 non
466 1362 641 1394 secundum
663 1362 852 1394 dualitatem
875 1368 1078 1400 naturarum,
1094 1364 1151 1394 sed
1164 1364 1338 1395 secundum

276 1406 432 1439 unitatem
454 1407 505 1438 vel
526 1407 714 1438 dualitatem
736 1407 892 1447 suppositi
913 1418 970 1438 seu
987 1417 1159 1448 personae.
1183 1408 1338 1439 Probatur

278 1450 444 1482 conclusio
459 1451 538 1482 haec
554 1450 662 1491 quoad
675 1451 812 1491 primam
826 1457 959 1492 partem.
976 1452 1060 1490 Quia
1075 1452 1114 1482 de
1127 1451 1254 1482 Christo
1270 1462 1337 1482 non

276 1493 498 1534 praedicantur
513 1495 624 1525 ambae
639 1500 769 1526 naturae
785 1495 818 1525 in
833 1496 999 1532 abstracto,
1016 1495 1071 1526 sed
1087 1496 1182 1526 altera
1202 1501 1336 1532 tantum,

274 1538 398 1569 seilicet
419 1537 534 1569 divina.
565 1538 665 1576 Quod
687 1540 840 1579 probatur
865 1549 903 1570 ex
926 1539 1100 1570 differentia
1126 1540 1208 1570 inter
1230 1540 1337 1571 Deum

278 1587 311 1613 et
331 1582 393 1613 alia
417 1582 451 1613 in
472 1582 553 1619 hoc,
582 1581 672 1623 quod
699 1583 734 1614 in
761 1583 831 1614 solo
858 1583 929 1614 Deo
959 1589 1070 1614 natura
1099 1583 1276 1614 secundum
1303 1594 1337 1615 se

276 1625 476 1667 praedicatur
498 1626 538 1658 de
560 1627 738 1667 supposito.
773 1627 859 1658 Hinc
882 1628 968 1658 enim
994 1628 1137 1668 sequitur
1167 1627 1256 1667 quod
1278 1629 1337 1658 hu-

278 1679 374 1701 mana
394 1675 506 1701 natura
528 1680 596 1702 non
617 1670 815 1710 praedicatur
831 1670 870 1701 de
886 1671 1023 1702 Christo.
1046 1689 1070 1694 -
1092 1671 1209 1709 Quoad
1224 1682 1337 1703 secun-

279 1713 352 1744 dam
374 1723 451 1745 vero
480 1720 619 1754 partem:
650 1715 726 1754 quia
752 1715 863 1745 ambae
892 1721 1022 1746 naturae
1049 1721 1085 1746 ut
1113 1716 1147 1745 iu
1170 1717 1337 1756 supposito

277 1757 500 1798 praedicantur
528 1758 567 1789 de
591 1758 735 1795 Christo,
766 1759 831 1789 sive
861 1759 1077 1799 significentur
1107 1760 1140 1789 in
1170 1760 1337 1800 supposito

277 1801 520 1832 indeterminate
543 1803 607 1833 sive
630 1802 846 1833 determinate.

334 1845 386 1877 111.
410 1846 480 1877 Ubi'
495 1851 573 1876 nota
599 1846 704 1886 quod,
734 1847 809 1877 licet
838 1846 1049 1878 diversimode
1079 1847 1180 1886 possit
1209 1846 1339 1878 formari

276 1889 358 1922 haec
378 1890 482 1930 prima
502 1899 575 1930 pars
591 1891 734 1930 corporis
750 1890 891 1927 arficuli3
914 1896 1002 1930 puta,
1025 1891 1258 1930 praemittendo
1279 1891 1338 1921 dif-

278 1932 434 1965 ferentem
455 1933 674 1965 habitudinem
698 1934 816 1964 Christi
838 1934 878 1965 ad
892 1940 1019 1965 naturas
1035 1934 1212 1965 secundum
1228 1944 1271 1971 se,
1287 1935 1339 1965 vel

278 1982 316 2008 ut
336 1978 371 2008 in
393 1978 562 2018 supposito
589 1977 797 2018 significatas,
830 1983 861 2008 et
890 1978 1057 2010 subdendo
1088 1978 1339 2009 conditionalem

277 2030 475 2062 processum,
498 2022 535 2052 Si
549 2022 661 2052 ambae
676 2027 814 2053 naturae
830 2027 907 2053 etc.:
931 2023 978 2052 vis
992 2027 1101 2052 tamen
1116 2022 1245 2052 rationis
1261 2032 1339 2053 con-

274 2065 359 2096 sistit
379 2066 414 2096 in
435 2066 510 2096 hoc.
532 2065 584 2096 Ad
599 2075 668 2097 esse
683 2065 749 2096 duo
766 2067 900 2106 exigitur
915 2066 1005 2106 quod
1020 2066 1164 2097 Christus
1180 2067 1219 2096 sit
1234 2067 1340 2106 aliqua

277 2108 458 2150 praedicata
479 2110 632 2150 ponentia
653 2110 687 2140 in
709 2120 891 2141 numerum.
915 2110 1023 2141 Deitas
1042 2115 1151 2140 autem
1173 2116 1205 2140 et
1226 2111 1339 2141 huma-

277 2154 360 2184 nitas
381 2159 510 2194 ponunt
531 2154 565 2184 in
587 2163 775 2185 numerum:
807 2159 881 2184 sunt
909 2155 994 2185 enirn
1020 2153 1102 2185 duae
1124 2159 1264 2184 naturae.
1299 2154 1340 2184 Et

256 2203 259 2207 ’
278 2196 364 2233 ideo,
387 2198 414 2228 si
437 2197 581 2228 Christus
605 2203 687 2228 esset
709 2207 766 2228 sua
786 2198 976 2234 humanitas,
1000 2199 1082 2229 sicut
1097 2203 1144 2228 est
1159 2207 1215 2228 sua
1231 2197 1338 2234 deitas,

279 2239 425 2272 Christus
439 2251 514 2272 vere
537 2247 619 2272 esset
640 2241 716 2272 duo.
741 2241 782 2272 Et
795 2242 860 2272 hoc
876 2247 923 2272 est
946 2241 1035 2282 quod
1050 2242 1084 2272 in
1098 2242 1200 2272 littera
1216 2241 1338 2278 dicitur,

278 2283 386 2326 quod,
417 2286 492 2326 quia
515 2295 668 2316 numerus
689 2285 857 2316 dualitatis
879 2285 912 2316 in
939 2286 1066 2316 Christo
1085 2286 1223 2326 ponitur
1253 2285 1340 2316 circa

280 2328 367 2370 ipsas
389 2333 534 2366 naturas,
552 2329 634 2366 ideo,
655 2330 684 2360 si
705 2330 818 2360 ambae
841 2334 979 2360 naturae
994 2334 1053 2360 etc.
1079 2329 1141 2360 Sed
1163 2329 1341 2370 praedicata

238 2403 244 2406 ,
271 2381 363 2413 -quae
383 2383 458 2404 vere
481 2373 676 2404 affirmantur
698 2373 738 2404 de
762 2373 908 2410 Christo,
931 2383 1000 2404 non
1022 2378 1149 2413 ponunt
1170 2373 1204 2404 in
1226 2383 1359 2416 nume--

279 2426 362 2448 rum.
385 2417 474 2448 Deus
497 2418 583 2448 enim
606 2423 638 2448 et
659 2418 760 2448 homo
783 2418 818 2448 in
841 2417 968 2448 Christo
991 2427 1059 2448 non
1081 2422 1209 2457 ponunt
1231 2417 1264 2447 in
1279 2427 1340 2448 nu-

277 2470 423 2492 merum:
446 2471 515 2492 non
537 2461 624 2492 enim
646 2467 720 2492 sunt
743 2461 808 2492 duo
831 2462 980 2492 habentia
1003 2461 1151 2492 deitatem
1175 2466 1206 2491 et
1227 2461 1340 2492 huma-

280 2505 429 2542 nitatem,
458 2505 514 2536 sed
536 2515 639 2546 unum
662 2511 694 2536 et
715 2504 802 2535 idem
824 2515 960 2536 numero
985 2511 1030 2535 est
1052 2505 1171 2535 habens
1193 2505 1340 2535 humani-

279 2553 379 2580 tatem
401 2553 433 2580 et
453 2549 574 2580 habens
597 2549 803 2580 divinitatem.
827 2549 868 2579 Et
883 2549 1025 2579 similiter
1039 2549 1138 2579 Filius
1154 2549 1214 2579 Dei
1239 2554 1269 2579 et
1289 2549 1341 2580 hic

278 2593 387 2629 homo,
410 2602 468 2624 seu
490 2593 586 2630 Iesus,
610 2603 679 2624 non
700 2599 829 2634 ponunt
850 2594 884 2623 in
906 2602 1095 2624 numerum:
1119 2597 1156 2623 ut
1177 2598 1272 2633 patet.

336 2636 373 2668 In
394 2637 458 2668 hoc
481 2635 625 2668 consistit
646 2642 715 2668 tota
735 2638 782 2668 vis
805 2638 900 2668 huius
923 2637 1054 2668 articuli.
1079 2637 1120 2667 Et
1143 2637 1176 2667 in
1194 2637 1254 2668 hac
1270 2638 1340 2677 qui-

279 2680 356 2712 dem
377 2682 480 2721 prima
501 2687 590 2722 parte
613 2682 756 2722 corporis
780 2681 946 2712 devenitur
968 2690 1071 2721 usque
1087 2680 1126 2711 ad
1141 2681 1214 2717 hoc,
1240 2681 1339 2721 quod,

280 2725 309 2756 si
321 2731 434 2756 natura
447 2730 582 2766 utraque
605 2722 837 2766 praedicaretur
853 2725 891 2755 de
908 2724 1046 2761 Christo,
1071 2730 1151 2756 esset
1167 2724 1232 2755 duo
1249 2725 1340 2756 Chri-

279 2773 366 2800 stus:
397 2770 473 2810 quia
498 2775 629 2800 naturae
658 2775 786 2810 ponunt
811 2770 845 2800 in
867 2779 1048 2799 numerum.
1084 2769 1146 2800 Sed
1169 2770 1244 2809 quia
1272 2779 1341 2799 non

279 2812 488 2854 praedicatur,
512 2823 580 2844 non
603 2813 768 2844 constituit
791 2813 954 2844 Christum
978 2813 1054 2844 duo.
1090 2814 1131 2844 Et
1154 2813 1228 2853 quia
1250 2823 1340 2853 prae-

280 2855 403 2888 dicatur
422 2862 459 2888 ut
478 2857 512 2887 in
527 2858 705 2898 supposito,
729 2856 803 2888 ideo
818 2856 996 2888 secundum
1012 2857 1168 2888 rationem
1184 2857 1341 2897 suppositi

276 2901 438 2932 numerati
459 2901 511 2932 vel
537 2911 606 2932 non
626 2901 801 2938 numerati,
825 2900 978 2932 dicendus
1001 2906 1048 2931 est
1071 2901 1215 2932 Christus
1237 2910 1340 2931 unum

279 2943 333 2976 vel
351 2943 432 2976 duo.

332 2988 388 3020 IV.
403 2989 468 3020 Ubi
483 2989 621 3020 occurrit
635 2988 753 3030 duplex
768 2989 913 3020 dubium.
929 2988 1072 3019 Primum
1085 2994 1132 3019 est
1147 2989 1229 3019 circa
1243 2988 1339 3019 illud:

279 3031 321 3063 In
352 3033 423 3064 solo
454 3033 526 3063 Deo
558 3038 677 3064 natura
704 3033 918 3074 praedicatur
951 3032 990 3063 de
1024 3033 1197 3073 supposito.
1236 3032 1341 3062 Habet

282 3077 370 3108 enim
390 3077 581 3113 instantiam,
606 3077 681 3117 quia
695 3077 729 3107 in
744 3077 862 3117 angelis
885 3076 1088 3116 suppositum
1109 3086 1177 3109 non
1198 3075 1301 3106 differt
1323 3086 1341 3106 a

280 3125 402 3151 natura.

337 3163 483 3195 Alterum
515 3170 562 3195 est
593 3165 675 3195 circa
705 3173 892 3204 processum
926 3164 1046 3194 litterae
1080 3162 1339 3194 conditionalem.

273 3207 447 3246 *Quoniam
467 3207 614 3249 procedit
636 3218 655 3238 a
678 3207 892 3239 destructione
908 3207 1137 3238 antecedentis:
1162 3207 1252 3247 quod
1273 3216 1341 3237 non

1395 532 1478 563 licet.
1502 533 1556 563 Ait
1579 534 1681 564 enim:
1706 534 1741 564 Si
1764 534 1874 564 ambae
1895 540 2031 564 naturae
2055 535 2086 564 in
2103 535 2261 565 abstracto
2280 536 2450 575 praedica-

1395 582 1509 607 rentur
1523 577 1562 607 de
1580 578 1716 614 Christo,
1733 584 1918 618 sequeretur
1933 579 2018 618 quod
2036 579 2180 609 Christus
2196 584 2275 609 esset
2290 579 2363 609 duo.
2388 580 2451 610 Sed

1393 621 1470 660 quia
1493 620 1576 651 duae
1598 626 1736 651 naturae
1759 631 1822 651 non
1842 622 2086 662 praedicantur,
2104 628 2162 652 etc.

1447 664 1499 694 Ad
1524 665 1664 704 primum
1689 665 1779 695 facile
1801 671 1887 705 patet
1909 667 2092 705 responsio:
2119 667 2216 706 quod,
2243 667 2315 706 quia
2341 667 2448 706 aliquo

1393 707 1492 737 modo
1517 708 1619 738 differt
1641 709 1843 748 suppositum
1860 719 1878 739 a
1908 715 2018 739 natura
2040 710 2073 740 in
2097 711 2223 749 angelis,
2249 711 2392 750 quamvis
2415 711 2449 740 in

1392 751 1452 781 illis
1465 761 1532 782 non
1549 751 1669 782 differat
1684 752 1884 783 individuum
1901 763 1919 782 a
1933 759 2053 789 natura,
2066 753 2138 783 ideo
2155 754 2255 784 solida
2267 759 2326 784 stat
2337 754 2447 784 littera.

1446 795 1498 825 Ad
1521 795 1698 826 secundum
1721 796 1834 826 dicitur
1858 796 1956 836 quod,
1981 798 2056 837 quia
2075 798 2108 827 in
2123 798 2258 837 propriis
2282 807 2449 837 argumen-

1392 844 1462 868 tum
1484 849 1503 869 a
1526 839 1738 870 destructione
1762 840 1974 870 antecedentis
1997 851 2064 871 non
2081 846 2126 871 est
2141 842 2346 881 prohibitum,
2363 840 2447 877 ideo,

1393 892 1467 912 cum
1496 893 1533 913 ex
1556 884 1691 923 propriis
1718 884 1769 914 hic
1798 883 2003 924 procedatur,
2028 890 2062 915 ut
2088 891 2175 925 patet
2205 895 2242 915 ex
2269 884 2447 921 declaratis,

1392 927 1511 966 absque
1534 927 1611 957 vitio
1635 937 1821 966 processum
1845 933 1899 958 est.

1446 970 1484 1000 V.
1510 970 1628 1008 Quoad
1651 971 1822 1001 secundam
1841 977 1963 1011 partem
1986 973 2128 1012 corporis
2143 974 2170 1008 ’ξ
2195 972 2359 1002 conclusio
2384 978 2445 1002 est:

1395 1014 1540 1044 Christus
1563 1020 1610 1044 est
1634 1019 1666 1044 et
1691 1024 1774 1045 unus
1804 1020 1835 1045 et
1864 1025 1972 1045 unum.
2008 1015 2183 1046 Deducitur
2213 1017 2378 1046 conclusio
2410 1026 2448 1046 ex

1391 1059 1585 1097 praemissis,
1617 1059 1791 1088 subiunctis
1819 1059 1917 1089 tribus
1940 1059 2044 1089 modis
2068 1059 2192 1090 dicendi
2215 1059 2254 1090 de
2281 1061 2447 1099 supposito

1391 1110 1448 1131 seu
1470 1111 1606 1141 persona
1630 1101 1756 1132 Christi.
1779 1103 1902 1132 Primus
1927 1108 1972 1133 est
1995 1103 2168 1133 dicentium
2188 1104 2220 1133 in
2238 1103 2364 1134 Christo
2381 1103 2446 1133 duo

1391 1146 1556 1185 supposita
1580 1151 1611 1175 et
1634 1155 1731 1175 unam
1753 1155 1936 1185 personam3
1968 1146 2126 1177 secundus
2150 1153 2196 1177 est
2219 1146 2391 1177 dicentium
2414 1147 2448 1177 in

1392 1188 1519 1218 Christo
1543 1188 1608 1219 duo
1633 1190 1797 1228 supposita
1813 1194 1843 1219 et
1859 1190 1935 1220 duas
1959 1199 2127 1229 personas3
2152 1191 2260 1220 tertius
2280 1196 2325 1220 est
2341 1191 2447 1221 dicen-

1391 1233 1472 1262 tium
1483 1233 1516 1262 in
1530 1232 1656 1262 Christo
1673 1242 1775 1262 unum
1791 1234 1993 1273 suppositum
2009 1239 2040 1263 et
2055 1243 2152 1264 unam
2168 1244 2346 1273 personam.
2358 1235 2448 1264 quta

1390 1277 1540 1316 primum,
1554 1276 1697 1306 Christus
1714 1282 1760 1306 est
1775 1277 1839 1306 duo
1855 1278 1888 1307 in
1904 1283 2017 1307 neutro
2033 1287 2158 1317 genere,
2176 1283 2206 1308 et
2222 1287 2314 1308 unus.
2326 1278 2448 1308 —quta

1391 1319 1585 1356 secundum,
1620 1320 1763 1350 Christus
1787 1326 1833 1350 est
1856 1321 1936 1355 duo,
1966 1326 2030 1351 tam
2053 1322 2234 1351 neutraliter
2261 1323 2447 1361 quam‘ma—

1391 1365 1568 1394 sculinez-
1591 1365 1679 1394 quta
1701 1365 1843 1400 tertium,
1869 1364 2011 1394 Christus
2035 1371 2081 1395 est
2104 1375 2202 1395 unum
2226 1371 2257 1395 et
2281 1375 2372 1395 unus.
2407 1365 2448 1395 Et

1391 1409 1466 1448 quia
1489 1409 1597 1440 tertius
1621 1407 1736 1438 modus
1760 1409 1847 1438 solus
1870 1414 1916 1438 est
1939 1410 2093 1438 sententia
2110 1408 2194 1445 fidei,
2218 1408 2291 1439 ideo
2316 1409 2447 1439 conclu-

1391 1451 1474 1482 ditur
1498 1451 1586 1492 quod
1611 1452 1757 1482 Christus
1780 1457 1826 1482 est
1849 1462 1947 1482 unum
1970 1457 2001 1482 et
2023 1462 2116 1484 unus.

1445 1496 1497 1526 VI.
1522 1496 1558 1526 In
1580 1497 1787 1536 responsione
1810 1495 1849 1526 ad
1872 1497 2009 1532 tertium,
2033 1496 2167 1532 adverte,
2184 1496 2322 1532 Novitie,
2346 1495 2445 1536 quod,

1391 1549 1465 1570 curn
1488 1541 1521 1569 in
1544 1539 1651 1570 medio
1675 1540 1890 1579 responsionis
1913 1539 2043 1576 dicitur,
2073 1541 2148 1570 Non
2176 1545 2280 1570 tamen
2303 1540 2448 1580 sequitur

1386 1584 1476 1624 quod
1498 1584 1540 1614 sit
1562 1584 1684 1624 aliquid
1706 1583 1797 1614 aliud
1818 1594 1913 1624 quam
1936 1584 2048 1619 homo,
2065 1589 2141 1620 etc.,
2172 1585 2230 1614 ista
2255 1583 2447 1614 adversativa

1390 1637 1458 1658 non
1480 1629 1606 1667 respicit
1629 1627 1668 1658 ad
1690 1628 1944 1668 propositionem
1973 1627 2154 1658 immediate
2177 1628 2313 1667 positam
2340 1628 2373 1657 in
2397 1627 2447 1657 lit-

1391 1677 1471 1701 tera:
1504 1671 1559 1702 sed
1588 1671 1627 1701 ad
1656 1672 1911 1711 propositionem
1942 1673 2120 1711 negativam
2150 1672 2183 1701 in
2210 1671 2371 1711 arguendo
2399 1680 2447 1701 as-

1392 1721 1561 1755 sumptam,
1586 1715 1713 1750 scilicet,
1740 1715 1885 1745 Christus
1908 1725 1972 1745 non
1990 1720 2036 1746 est
2058 1720 2181 1745 tantum
2196 1715 2301 1745 homo.
2325 1715 2448 1744 Auctor

1392 1758 1549 1799 siquidem
1572 1760 1606 1788 in
1628 1759 1687 1789 hac
1710 1759 1919 1798 responsione
1941 1759 2045 1798 primo
2062 1764 2215 1789 monstrat
2230 1760 2312 1789 hanc
2328 1767 2448 1788 assum-

1392 1808 1480 1843 ptam
1502 1803 1758 1842 propositionem
1782 1812 1848 1832 esse
1870 1812 1994 1838 veram,
2027 1802 2234 1832 monstrando
2258 1811 2348 1832 suam
2371 1811 2448 1832 con-

1391 1846 1604 1876 tradictoriam
1628 1846 1845 1876 affirmativam
1869 1855 1935 1876 esse
1951 1846 2071 1882 falsam,
2096 1846 2223 1882 scilicet,
2243 1846 2388 1876 Christus
2403 1851 2450 1875 est

1392 1895 1516 1920 tantum
1538 1890 1643 1925 homo,
1669 1890 1743 1930 quia
1765 1890 1942 1929 praedicata
1965 1895 2112 1920 tenentur
2132 1889 2314 1920 formaliter.
2338 1889 2379 1919 Et
2401 1890 2449 1919 in-

1392 1934 1541 1974 terponit,
1566 1933 1605 1964 ad
1628 1934 1803 1964 bonitatem
1827 1933 2003 1970 doctrinae,
2028 1934 2161 1973 qualiter
2184 1938 2291 1973 posset
2314 1932 2381 1963 fieri
2404 1932 2449 1963 af-

1393 1977 1547 2008 firmativa
1569 1987 1660 2008 vera:
1691 1978 1826 2013 scilicet,
1853 1978 1999 2008 Christus
2022 1983 2068 2008 est
2091 1982 2213 2008 tantum
2238 1977 2270 2010 id
2295 1977 2381 2017 quod
2404 1982 2451 2006 est

1392 2022 1497 2052 homo.
1522 2021 1645 2061 Deinde
1661 2021 1740 2052 redit
1756 2021 1795 2051 ad
1810 2021 2069 2061 respondendum
2090 2026 2287 2061 argumento.
2312 2021 2353 2050 Et
2375 2021 2450 2060 quia

1393 2066 1549 2096 concessit
1571 2065 1760 2096 antecedens
1783 2071 1992 2105 assumptum,
2009 2066 2136 2101 scilicet,
2155 2065 2300 2095 Christus
2323 2074 2387 2094 non
2404 2070 2452 2095 est

1392 2115 1516 2140 tantum
1538 2109 1643 2144 homo,
1667 2109 1839 2149 respondet
1863 2109 1902 2139 ad
1921 2110 2194 2149 consequentiam,
2217 2109 2310 2150 Ergo
2327 2114 2374 2138 est
2388 2109 2448 2138 ali-

1391 2153 1468 2194 quid
1490 2153 1581 2183 aliud
1603 2162 1698 2194 quam
1713 2154 1818 2188 homo,
1843 2153 1966 2183 dicens:
1991 2154 2066 2183 Non
2084 2158 2188 2183 tamen
2204 2153 2349 2193 sequitur
2363 2152 2450 2193 quod

1390 2198 1433 2228 sit
1455 2197 1578 2237 aliquid
1593 2197 1684 2227 aliud
1698 2206 1793 2238 quam
1808 2197 1913 2233 homo,
1928 2202 2003 2227 etc.:
2029 2197 2118 2236 quasi
2134 2196 2260 2227 dixerit:
2286 2197 2374 2226 Licet
2389 2205 2448 2226 an-

1392 2241 1535 2272 tecedens
1556 2241 1599 2271 sit
1621 2250 1740 2276 verum,
1764 2241 1892 2281 sequela
1916 2245 2020 2271 tamen
2045 2250 2110 2270 non
2135 2241 2227 2271 valet.

1446 2285 1513 2315 VII.
1538 2285 1574 2315 In
1596 2285 1804 2324 responsione
1828 2283 1867 2314 ad
1890 2290 2048 2324 quartum,
2072 2283 2154 2320 vide,
2178 2284 2323 2319 Novitie‚
2348 2283 2447 2323 quod,

1393 2339 1468 2360 cum
1490 2330 1524 2359 in
1546 2329 1648 2359 littera
1671 2328 1856 2359 conceditur
1879 2327 1968 2367 quod
1993 2328 2140 2358 Christus
2154 2332 2202 2358 est
2218 2327 2341 2368 aliquid
2363 2327 2449 2367 quod

1393 2383 1458 2404 non
1483 2378 1530 2403 est
1550 2373 1663 2408 Pater,
1680 2378 1757 2408 etc.,
1781 2381 1890 2402 sensus
1914 2377 1960 2402 est
1983 2371 2072 2411 quod
2097 2371 2243 2401 Christus
2266 2376 2313 2401 est
2333 2371 2446 2407 homo,

1392 2418 1455 2448 hoc
1479 2422 1534 2453 est,
1559 2417 1761 2456 suppositum
1783 2416 1941 2446 humanae
1964 2421 2103 2451 naturae,
2129 2415 2217 2454 quod
2240 2420 2287 2444 est
2309 2424 2376 2444 esse
2392 2414 2447 2444 ali-

1393 2460 1471 2502 quid
1494 2460 1583 2501 quod
1605 2470 1672 2490 non
1696 2465 1742 2490 est
1764 2460 1873 2495 Pater,
1905 2459 1979 2499 quia
2002 2464 2048 2489 est
2071 2468 2137 2489 esse
2161 2458 2383 2494 substantiam,
2411 2462 2448 2488 ut

1392 2505 1565 2536 substantia
1597 2504 1709 2534 dicitur
1738 2504 1932 2544 hypostasis,
1961 2512 2043 2542 quae
2070 2502 2241 2532 substantia
2270 2501 2447 2531 secundum

1392 2559 1460 2580 rem
1482 2549 1516 2579 in
1539 2548 1665 2579 Christo
1690 2553 1736 2578 est
1758 2548 1935 2588 hypostasis
1958 2547 2045 2582 Filii,
2076 2556 2157 2586 quae
2180 2555 2247 2576 non
2270 2551 2316 2575 est
2338 2545 2445 2589 Pater:

1394 2593 1538 2633 quamvis
1560 2602 1627 2622 non
1650 2591 1843 2631 significetur
1864 2591 1995 2621 nomine
2018 2590 2155 2620 hominis
2180 2590 2247 2629 ipsa
2269 2589 2447 2629 hypostasis

1393 2637 1464 2668 Filii
1488 2636 1643 2671 distincte,
1667 2635 1723 2666 sed
1745 2635 1934 2666 indistincte.
1965 2635 2050 2672 Quia
2072 2634 2165 2674 igitur
2189 2643 2225 2663 ex
2248 2633 2295 2663 his
2320 2632 2446 2663 duobus

1393 2681 1492 2717 dictis,
1520 2693 1534 2707 ‹
1556 2680 1702 2710 Christus
1717 2684 1764 2710 est
1778 2678 1901 2719 aliquid
1923 2678 2009 2719 quod
2031 2683 2077 2708 est
2097 2678 2194 2708 Pater
2212 2691 2239 2713 »,
2267 2690 2280 2703 «
2303 2676 2447 2707 Christus

1393 2730 1440 2756 est
1461 2724 1584 2765 aliquid
1606 2723 1692 2764 quod
1714 2733 1778 2754 non
1803 2728 1850 2753 est
1870 2723 1968 2753 Pater
1986 2736 2013 2758 »,
2037 2722 2116 2752 nihil
2131 2721 2215 2751 aliud
2233 2721 2364 2750 habetur
2386 2720 2447 2750 nisi

1394 2768 1483 2810 quod
1507 2767 1650 2799 Christus
1674 2772 1720 2797 est
1742 2767 1840 2797 deitas
1863 2771 1894 2796 et
1911 2766 2112 2806 suppositum
2128 2766 2285 2795 humanae
2299 2769 2445 2800 naturae;

1394 2819 1425 2844 et
1439 2813 1518 2842 haec
1533 2811 1609 2847 duo,
1623 2811 1741 2841 scilicet
1757 2810 1854 2841 deitas
1871 2815 1902 2840 et
1917 2810 2118 2849 suppositum
2133 2809 2290 2838 humanae
2305 2812 2445 2843 naturae,

1393 2858 1426 2887 in
1450 2856 1577 2887 Christo
1599 2865 1667 2885 non
1683 2860 1810 2894 ponunt
1831 2855 1865 2884 in
1886 2862 2067 2888 numerum,
2081 2853 2155 2892 quia
2171 2852 2371 2891 suppositum
2387 2851 2446 2881 hu-

1393 2909 1505 2932 manae
1534 2905 1664 2930 naturae
1686 2899 1719 2928 in
1744 2898 1870 2928 Christo
1895 2902 1941 2927 est
1962 2897 2059 2926 Filius
2086 2896 2162 2931 Dei,
2187 2895 2243 2935 qui
2265 2905 2331 2925 non
2355 2895 2447 2935 ponit

1392 2945 1427 2975 in
1449 2952 1620 2974 numerum
1643 2951 1718 2972 cum
1741 2941 1871 2972 deitate:
1895 2940 1968 2971 ideo
1992 2950 2059 2970 non
2078 2940 2220 2979 sequitur
2243 2938 2331 2979 quod
2355 2938 2446 2969 Chri-

1393 2994 1458 3018 stus
1481 2988 1520 3017 sit
1543 2986 1618 3017 duo.

1446 3030 1528 3061 VIII.
1552 3029 1700 3065 Attende‚
1723 3029 1780 3058 Vir
1802 3027 1906 3064 docte,
1931 3037 1968 3058 ex
1991 3028 2053 3057 hoe
2069 3026 2212 3062 articulo,
2237 3026 2354 3056 collato
2372 3035 2447 3056 cum

1394 3074 1526 3105 articulo
1542 3074 1634 3104 tertio
1653 3074 1685 3103 in
1702 3072 1950 3110 Quaestionibus
1965 3071 2138 3110 Disputatis
2153 3070 2192 3100 de
2211 3070 2336 3100 Unione
2356 3070 2447 3100 Verbi

1394 3117 1571 3153 Incarnati,
1589 3122 1744 3156 quantum
1760 3116 1864 3155 seipso
1881 3115 2005 3146 doctior
2021 3114 2114 3144 fuerit
2129 3115 2180 3144 hic
2196 3114 2327 3149 Auctor,
2345 3123 2446 3153 quan-

1393 3168 1463 3192 tum
1486 3161 1600 3191 distent
1622 3159 1828 3190 fundamenta
1851 3159 2012 3189 doctrinae
2034 3159 2129 3188 huius
2151 3159 2190 3188 ab
2208 3158 2286 3188 illis:
2310 3162 2346 3188 ut
2367 3158 2448 3187 scias

1394 3214 1525 3236 omnem
1548 3204 1766 3235 auctoritatem
1788 3203 1864 3233 huic
1887 3203 1976 3243 operi
1998 3201 2128 3236 deferre.

2476 973 2486 983 ·
2500 972 2537 995 Cf.
2551 978 2614 995 num.
2629 980 2657 996 ιι.
