2872 3970
213 845 222 854 ⁴
238 843 304 864 Vers.
321 848 351 870 13,
365 849 399 869 ¹4·

215 2095 223 2104 ⁸
238 2093 286 2120 Cap
310 2098 371 2114 xxxxx

217 2570 290 2591 ”Ira
291 2573 320 2590 c.t
344 2569 427 2596 XXIII

216 2603 279 2617 num.
294 2603 314 2624 5.

219 2935 227 2943 ·
244 2934 289 2955 Ver
326 2940 335 2961 5

244 3143 264 3163 V
305 3158 310 3163 .
325 3149 347 3170 9,
376 3149 390 3165 0

459 286 532 332 542

455 363 569 400 etiam
589 361 823 410 Augustinus
843 362 932 399 dicit
956 363 1063 411 quod
1084 361 1202 399 Filius
1231 369 1286 399 est
1304 375 1367 399 ars
1386 363 1518 398 Patris.

456 416 518 454 Sic
546 415 658 464 igitur
695 415 897 452 auctoritas
934 414 1129 452 iudicandi
1167 414 1383 452 attribuitur
1420 413 1521 451 Patri

1150 284 1414 331 QUAESTIO
1443 285 1546 332 LIX,
1575 285 1869 325 ARTICULUS
1895 286 1927 323 Π

1575 369 1637 398 tur
1664 361 1817 411 intelligi
1853 363 1959 412 quod
1989 363 2191 401 auctoritas
2219 364 2414 403 iudicandi
2449 373 2504 403 est
2531 366 2636 416 apud

1575 415 1749 463 Patrem,
1778 427 1801 452 a
1828 427 1908 464 quo
1945 416 2064 453 Filius
2101 417 2246 466 accepit
2277 423 2505 467 potestatem
2539 417 2636 456 iudi-

455 469 686 518 inquantum
722 476 776 504 est
803 468 1037 518 principium
1072 467 1176 513 Filii;
1214 467 1280 504 sed
1316 467 1399 516 ipsa
1426 466 1520 503 ratio
1575 467 1699 504 candi.

455 521 585 558 iudicii
613 521 830 558 attribuitur
857 521 975 567 Filio,
1005 520 1072 571 qui
1101 528 1157 557 est
1183 532 1244 558 ars
1272 527 1309 556 et
1337 518 1531 569 sapientia¹

455 574 591 611 Patris:
622 582 664 610 ut
692 573 842 615 scilicet,
863 572 959 610 sicut
979 574 1090 610 Pater
1108 572 1193 609 fecit
1221 571 1353 609 omnia
1372 584 1442 622 per
1459 571 1520 608 F'i-

454 627 549 664 lium
578 639 694 664 suum
722 626 953 676 inquantum
982 634 1037 663 est
1056 638 1116 663 ars
1136 625 1230 671 eius,
1251 625 1301 662 ita
1329 625 1445 662 etiam
1464 624 1520 662 iu-

455 680 554 716 dicat
573 685 591 707 ’¹
620 679 752 717 omnia
778 691 849 728 per
877 678 1019 716 Filium
1055 690 1172 715 suum
1205 678 1437 727 inquantum
1465 685 1521 714 est

454 732 638 782 sapientia
666 741 702 769 et
730 732 867 769 veritas
903 731 995 768 eius.
1035 732 1084 768 Et
1103 732 1178 767 hoc
1211 730 1444 778 significatur
1481 730 1521 768 in

454 786 624 832 Daniele,
645 785 713 822 ubi
732 785 859 834 primo
880 784 1017 821 dicitur
1036 784 1143 833 quod
1162 785 1345 833 Antiquus
1364 784 1521 820 Dierum

451 839 560 885 sedit,
592 846 627 875 et
653 845 786 887 postea
822 836 998 874 subditur
1016 837 1036 859 '¹‘
1064 837 1171 887 quod
1199 838 1315 874 Filius
1343 838 1521 874 Hominis

450 893 618 941 pervenit
646 903 759 940 usque
786 890 838 928 ad
861 891 1066 940 Antiquztm
1095 890 1253 927 Dierum
1263 919 1274 936 ,
1304 895 1337 927 et
1364 889 1461 927 dedit
1489 891 1524 926 ei

446 950 663 994 potestatem
692 949 724 980 et
751 945 932 980 honorem
961 950 994 980 et
1014 955 1198 994 regnum:
1224 955 1295 992 per
1322 942 1430 992 quod
1458 943 1521 979 da-

505 1078 532 1112 η)
553 1078 663 1103 iudicat.
682 1091 700 1095 -
719 1076 819 1101 iudicet
839 1076 866 1102 Ρ.

1627 521 1684 558 An
1717 530 1876 568 ,rem-mu
1907 531 2095 573 »rennuunt
2117 523 2244 582 quod,
2273 522 2370 560 sicut
2401 523 2638 572 Augustinus

1575 571 1675 619 dicit,
1694 585 1806 622 super
1832 574 1941 611 Ioan.
1950 563 2004 619 *,
2018 573 2068 611 ita
2095 575 2194 612 dixit
2216 575 2390 613 Christus
2417 576 2525 626 quod
2553 576 2638 626 Spi-

1574 625 1668 662 ritus
1687 626 1851 663 Sanctus
1881 641 1900 661 «
1916 633 2051 677 arguet
2068 628 2249 666 mundum
2269 629 2314 665 de
2325 634 2482 678 peccato
2498 643 2532 668 »
2557 634 2637 666 tan-

1575 690 1687 728 quam
1721 678 1878 716 diceret:
1913 679 1984 716 Ille
2019 678 2198 728 diffundet
2234 683 2271 718 in
2305 681 2478 719 cordibus
2512 671 2639 720 uestris

1575 732 1778 769 caritatem.
1808 733 1868 769 Sic
1889 733 1999 778 enim,
2019 734 2153 770 timore
2179 733 2340 783 depulso,
2361 734 2549 784 arguendi
2573 736 2638 772 ha-

1575 785 1701 821 bebitis
1728 784 1943 822 libertatem.
1975 784 2038 822 Sic
2065 797 2155 834 ergo
2185 785 2341 835 Spiritui
2369 787 2510 824 Sancto
2538 786 2638 824 attri-

1574 837 1707 874 buitur
1733 836 1934 883 iudicium,
1963 849 2044 875 non
2072 846 2262 888 quantum
2289 839 2339 876 ad
2365 839 2555 884 rationem
2578 852 2594 877 ι

1575 889 1674 936 dicii,
1695 890 1763 926 sed
1791 898 1982 939 quantum
2010 891 2059 928 ad
2087 891 2270 929 affectum
2298 891 2492 931 iudicandi
2519 852 2639 942 qieiii

1575 941 1754 980 homines
1783 943 1936 980 habent.
2588 969 2590 971 >

1129 1165 1464 1198 Commentario.
1485 1165 1739 1198 Cardinalis
1761 1166 1965 1199 Caietani

454 1258 620 1322 Trrums
644 1248 756 1278 clarus.
772 1265 795 1270 -
815 1247 851 1278 ln
879 1256 1015 1287 corpore
1035 1256 1100 1278 una
1129 1246 1314 1277 conclusio.
1338 1245 1519 1277 Iudiciaria
1573 1246 1664 1277 Patre
1693 1246 1881 1287 procedens.
1916 1247 2003 1288 Ergo
2033 1247 2196 1278 iudiciaria
2226 1251 2366 1288 potestas
2396 1235 2536 1291 proprie
2535 1238 2640 1290 ’ξων
2650 1234 2663 1246 ⁹

507 1304 532 1334 P

534 1298 651 1323 otestas
674 1293 810 1333 proprie
836 1291 1012 1322 atribuitur
1042 1291 1181 1322 Christo.
1209 1291 1375 1321 Probatur.
1405 1291 1519 1321 Trium
1573 1291 1682 1321 buitur
1704 1290 1788 1321 Filio
1811 1289 1882 1323 Dei.

451 1338 677 1377 requisitorum
707 1336 746 1367 ad
769 1336 943 1371 iudicium,
968 1336 1087 1366 scilicet
1115 1335 1298 1375 potestatis,
1322 1334 1520 1367 rectitudinis

1629 1335 1732 1365 Maior
1755 1334 1930 1366 declaratur
1946 1335 2152 1367 discurrendo
2175 1345 2234 1377 per
2255 1336 2314 1368 illa
2332 1337 2400 1367 tria.
2415 1354 2440 1361 --
2460 1335 2507 1367 Et
2524 1336 2640 1377 proba-

451 1382 522 1417 zeli,
547 1387 577 1412 et
605 1382 787 1421 sapientiae,
812 1381 940 1411 tertium
965 1385 1011 1410 est
1037 1379 1215 1410 secundum
1247 1379 1336 1419 quod
1367 1379 1520 1419 accipitur
1574 1385 1642 1410 tur:
1669 1379 1743 1419 quia
1759 1380 1827 1420 ipsa
1850 1380 1929 1410 ratio
1948 1379 2058 1411 iudicii
2075 1386 2122 1411 est
2136 1380 2186 1411 lex
2202 1381 2375 1421 sapientiae
2399 1386 2430 1412 et
2452 1380 2601 1412 veritatis.
2617 1398 2641 1404 -—

452 1426 555 1456 forma
578 1426 698 1456 iudicii.
723 1425 785 1456 Sed
809 1425 908 1455 Filius
933 1430 978 1454 est
1000 1424 1161 1464 Sapientia
1184 1424 1300 1464 genita.
1318 1429 1352 1454 et.
1364 1423 1486 1456 Veritas
1503 1433 1520 1454 a
1565 1423 1616 1471 (Et
1638 1422 1846 1455 confirmatur
1868 1425 2054 1455 auctoritate
2077 1425 2258 1465 Augustini.

1221 1575 1539 1619 ARTICULUS
1569 1576 1870 1619 SECUNDUS

588 1673 685 1704 Ur
688 1673 782 1704 RUM
807 1671 1046 1703 IUDICIARIA
1070 1670 1294 1701 POTESTAS
1319 1669 1576 1701 CONVENIAT
1601 1668 1792 1701 CHRISTO
1817 1669 2058 1702 SECUNDUM
2082 1670 2207 1709 QUOD
2231 1671 2312 1703 EST
2335 1671 2475 1722 HOMO

634 1753 667 1777 IV
687 1752 770 1781 sent,
791 1751 849 1777 di.st
866 1754 1170 1784 xrv111,qu.1,art.1;
1191 1749 1223 1773 IV
1245 1750 1322 1775 Cont.
1344 1750 1431 1777 Gent„
1451 1756 1507 1781 cap.
1524 1755 1598 1780 xcvx3
1619 1748 1716 1779 Quadi.
1733 1749 1766 1779 X,
1786 1757 1831 1782 qu.
1850 1757 1868 1779 1,
1887 1753 1934 1774 nrt.
1955 1756 1984 1780 ις
2006 1750 2150 1782 compend.
2172 1749 2270 1779 neat„
2289 1756 2346 1782 cap.
2362 1747 2496 1801 ⁰3¹¹-ssss
2516 1738 2563 1775 ,ι’

963 1787 993 1811 In
1014 1769 1106 1820 Symb.
1125 1787 1227 1818 Apost„
1246 1790 1293 1810 art.
1313 1791 1342 1817 7,
1362 1784 1392 1809 In
1412 1782 1522 1813 Manli,
1541 1792 1597 1817 cap.
1615 1793 1676 1816 xxv,
1697 1785 1727 1809 In
1749 1785 2028 1817 loan„cap.v,1ect
2047 1793 2082 1816 iv,
2101 1793 2126 1812 v.
2446 1813 2457 1838 f
2453 1780 2514 1853 '⁴1‘er

498 1883 551 1922 ..ῖς
585 1887 641 1931 135<
663 1881 686 1905 D
701 1879 891 1904 SECUNDUM
906 1879 958 1903 sm
976 1877 1212 1903 moeson-ua.
1229 1865 1392 1901 Videtur
1411 1864 1519 1913 quod

484 1894 637 1979 &⁹¹5⁴
665 1919 863 1958 iudiciaria
881 1926 1048 1968 potestas
1076 1930 1157 1955 non
1185 1917 1390 1954 conveniat
1410 1915 1519 1954 Chri-

472 1974 476 1980 '
604 1955 637 2013 6
666 1982 724 2010 sto
759 1973 976 2010 secundum
1012 1971 1120 2031 quod
1157 1979 1212 2008 est
1246 1971 1380 2007 homo.
1420 1969 1520 2007 Dicit

531 1985 594 2015 *Vq

509 1999 609 2058 ξ’·Ψ)
648 2026 770 2063 enim
799 2025 1047 2074 Augustinus,
1068 2025 1108 2061 in
1137 2024 1233 2060 libro
1261 2024 1307 2060 de
1329 2025 1425 2061 Vera
1443 2024 1517 2060 Re-

453 2081 559 2131 lig*
563 2110 570 2126 ,
602 2080 708 2129 quod
728 2079 915 2116 iudicium
934 2077 1150 2114 attribuitur
1172 2077 1268 2114 Filio
1288 2076 1520 2125 inquantum

454 2142 509 2171 est
533 2134 615 2182 ipsa
642 2134 702 2169 lex
722 2132 868 2181 primae
888 2131 1065 2168 veritatis.
1098 2131 1174 2168 Sed
1194 2131 1270 2166 hoc
1289 2129 1452 2178 pertinet
1471 2129 1519 2166 ad

455 2186 651 2224 Christum
680 2185 897 2222 secundum
925 2185 1033 2233 quod
1061 2191 1116 2220 est
1145 2184 1262 2220 Deus
1294 2184 1396 2231 Ergo
1422 2182 1520 2219 iudi—

453 2240 567 2277 ciaria
594 2246 761 2288 potestas
790 2250 869 2275 non
898 2237 1078 2274 convenit
1114 2236 1266 2274 Christo
1304 2236 1520 2273 secundum

455 2294 562 2343 quod
590 2300 645 2329 est
674 2294 810 2338 homo,
841 2291 908 2328 sed
937 2290 1154 2327 secundum
1183 2290 1289 2339 quod
1318 2297 1374 2326 est
1401 2290 1518 2326 Deus.

510 2358 543 2382 2.
575 2347 808 2391 PRAETEREA,
839 2345 888 2381 ad
917 2343 1155 2381 iudiciariam
1183 2350 1412 2392 potestatem
1434 2353 1520 2391 per—

454 2399 547 2436 tinet
583 2398 796 2448 praemiare
834 2398 933 2434 bene
971 2404 1145 2445 agentes,
1176 2396 1273 2433 sicut
1310 2403 1346 2432 et
1382 2395 1520 2444 punire

455 2454 589 2489 malos.
622 2452 698 2489 Sed
717 2451 935 2500 praemium
955 2451 1152 2487 bonorum
1173 2461 1338 2498 operum
1357 2455 1414 2485 est
1431 2448 1520 2485 bea—

454 2505 576 2542 titudo
606 2512 770 2551 aeterna,
791 2516 891 2553 quae
919 2515 999 2540 non
1020 2504 1132 2540 datur
1151 2502 1223 2539 nisi
1251 2515 1273 2539 a
1296 2503 1402 2539 Deo:
1433 2501 1522 2538 dicit

455 2559 559 2595 enim
588 2558 836 2619 Augustinus,
865 2569 978 2606 super
998 2559 1105 2593 Ioan.
1125 2555 1158 2601 ²⁵²,
1188 2555 1295 2605 quod
1318 2557 1521 2605 participa-

455 2614 554 2649 tione
586 2613 659 2648 Dei
674 2613 725 2660 fit
753 2613 881 2647 anima
909 2612 1033 2655 beata,
1064 2621 1138 2646 non
1172 2614 1295 2646 autem
1317 2610 1521 2658 participa-

455 2667 554 2702 tione
580 2666 731 2701 animae
761 2669 921 2701 sanctae.
962 2664 1063 2722 Ergo
1091 2661 1244 2699 videtur
1280 2661 1387 2710 quod
1424 2659 1521 2698 iudi-

456 2718 570 2755 ciaria
597 2725 764 2766 potestas
790 2729 869 2753 non
899 2715 1103 2753 conveniat
1123 2715 1275 2751 Christo
1304 2714 1521 2751 secundum

456 2772 562 2820 quod
592 2779 647 2807 est
675 2772 814 2817 homo,
845 2770 912 2806 sed
941 2769 1157 2806 secundum
1186 2767 1293 2818 quod
1321 2774 1377 2804 est
1401 2768 1520 2804 Deus.

512 2824 545 2860 3.
575 2825 817 2868 Pmmmm,
847 2823 895 2860 ad
925 2821 1159 2862 iudiciariam
1191 2820 1342 2867 Christi,
1358 2827 1521 2870 potesta-

456 2885 534 2913 tem
572 2877 733 2925 pertinet
770 2873 955 2913 iudicare
974 2876 1123 2912 occulta
1156 2874 1350 2911 cordium:
1387 2885 1521 2910 secun-

458 2930 553 2966 dum
581 2930 673 2966 illud
694 2930 777 2966 lad
798 2931 885 2966 Cor.
906 2928 997 2966 rv'*:
1028 2929 1155 2965 Nolite
1182 2933 1268 2965 ante
1299 2933 1441 2977 tempus
1468 2929 1521 2963 iu-

457 2983 600 3028 dicare,
631 2995 817 3031 quousque
848 2984 971 3020 veniat
1008 2982 1208 3027 Dominus,
1239 2982 1302 3030 qui
1328 2985 1362 3017 et
1388 2980 1522 3017 illumi-

458 3037 558 3072 nabit
589 3036 802 3072 abscondita
837 3037 1073 3072 tenebrarum
1102 3040 1136 3070 et
1162 3035 1411 3082 manifestabit
1438 3045 1522 3071 con-

456 3089 538 3125 silia
566 3089 746 3126 cordium.
778 3089 854 3125 Sed
883 3089 959 3125 hoc
987 3087 1150 3137 pertinet
1176 3087 1225 3124 ad
1254 3088 1376 3123 solam
1403 3086 1522 3124 virtu·

365 3150 370 3164 ¹
393 3157 398 3164 ·
458 3149 535 3177 tem
560 3141 750 3178 divinam:
781 3141 996 3177 secundum
1020 3140 1113 3177 illud
1133 3139 1404 3177 Ierem.xv11*:
1429 3141 1522 3177 Pra-

458 3206 544 3231 vum
564 3200 614 3231 est
633 3206 700 3231 cor
717 3195 876 3231 hominis
895 3200 928 3230 et
947 3194 1201 3230 inscrutabile:
1228 3195 1307 3242 quis
1325 3199 1523 3243 cognoscet

458 3247 578 3283 illud?
611 3249 697 3296 Ego
725 3248 926 3292 Dominus,
954 3253 1122 3284 scrutans
1150 3247 1265 3283 corda
1301 3252 1333 3283 et
1355 3248 1524 3296 probans

459 3311 580 3344 renes,
611 3302 674 3348 qui
699 3300 745 3336 do
775 3301 971 3348 unicuique
1005 3301 1108 3336 iuxta
1136 3301 1235 3336 viam
1263 3311 1382 3336 suam.
1420 3300 1522 3348 Ergo

459 3351 654 3388 iudiciaria
682 3360 847 3401 potestas
875 3364 953 3389 non
983 3351 1162 3389 convenit
1199 3351 1350 3389 Christo
1388 3364 1522 3389 secun-

460 3403 555 3492 gum
593 3405 698 3453 quod
729 3412 782 3441 est
811 3406 949 3451 horno,
980 3405 1045 3441 sed
1080 3405 1296 3441 secundum
1332 3406 1438 3453 quod
1468 3413 1522 3442 est

497 3468 578 3492 eus,

1627 1865 1701 1902 Sao
1731 1876 1875 1902 CONTRA
1903 1876 1970 1902 EST
1997 1865 2104 1914 quod
2133 1863 2272 1902 dicitur
2297 1866 2402 1904 Ioan.
2422 1857 2465 1904 is
2480 1851 2547 1865 ⁴

1571 1923 1700 1954 statem
1720 1918 1816 1954 dedit
1844 1918 1879 1954 ei
1896 1918 2071 1954 iudicium
2088 1917 2238 1966 facere,
2259 1920 2346 1967 quia
2363 1913 2481 1958 Filius
2502 1911 2639 1959 ffi-

1574 1972 1630 2007 nis
1657 1975 1718 2007 est.
2550 1972 2553 1978 ”
2602 1973 2631 1987 “⁴

1626 2024 1851 2060 Respownsso
1870 2034 2052 2060 mcENDUM
2072 2019 2178 2072 quod
2197 2009 2509 2074 Chrysostomus,
2521 2016 2640 2084 super

1572 2078 1682 2113 Ioan.
1702 2076 1738 2122 *,
1768 2074 1910 2112 sentire⁴
1933 2075 2086 2112 videtur
2113 2077 2220 2126 quod
2248 2077 2445 2116 iudiciaria
2471 2082 2639 2137 potestas
2666 2085 2676 2096 ’

1574 2141 1654 2166 non
1674 2129 1879 2166 conveniat
1899 2128 2052 2166 Christo
2072 2131 2288 2168 secundum
2307 2131 2416 2180 quod
2434 2135 2493 2169 est
2500 2122 2638 2189 hbinff,

1574 2182 1642 2219 sed
1670 2183 1798 2219 solum
1827 2182 2043 2219 secundum
2072 2183 2179 2232 quod
2207 2192 2263 2221 est
2290 2183 2407 2233 Deus.
2428 2172 2565 2238 Unde·
2552 2194 2604 2238 ζει,
2623 2207 2639 2216 -

1574 2235 1787 2273 ctoritatem
1815 2234 1968 2272 Ioannis
1987 2234 2185 2273 inductam
2203 2236 2225 2258 ³¹
2251 2237 2304 2274 sic
2332 2231 2512 2287 exp0nit'3'
2524 2241 2540 2251 ²

1573 2295 1701 2326 statem
1730 2289 1825 2325 dedit
1853 2290 1889 2325 ei
1909 2288 2084 2326 iudicium
2092 2287 2239 2337 facere.
2269 2291 2366 2333 Quia
2386 2295 2403 2312 ⁰⁸
2420 2282 2555 2343 Pilius

1574 2343 1684 2379 minis
1702 2348 1763 2388 est,
1786 2341 1897 2378 nolite
1914 2343 2051 2379 mirari
2066 2342 2176 2380 hoc*.
2206 2343 2296 2382 Non
2317 2344 2415 2381 enim
2436 2344 2545 2400 pr&
2536 2334 2556 2347 ⁴

1572 2397 1728 2445 suscepit
1747 2394 1923 2432 iudicium
1943 2395 2120 2445 quoniam
2138 2396 2251 2433 homo
2270 2402 2339 2434 est:
2358 2396 2426 2434 sed
2441 2409 2517 2453 qut
2527 2390 2640 2463 W

1564 2449 1698 2497 fabilis
1725 2449 1799 2485 Dei
1823 2448 1941 2485 Filius
1968 2453 2038 2495 est,
2061 2454 2266 2499 propterea
2299 2449 2412 2487 iudex
2439 2455 2507 2488 est.
2535 2441 2640 2513 Qum

1573 2514 1662 2540 vero
1691 2513 1735 2538 ea
1764 2513 1859 2550 quae
1886 2501 2103 2538 dicebantur
2128 2507 2237 2539 erant
2271 2503 2420 2540 maiora
2448 2495 2573 2554 quam
2587 2516 2640 2542 se

1574 2555 1737 2592 cundum
1766 2555 1966 2601 hominem,
1995 2554 2089 2600 ideo,
2117 2555 2216 2592 hanc
2243 2557 2455 2605 opinionem
2481 2546 2638 2613 ερίνὲηὲ,

1575 2608 1687 2645 dixit:
1700 2608 1763 2645 Ne
1781 2609 1971 2644 miremini
1988 2609 2075 2658 quia
2088 2603 2206 2645 Filius
2219 2610 2398 2646 Hominis
2415 2614 2485 2648 est.
2491 2586 2640 2668 ἒίθηῦξι

1575 2663 1653 2711 ipse
1679 2666 1730 2698 est
1758 2663 1868 2698 etiam
1895 2661 2012 2698 Filius
2038 2661 2120 2697 Dei.
2159 2661 2279 2708 Quod
2307 2661 2467 2712 quidem
2491 2653 2641 2726 Ρτσβξῒ

1575 2726 1645 2764 per
1672 2713 1956 2751 resurrectionis
1985 2713 2186 2751 effectum:
2223 2715 2327 2752 unde
2353 2714 2500 2756 subdit:
2526 2705 2640 2812 QZ?

1575 2768 1672 2806 venit
1690 2769 1786 2804 hora
1813 2769 1850 2804 in
1871 2779 1945 2817 qua
1973 2778 2102 2804 omnes
2121 2769 2186 2817 qui
2210 2769 2247 2804 in
2271 2770 2532 2834 monumentis
2543 2773 2587 2807 sia
2584 2798 2640 2835 ¹³5

1576 2821 1725 2858 audient
1751 2833 1880 2859 vocem
1907 2819 1998 2857 Filii
2021 2820 2103 2857 Dei.

1631 2873 1840 2911 Sciendum
1867 2880 1997 2910 tamen
2026 2874 2144 2923 quod,
2170 2874 2349 2924 quamvis
2377 2875 2482 2925 apud
2508 2862 2639 2923 Deum

1577 2934 1772 2964 remaneat
1798 2925 1998 2975 primaeva
2017 2926 2220 2964 auctoritas
2246 2926 2451 2976 iudicandi,
2472 2923 2639 2983 homidi-

1576 2980 1649 3017 bus
1677 2987 1806 3017 tamen
1835 2979 2086 3016 committitur
2104 2992 2126 3017 a
2146 2980 2230 3017 Deo
2258 2979 2454 3018 iudiciaria
2471 2970 2638 3043 pot'efss‘tassi's

1577 3040 1751 3082 respectu
1766 3044 1904 3069 eorum
1924 3031 1990 3082 qui
2010 3044 2147 3071 eorum
2166 3032 2413 3071 iurisdictioni
2431 2993 2638 3082 subiiciun-

1576 3094 1648 3123 tur.
1677 3086 1790 3123 Unde
1810 3085 1947 3123 dicitur
1965 3085 2142 3124 Deut.1*

1577 3204 1687 3230 culus
1724 3191 1863 3229 seilicet
1899 3189 2118 3230 aUCtOHtate
2151 3204 2222 3230 VOS
2259 3190 2443 3231 iudicatis.
2481 3191 2638 3241 chtlfffl

1576 3253 1632 3282 est
1659 3252 1789 3283 autern
1826 3245 1976 3294 supra*
2003 3245 2110 3294 quod
2139 3239 2330 3292 Christus,
2351 3246 2475 3284 etiam
2505 3245 2546 3284 ln
2569 3250 2638 3336 1²31
2665 3255 2676 3265 ·

2556 3308 2583 3336 u
2663 3313 2677 3328 ι

1575 3353 1642 3389 sub
1665 3351 1821 3401 pedibus
1847 3353 1924 3388 eius
1950 3350 2051 3388 Deus
2078 3353 2206 3389 omnia
2231 3353 2382 3389 subiecit
2397 3351 2428 3388 ¹¹.
2462 3350 2523 3389 Un
2552 3360 2573 3387 e
2601 3347 2638 3388 e⁴t
2664 3354 2679 3402 ζ,

1578 3405 1626 3441 ad
1655 3416 1746 3441 eum
1774 3404 1947 3453 pertinet,
1973 3403 2088 3441 etiam
2116 3404 2332 3442 secundum
2360 3411 2537 3443 naturam
2565 3403 2637 3440 hu·
2665 3414 2691 3429 νε

1576 3306 1661 3336 tura
1680 3298 1862 3344 humana,
1884 3305 1939 3335 est
1957 3306 2072 3348 caput
2099 3298 2215 3335 totius
2242 3296 2446 3348 Ecclesiae,
2466 3305 2504 3336 et

1578 3469 1748 3505 manam,
1777 3457 1918 3501 habere
1946 3456 2184 3496 iudiciariam
2210 3455 2446 3506 potestatem.
2477 3455 2638 3506 Propter

514 3587 541 3621 α)
564 3585 640 3618 Quia.
659 3601 678 3606 -
697 3591 724 3612 ut
742 3590 834 3619 postea
851 3588 974 3612 subditur
993 3588 1055 3620 quia
1075 3587 1120 3617 sG.
1141 3591 1170 3612 ut
1189 3589 1225 3618 (et
1245 3589 1271 3619 17)
1286 3592 1381 3620 postea
1398 3588 1529 3615 enodatur
1547 3589 1619 3621 quia,
1639 3589 1672 3618 lb.
1691 3592 1718 3613 et
1731 3592 1826 3621 postea
1847 3589 1972 3614 subditur
1988 3589 2052 3621 quia
2070 3587 2113 3614 rc.

2151 3087 2306 3130 :Quod
2325 3088 2458 3125 iustum
2477 3093 2528 3125 est
2545 3078 2639 3134 ἰιιᾰι-
2666 3093 2676 3103 “

1576 3145 1676 3177 cate.-
1703 3146 1739 3176 et
1756 3146 1890 3188 postea
1909 3138 2086 3176 subditur
2102 3138 2142 3176 *ε
2175 3140 2272 3182 Quia
2289 3140 2364 3178 Dei
2379 3146 2432 3178 est
2449 3139 2637 3189 iudicium)
2665 3149 2675 3160 ·

2665 582 2673 592 '
2688 581 2768 604 Τηοι.
