2872 3970
204 939 216 950 ⁴
231 938 297 960 Vera.
311 944 346 967 23.

452 294 529 330 260

1136 291 1398 339 QUAESTIO
1428 291 1548 338 XXII,
1578 289 1871 328 ARTICULUS
1898 290 1950 328 1V

1222 478 1543 521 ARTICULUS
1580 479 1856 529 QUARTUS

668 581 825 612 UTRUM
849 578 1074 610 EFFECTUS
1097 576 1358 609 SACERDOTII
1383 575 1556 606 CHRISTI
1578 575 1672 607 NON
1695 576 1844 608 SOLUM
1867 576 2159 610 PERTINUERIT
2182 578 2242 610 AD
2265 578 2402 617 ALIOS,

1298 620 1378 651 SED
1403 619 1542 650 ETIAM
1565 620 1625 651 AD
1649 620 1779 652 IPSUM

490 756 499 765 ,
537 741 544 754 ι
569 750 608 770 ,,,,
661 735 684 759 D
704 734 875 765 QUARTUM
894 733 946 758 s1c
965 731 1200 757 moeson-ua.
1226 718 1388 755 Videtur
1405 717 1513 767 quod

500 766 526 795 '⁸⁸‘
576 767 632 821 ‘'7'5
662 775 819 812 effectus
856 772 1055 811 sacerdotii
1091 771 1230 809 Christi
1267 783 1348 808 non
1385 771 1513 808 solum

571 848 581 855 κ
644 826 883 877 pertinuerit
901 826 950 863 ad
969 825 1074 885 alios,
1091 825 1158 861 sed
1177 824 1292 861 etiam
1307 823 1379 861 ad
1370 835 1511 873 ipsum.

540 874 595 917 fs
638 881 722 917 Ad
759 879 932 917 officium
969 878 1074 915 enim
1111 876 1317 914 sacerdotis
1351 876 1514 925 pertinet

445 946 516 984 pro
536 935 682 982 populo
702 945 829 970 orare:
855 931 1072 969 secundum
1091 930 1184 968 illud
1204 931 1233 967 II
1251 929 1493 968 Machab.1*

450 988 663 1024 Orationem
688 987 884 1034 faciebant
915 985 1123 1022 sacerdotes
1158 984 1246 1020 dum
1279 995 1512 1021 consumma-

445 1046 546 1077 retur
580 1041 816 1087 sacrificium.
862 1038 939 1075 Sed
968 1037 1141 1074 Christus
1169 1049 1250 1074 non
1278 1037 1406 1074 solum
1440 1048 1512 1086 pro

444 1093 523 1130 aliis
543 1092 676 1138 oravit,
697 1092 764 1129 sed
788 1091 902 1128 etiam
921 1103 992 1140 pro
1013 1090 1152 1139 seipso,
1168 1089 1386 1127 secundum
1404 1090 1513 1139 quod

207 1146 277 1174 ’¹1Q
288 1152 333 1174 ¹¹¹
344 1149 416 1175 ⁸12³·
444 1158 560 1196 supra
583 1145 603 1167 '¹‘
636 1122 782 1182 dictum
819 1152 893 1181 est:
931 1151 968 1180 et
1005 1143 1102 1180 sicut
1138 1155 1316 1192 expresse
1353 1142 1513 1190 dicitur,

204 1199 276 1220 ’erV
277 1205 331 1227 ⁵-·7

203 1629 214 1639 ⁸
229 1627 275 1655 Qu.
285 1633 334 1655 xix,
343 1630 384 1649 art.
394 1634 415 1657 3,

202 1899 213 1910 ⁸
227 1894 294 1917 Vera.
312 1901 343 1922 ¹7·

203 2158 213 2168 ⁸
221 2158 280 2179 Part.
289 2157 328 2185 111,
340 2163 390 2185 cap.
399 2163 415 2185 1,

201 2184 279 2206 anath.
294 2190 317 2206 x.

209 2847 221 2858 ⁴
233 2848 300 2871 Vers.
314 2854 346 2877 25.

442 1201 540 1237 Heb.
560 1211 584 1236 v
602 1198 622 1220 ’¹‘
623 1198 761 1247 ,quod
790 1199 827 1234 in
856 1198 981 1234 diebus
1008 1198 1134 1234 carnis
1160 1208 1251 1234 suae
1267 1208 1400 1246 preces
1426 1209 1511 1247 sup·
1565 1208 1637 1246 pro
1665 1195 1747 1234 aliis
1766 1209 1888 1244 orare,
1909 1197 2126 1236 secundum
2145 1198 2238 1236 illud
2266 1199 2337 1236 Iac.
2358 1200 2426 1237 ult.
2445 1198 2486 1237 *z
2521 1188 2633 1238 Orate
2658 1205 2669 1217 ⁸

437 1253 727 1302 plicationesque
754 1251 804 1288 ad
830 1263 915 1287 eum
935 1251 999 1300 qui
1018 1251 1135 1300 possit
1158 1250 1262 1287 illum
1289 1249 1434 1288 salvum
1443 1251 1510 1298 fa-

442 1318 527 1343 cere
554 1318 577 1343 a
605 1311 734 1351 morte,
755 1316 840 1341 cum
868 1304 1035 1341 clamore
1051 1303 1176 1342 valido
1204 1309 1238 1340 et
1264 1303 1429 1340 lacrimis
1448 1305 1510 1340 ob-

442 1360 530 1396 tulit.
574 1359 675 1407 Ergo
714 1356 971 1394 sacerdotium
1003 1355 1143 1394 Christi
1171 1355 1306 1393 habuit
1341 1367 1422 1393 non
1450 1368 1510 1393 so-

443 1414 525 1450 lum
554 1412 592 1449 in
621 1411 713 1457 aliis,
735 1410 803 1447 sed
832 1410 947 1447 etiam
974 1409 1014 1446 in
1043 1409 1170 1458 seipso
1199 1409 1392 1446 effectum.

497 1478 531 1502 2.
562 1467 800 1510 PRAETEREA,
830 1463 1005 1501 Christus
1033 1462 1170 1500 obtulit
1198 1462 1370 1512 seipsum
1398 1462 1510 1500 sacri-

442 1519 576 1556 ficium
595 1517 635 1555 in
654 1530 724 1555 sua
742 1516 933 1566 passione.
964 1516 1042 1554 Sed
1069 1528 1139 1566 per
1157 1516 1379 1564 passionem
1398 1527 1510 1552 suam

442 1585 522 1610 non
551 1573 678 1609 solum
713 1571 794 1608 aliis
822 1569 983 1615 meruit,
1013 1570 1081 1606 sed
1109 1569 1224 1606 etiam
1259 1569 1347 1606 sibi:
1378 1576 1420 1606 ut
1447 1581 1509 1606 su-

442 1638 511 1675 pra
529 1625 549 1647 *
577 1624 753 1662 habitum
773 1631 838 1660 est.
869 1624 971 1672 Ergo
991 1622 1249 1660 sacerdotium
1270 1621 1410 1660 Christi
1429 1634 1510 1660 non

443 1680 570 1716 solum
585 1677 719 1715 habuit
733 1678 914 1714 effectum
934 1677 973 1713 in
993 1676 1085 1723 aliis,
1102 1676 1169 1713 sed
1185 1675 1299 1713 etiam
1314 1675 1354 1712 in
1369 1675 1507 1725 seipso.

498 1732 531 1769 3.
561 1733 794 1777 PRAETEREA,
815 1729 1074 1767 sacerdotium
1101 1729 1239 1766 veteris
1267 1728 1358 1777 legis
1378 1728 1448 1766 fuit
1465 1729 1509 1766 fi-

442 1797 538 1834 gura
565 1783 764 1822 sacerdotii
794 1783 943 1821 Christi.
982 1783 1059 1820 Sed
1087 1783 1265 1820 sacerdos
1292 1782 1431 1819 veteris
1458 1784 1509 1820 le-

443 1838 498 1887 gis
519 1844 536 1860 α
564 1850 644 1875 non
673 1839 800 1874 solum
828 1849 899 1886 pro
929 1835 1021 1882 aliis,
1045 1836 1111 1873 sed
1140 1835 1255 1872 etiam
1283 1847 1354 1883 pro
1383 1835 1508 1884 seipso

444 1891 675 1928 sacrificium
704 1890 909 1927 offerebat:
948 1889 1086 1926 dicitur
1123 1888 1227 1925 enim
1258 1890 1372 1926 Levit.
1399 1901 1457 1926 xv¹
1476 1888 1508 1935 ³¹⁸,

443 1945 550 1994 quod
564 1944 738 1994 pontifex
757 1943 965 1993 ingreditur
982 1944 1237 1979 sanctuarium
1257 1947 1295 1978 ut
1314 1947 1421 1991 roget
1434 1955 1509 1992 pro

442 2010 492 2044 se,
513 2004 546 2035 et
559 2010 633 2047 pro
653 1997 764 2034 domo
782 2009 862 2042 sua,
884 2001 916 2032 et
929 2008 1004 2045 pro
1024 1997 1196 2034 universo
1222 2000 1325 2032 coetu
1333 1995 1508 2043 filiorum

443 2051 573 2088 Israel.
611 2051 712 2099 Ergo
741 2049 857 2086 etiam
885 2048 1143 2086 sacerdotium
1173 2047 1312 2085 Christi
1340 2059 1421 2084 non
1449 2061 1509 2086 so-

443 2106 526 2142 lum
554 2103 594 2140 in
622 2103 714 2146 aliis,
736 2103 803 2139 sed
831 2102 870 2139 in
899 2102 1025 2152 seipso
1046 2102 1227 2139 effectum
1256 2100 1400 2138 habuit.

498 2158 572 2194 SED
601 2168 745 2194 CONTRA
773 2168 838 2193 EST
874 2156 981 2205 quod
1010 2155 1049 2192 in
1078 2155 1274 2204 Ephesina
1311 2154 1471 2203 Synodo
1490 2154 1510 2176 '¹‘

443 2210 593 2259 legitur:
625 2212 665 2247 Si
682 2211 762 2259 quis
789 2210 873 2246 dicit
896 2210 1081 2259 Christum
1100 2221 1174 2258 pro
1201 2220 1241 2245 se
1260 2208 1428 2244 obtulisse
1447 2210 1509 2245 ob-

442 2265 629 2310 lationem,
650 2269 682 2299 et
702 2275 776 2300 non
806 2263 929 2312 magis
942 2275 1016 2312 pro
1038 2263 1142 2299 nohis
1163 2262 1284 2299 solum
1306 2260 1391 2310 (nec
1410 2263 1509 2298 enim

443 2317 600 2367 indiguit
626 2318 810 2364 sacrificio
838 2317 902 2365 qui
921 2321 1118 2366 peccatum
1148 2313 1289 2363 nescit),
1310 2316 1510 2352 anathema

441 2372 496 2407 sit.
535 2370 610 2407 Sed
639 2369 679 2406 in
707 2368 891 2406 sacrificio
928 2369 1128 2406 offerendo
1157 2367 1354 2418 potissime
1388 2380 1509 2405 sacer-

443 2422 541 2461 dotis
561 2422 730 2460 consistit
749 2422 933 2459 officium.
964 2423 1066 2470 Ergo
1087 2419 1345 2459 sacerdotium
1371 2421 1511 2459 Christi

443 2478 526 2514 non'
552 2475 687 2514 habuit
715 2476 897 2512 effectum
925 2475 965 2512 in
993 2475 1077 2524 ipso
1108 2475 1272 2513 Christo.

496 2531 721 2567 RESPONDEO
749 2541 931 2566 Diei-:Noun
960 2529 1080 2578 quod,
1105 2529 1202 2566 sicut
1229 2528 1376 2566 dictum
1404 2535 1460 2564 est
1477 2527 1509 2574 ²¹⁸,

445 2583 622 2620 sacerdos
650 2582 891 2619 constituitur
918 2582 1069 2619 medius
1097 2582 1195 2619 inter
1221 2583 1351 2620 Deum
1380 2589 1416 2618 et
1443 2594 1510 2631 po-

444 2638 594 2686 pulum.
623 2637 686 2672 Ille
716 2643 846 2672 autern
874 2635 1016 2684 indiget
1043 2635 1174 2672 medio
1207 2635 1256 2672 ad
1285 2637 1415 2673 Deum
1444 2635 1511 2685 qui

445 2702 514 2739 per
541 2689 712 2738 seipsum
741 2688 921 2726 accedere
950 2689 998 2726 ad
1027 2689 1157 2726 Deum
1185 2701 1266 2726 non
1293 2696 1437 2739 potest:
1475 2696 1511 2725 et

444 2743 527 2780 talis
547 2741 758 2780 sacerdotio
778 2741 986 2788 subiicitur,
1008 2742 1190 2779 effectum
1209 2742 1409 2780 sacerdotii
1427 2754 1510 2791 par-

445 2796 616 2845 ticipans.
646 2796 733 2832 Hoc
752 2803 882 2832 autem
912 2795 1063 2833 Christo
1083 2808 1164 2832 non
1192 2795 1391 2845 competit:
1422 2795 1512 2832 dicit

446 2849 550 2886 enirn
569 2850 788 2898 Apostolus,
809 2850 907 2886 Heb.
928 2861 973 2886 v11
993 2849 1029 2886 *ε
1059 2849 1250 2886 Accedens
1262 2862 1335 2899 per
1352 2851 1511 2899 seipsum

447 2902 497 2939 ad
523 2903 657 2948 Deum,
684 2914 830 2951 semper
857 2903 1000 2949 vivens,
1028 2903 1079 2939 ad
1105 2903 1414 2952 interpellandum
1437 2915 1512 2953 pro

449 2957 561 2992 nobis.
592 2956 639 2992 Et
658 2955 745 2992 ideo
775 2955 926 2992 Christo
946 2968 1026 2992 non
1053 2955 1235 3005 competit
1254 2957 1435 2993 effectum
1455 2968 1511 2993 sa-

448 3007 604 3044 cerdotii
632 3007 671 3044 in
699 3020 739 3044 se
768 3008 979 3057 suscipere:
1016 3009 1083 3045 sed
1111 3009 1239 3058 potius
1273 3009 1403 3059 ipsum
1431 3009 1512 3046 aliis

449 3061 747 3098 communicare.
785 3061 960 3098 Primum
996 3062 1100 3099 enim
1129 3075 1244 3111 agens
1273 3062 1312 3100 in
1340 3062 1513 3112 quolibet

448 3125 584 3171 genere
620 3114 670 3150 ita
697 3122 752 3150 est
780 3113 946 3151 influens
981 3115 1087 3164 quod
1120 3127 1200 3152 non
1236 3123 1291 3153 est
1326 3115 1512 3166 recipiens

450 3165 488 3201 in
516 3178 652 3213 genere
681 3166 761 3203 illo:
796 3166 891 3204 sicut
919 3169 975 3204 sol
1004 3168 1192 3205 illuminat
1226 3169 1293 3206 sed
1321 3181 1401 3206 non
1429 3168 1511 3206 illu-

451 3218 628 3263 minatur,
649 3226 685 3255 et
713 3218 808 3266 ignis
836 3220 1002 3256 calefacit
1029 3221 1096 3257 sed
1125 3234 1204 3258 non
1233 3222 1367 3259 calefit.
1403 3222 1512 3260 Chri-

451 3278 529 3307 stus
557 3279 687 3308 autem
715 3279 770 3307 est
797 3271 882 3307 fons
901 3270 916 3301 β
943 3273 1057 3309 totius
1085 3274 1304 3312 sacerdotii:
1335 3287 1427 3312 nam
1455 3287 1512 3312 sa-

507 3401 534 3434 α)
548 3402 605 3435 suit
617 3402 738 3435 figura...
759 3402 854 3427 veteris
873 3402 947 3435 Iegis.
964 3416 984 3420 —
1002 3402 1044 3427 EF
1064 3409 1089 3428 et
1107 3405 1180 3429 tertia
1199 3403 1258 3438 (pro
1275 3406 1379 3439 figura,
1397 3407 1466 3439 filia,
1486 3412 1512 3431 et

453 3449 499 3473 pro
513 3443 645 3471 sacerdos,
660 3443 812 3468 sacerdotes
826 3442 877 3477 E);
897 3451 948 3468 om.
961 3457 980 3461 -
999 3443 1048 3467 Pro
1067 3444 1200 3476 offerebat,
1220 3445 1382 3479 offerebatur
1394 3447 1512 3480 ABDpC.

507 3481 532 3516 β)
546 3484 620 3516 sons.
637 3498 656 3503 —
675 3484 710 3509 sC
730 3489 754 3509 et
773 3485 860 3515 tei-tiu
872 3484 939 3518 flm's
958 3484 987 3516 E,
1001 3483 1063 3517 ἶσα-,ς
1081 3486 1111 3516 Α,
1125 3486 1219 3519 factor
1237 3489 1323 3514 ceteri.

1567 718 1702 755 cerdos
1721 718 1849 767 legalis
1877 726 1956 756 erat
1973 719 2098 768 figura
2124 719 2264 770 ipsius3
2295 721 2473 759 sacerdos
2500 729 2631 761 autem

1567 782 1693 808 novae
1712 771 1831 820 legis
1823 783 1862 809 m
1881 784 2046 822 persona
2063 772 2184 822 ipsius
2202 781 2394 823 operatur,
2414 775 2634 838 secundum⁸

1567 824 1661 861 illud
1689 825 1719 861 11
1751 826 1837 862 Cor.
1859 837 1880 862 11
1898 824 1937 862 *ε
1967 826 2072 863 Nam
2100 832 2134 864 et
2161 838 2254 877 ego,
2283 827 2383 877 quod
2416 827 2631 876 donavi,s1

1567 877 1656 927 quid
1681 878 1829 925 donavi,
1843 883 2000 938 propter
2025 891 2109 926 vos,
2138 881 2176 917 in
2198 892 2364 930 persona
2395 882 2540 918 Christi.
2582 882 2632 920 Et

1566 929 1655 968 ideo
1688 942 1769 968 non
1804 931 1986 992 competit
2024 932 2176 970 Christo
2214 933 2395 971 effectum
2430 933 2631 973 sacerdotii

1567 983 1771 1033 suscipere.

1619 1038 1676 1074 An
1697 1049 1832 1075 pmmum
1851 1049 1950 1076 ERGO
1969 1050 2152 1076 memnon
2171 1039 2279 1088 quod
2299 1039 2432 1086 oratio,
2453 1039 2522 1078 etsi
2540 1052 2631 1081 con·

1565 1089 1694 1127 veniat
1729 1090 2003 1150 sacerdotibus,
2032 1102 2114 1128 non
2140 1099 2271 1130 tamen
2298 1100 2354 1130 est
2380 1105 2519 1131 eorum
2547 1093 2632 1132 offi-
2678 1117 2681 1124 ι

1566 1143 1626 1180 cio
1654 1143 1830 1193 propria:
1861 1143 2014 1182 cuilibet
2041 1144 2147 1182 enim
2174 1145 2355 1183 convenit
2373 1153 2410 1183 et
2435 1158 2508 1196 pro
2535 1158 2576 1184 se
2594 1154 2633 1193 et

1558 1262 1634 1300 pro
1653 1251 1823 1297 invicem,
1844 1256 1883 1287 ut
1900 1251 2104 1290 salvemini.
2134 1252 2183 1288 Et
2210 1251 2264 1289 sic
2283 1260 2412 1302 posset
2430 1252 2505 1290 dici
2523 1253 2632 1303 quod

1565 1302 1686 1340 oratio
1713 1315 1792 1353 qua
1812 1303 1986 1342 Christus
2012 1316 2084 1354 pro
2113 1317 2154 1342 se
2173 1304 2307 1352 oravit,
2327 1317 2408 1343 non
2427 1313 2507 1344 erat
2525 1313 2632 1346 actus

1565 1356 1765 1394 sacerdotii
1794 1356 1887 1394 eius.

1619 1410 1696 1447 Sed
1724 1410 1820 1447 haec
1848 1410 2047 1460 responsio
2083 1410 2236 1448 videtur
2270 1411 2421 1449 excludi
2453 1422 2524 1462 per
2554 1412 2632 1451 hoc

1565 1463 1672 1512 quod
1701 1464 1929 1512 Apostolus,
1955 1465 2055 1501 Heb.
2083 1476 2125 1511 v,
2154 1476 2246 1501 cum
2273 1463 2427 1502 dixisset
2452 1465 2484 1513 *,
2508 1467 2565 1504 Tu
2593 1477 2632 1504 es
2658 1469 2668 1480 ⁸

1563 1516 1737 1554 sacerdos
1764 1518 1802 1554 in
1831 1522 2023 1554 aeternum
2049 1517 2252 1555 secundum
2280 1515 2449 1555 ordinem
2475 1519 2632 1557 Melchi-

1563 1569 1705 1616 sedech,
1735 1569 1863 1606 subdit
1881 1569 1912 1617 *,
1948 1571 2023 1613 Qui
2049 1572 2085 1607 in
2114 1570 2240 1608 diebus
2274 1573 2399 1608 carm's
2434 1583 2525 1609 suae
2545 1583 2632 1622 pre-
2658 1575 2670 1586 ⁸

1564 1634 1624 1659 ces
1651 1630 1741 1669 etc.,
1768 1630 1811 1659 ut
1838 1634 1956 1672 supra
1977 1622 2015 1660 *ε
2045 1630 2082 1660 et
2109 1622 2160 1660 ita
2186 1623 2340 1661 videtur
2373 1625 2482 1674 quod
2509 1624 2632 1664 oratio
2658 1626 2671 1640 ⁴

1565 1687 1643 1725 qua
1672 1675 1846 1713 Christus
1874 1676 2015 1723 oravit,
2043 1676 2092 1713 ad
2121 1676 2203 1713 eius
2236 1676 2495 1715 sacerdotium
2520 1677 2632 1728 perti-

1564 1737 1662 1766 neat
1693 1729 1741 1766 Et
1768 1729 1856 1766 ideo
1876 1737 2026 1779 oportet
2054 1729 2179 1767 dicere
2199 1730 2308 1779 quod
2335 1727 2397 1768 alii
2416 1731 2632 1791 sacerdotes

1564 1783 1747 1820 effectum
1774 1782 1975 1820 sacerdotii
2002 1782 2062 1820 sui
2089 1782 2327 1832 participant,
2356 1795 2438 1822 non
2469 1783 2632 1835 inquan-

1563 1843 1649 1872 tum
1668 1835 1895 1881 sacerdotes,
1917 1836 1985 1873 sed
2003 1836 2236 1886 inquantum
2262 1844 2494 1886 peccatores,
2514 1845 2558 1877 ut
2573 1837 2632 1877 in·-

1563 1888 1648 1925 fra*
1663 1888 1818 1925 dicetur.
1841 1889 2016 1926 Christus
2030 1897 2174 1935 autern,
2187 1888 2408 1939 simpliciter
2420 1890 2632 1940 loquendo,
2659 1892 2671 1903 ⁸

1563 1949 1766 1991 peccatum
1785 1953 1865 1978 non
1885 1942 2036 1979 habuit:
2058 1941 2192 1979 habuit
2208 1949 2338 1980 tamen
2356 1944 2631 1982 similitudinem

1558 1998 1705 2045 peccati
1731 1996 1768 2031 in
1797 2007 1924 2042 carne,
1951 2003 1993 2032 ut
2021 1995 2158 2032 dicitur
2184 1996 2295 2033 Rom.
2321 2008 2379 2034 vm
2396 1996 2428 2034 *.
2467 1997 2516 2034 Et
2542 1996 2631 2036 ideo
2658 1997 2670 2008 ⁸

1563 2060 1644 2085 non
1663 2047 1884 2098 simpliciter
1902 2048 2111 2086 dicendum
2131 2056 2186 2086 est
2211 2049 2319 2098 quod
2339 2049 2421 2099 ipse
2449 2050 2632 2088 effectum

1564 2101 1764 2138 sacerdotii
1782 2101 2081 2151 participaverit:
2112 2103 2179 2139 sed
2199 2103 2415 2140 secundum
2435 2102 2543 2153 quid,
2562 2102 2632 2142 sci-

1564 2155 1649 2191 licet
1686 2154 1903 2191 secundum
1936 2154 2223 2204 passibilitatem
2254 2156 2389 2193 carnis.
2433 2155 2547 2195 Unde
2582 2156 2632 2195 si·

1564 2215 1724 2256 gnanter
1758 2207 1864 2245 dicit:
1902 2210 1966 2257 qui
1991 2209 2108 2257 possit
2141 2208 2245 2245 illum
2276 2209 2421 2247 salvum
2450 2211 2582 2258 faeere
2605 2222 2632 2249 a

1565 2267 1695 2298 morte.

1618 2316 1676 2351 AD
1704 2326 1895 2352 SECUNDUM
1928 2326 2111 2352 met-:NDUM
2146 2315 2253 2364 quod
2280 2315 2321 2352 in
2353 2315 2546 2354 oblatione
2573 2328 2632 2354 sa-

1565 2367 1697 2405 crificii
1715 2367 1997 2417 cuiuscumque
2016 2367 2222 2405 sacerdotis
2250 2368 2330 2406 duo
2349 2376 2514 2418 possunt
2539 2381 2632 2411 con·-

1566 2420 1743 2458 siderari:
1774 2420 1914 2458 scilicet
1940 2420 2070 2470 ipsum
2105 2420 2336 2459 sacrificium
2371 2421 2566 2471 oblatum,
2594 2427 2632 2466 et

1565 2474 1721 2512 devotio
1755 2473 1960 2512 offerentis.
1997 2473 2180 2523 Proprius
2217 2482 2348 2512 autem
2380 2475 2539 2513 effectus
2572 2487 2631 2515 sa,-

1565 2527 1723 2565 cerdotii
1751 2535 1807 2564 est
1833 2527 1872 2564 id
1900 2527 2008 2577 quod
2039 2527 2212 2576 sequitur
2239 2540 2286 2565 ex
2313 2527 2398 2578 ipso
2431 2527 2630 2567 sacrificio.

1567 2582 1741 2619 Christus
1770 2589 1900 2618 autem
1919 2588 2149 2623 consecutus
2178 2587 2233 2618 est
2260 2593 2331 2631 per
2348 2593 2461 2619 suam
2487 2581 2632 2632 passio·-

1566 2647 1658 2672 nem
1677 2640 1704 2681 Υ,
1731 2646 1812 2671 non
1840 2633 1950 2683 quasi
1978 2646 2025 2671 ex
2051 2633 2091 2671 vi
2119 2633 2309 2680 sacrificii,
2338 2634 2445 2684 quod
2473 2634 2634 2674 offertur

1565 2701 1635 2738 per
1661 2688 1824 2725 modum
1846 2686 2124 2724 satisfactionis:
2155 2687 2223 2724 sed
2251 2699 2298 2725 ex
2315 2686 2399 2737 ipsa
2425 2687 2632 2727 devotione

1566 2754 1662 2791 qua,
1693 2741 1910 2778 secundum
1938 2740 2152 2789 caritatem,
2181 2740 2403 2790 passionem
2436 2741 2634 2781 humiliter

1566 2794 1755 2832 sustinuit.

1619 2849 1676 2885 AD
1703 2859 1863 2884 TERTIUM
1898 2859 2079 2885 DICENDUM
2108 2847 2215 2896 quod
2249 2846 2373 2896 figura
2401 2859 2482 2885 non
2507 2854 2633 2898 potaet

1566 2902 1783 2950 adaequare
1802 2899 2013 2937 veritatem.
2043 2900 2155 2938 Unde
2175 2901 2352 2938 sacerdos
2379 2899 2549 2950 figuralis
2565 2912 2632 2940 ve-

1565 2955 1654 2992 teris
1682 2954 1772 3002 legis
1800 2965 1881 2990 non
1908 2961 2056 3003 poterat
2083 2953 2133 2990 ad
2158 2954 2260 2991 hanc
2285 2953 2561 3004 perfectionem
2577 2961 2632 2996 at-

1565 3008 1709 3056 tingere
1728 3005 1741 3029 ὃ
1770 3014 1812 3044 ut
1840 3006 2026 3044 sacrificio
2054 3006 2299 3045 satisfactorio
2327 3019 2409 3044 non
2435 3006 2630 3056 indigeret.

1567 3061 1643 3099 Sed
1673 3060 1847 3098 Christus
1866 3072 1946 3097 non
1974 3059 2144 3108 indiguit.
2174 3060 2287 3098 Unde
2308 3072 2388 3098 non
2416 3067 2473 3097 est
2499 3059 2643 3099 similis'

1566 3114 1661 3152 ratio
1690 3114 1737 3150 de
1764 3121 1940 3163 utroque.
1970 3114 2019 3151 Et
2046 3113 2122 3150 hoc
2140 3121 2196 3150 est
2223 3113 2330 3164 quod
2349 3113 2556 3163 Apostolus
2574 3113 2631 3151 di-

2627 830 2751 859 ‘vei-⁸.

1565 3167 1615 3205 cit
1632 3167 1671 3204 *z
1702 3168 1785 3204 Lex
1811 3168 1978 3204 homines
2005 3167 2187 3215 constituit
2207 3167 2414 3204 sacerdotes
2437 3167 2631 3215 infimita·
2657 3168 2720 3224 ἵης’
2839 3199 2841 3202 ⁴

1565 3227 1638 3259 tem
1666 3221 1860 3258 hahentes:
1885 3232 2008 3257 sermo
2036 3225 2160 3257 autem
2188 3219 2440 3267 iurisiurandi,
2464 3221 2528 3270 qui
2546 3225 2633 3270 post

1566 3275 1688 3324 legem
1716 3279 1778 3320 est,
1802 3273 1940 3311 Filium
1969 3275 2006 3311 in
2035 3278 2227 3310 aeternum
2249 3273 2468 3323 perfectum.

1616 3405 1643 3441 γ)
1659 3405 1820 3438 passionem.
1838 3419 1858 3424 —
1875 3405 1991 3439 gloriam
2010 3403 2215 3431 resurrectionis
2233 3403 2331 3430 addunt
2349 3403 2400 3430 PE.

1617 3447 1643 3482 ὃ)
1661 3448 1806 3482 attingere.
1823 3462 1843 3467 —
1855 3448 2014 3481 pertingere
2032 3447 2114 3474 tertia.
