<?xml version="1.0" encoding="UTF-8"?>
<!DOCTYPE html PUBLIC "-//W3C//DTD XHTML 1.0 Transitional//EN"
    "http://www.w3.org/TR/xhtml1/DTD/xhtml1-transitional.dtd">
<html xmlns="http://www.w3.org/1999/xhtml" xml:lang="en" lang="en">
 <head>
  <title>
</title>
<meta http-equiv="Content-Type" content="text/html;charset=utf-8" />
  <meta name='ocr-system' content='tesseract 3.04.00' />
  <meta name='ocr-capabilities' content='ocr_page ocr_carea ocr_par ocr_line ocrx_word'/>
</head>
<body>
  <div class='ocr_page' id='page_1' title='image "./operaomniaiussui11thom_0174.png"; bbox 0 0 2872 3970; ppageno 0'>
   <div class='ocr_carea' id='block_1_1' title="bbox 185 1108 327 1133">
    <p class='ocr_par' dir='ltr' id='par_1_1' title="bbox 185 1108 327 1133">
     <span class='ocr_line' id='line_1_1' title="bbox 185 1108 327 1133; baseline -0.014 -3"><span class='ocrx_word' id='word_1_1' title='bbox 185 1110 196 1120; x_wconf 79' lang='lat'>⁸</span> <span class='ocrx_word' id='word_1_2' title='bbox 210 1108 276 1130; x_wconf 81' lang='lat' dir='ltr'><strong>Vers.</strong></span> <span class='ocrx_word' id='word_1_3' title='bbox 293 1114 327 1133; x_wconf 63' lang='grc' dir='ltr'><strong>ιιι.</strong></span> 
     </span>
    </p>
   </div>
   <div class='ocr_carea' id='block_1_2' title="bbox 182 1805 321 1834">
    <p class='ocr_par' dir='ltr' id='par_1_2' title="bbox 182 1805 321 1834">
     <span class='ocr_line' id='line_1_2' title="bbox 182 1805 321 1834; baseline 0 -7"><span class='ocrx_word' id='word_1_4' title='bbox 182 1808 192 1817; x_wconf 84' lang='grc'><em>·</em></span> <span class='ocrx_word' id='word_1_5' title='bbox 207 1805 273 1828; x_wconf 86' lang='lat' dir='ltr'><strong>Vers.</strong></span> <span class='ocrx_word' id='word_1_6' title='bbox 288 1812 321 1834; x_wconf 82' lang='lat'><strong>35.</strong></span> 
     </span>
    </p>
   </div>
   <div class='ocr_carea' id='block_1_3' title="bbox 188 2523 327 2545">
    <p class='ocr_par' dir='ltr' id='par_1_3' title="bbox 188 2523 327 2545">
     <span class='ocr_line' id='line_1_3' title="bbox 188 2523 327 2545; baseline -0.007 0"><span class='ocrx_word' id='word_1_7' title='bbox 188 2525 197 2534; x_wconf 80' lang='lat'>⁸</span> <span class='ocrx_word' id='word_1_8' title='bbox 213 2523 277 2545; x_wconf 81' lang='lat' dir='ltr'><strong>Vers.</strong></span> <span class='ocrx_word' id='word_1_9' title='bbox 292 2524 327 2545; x_wconf 81' lang='lat'><strong>28.</strong></span> 
     </span>
    </p>
   </div>
   <div class='ocr_carea' id='block_1_4' title="bbox 283 2625 299 2641">
    <p class='ocr_par' dir='ltr' id='par_1_4' title="bbox 283 2625 299 2641">
     <span class='ocr_line' id='line_1_4' title="bbox 283 2625 299 2641; baseline 0 0"><span class='ocrx_word' id='word_1_10' title='bbox 283 2625 299 2641; x_wconf 79' lang='grc' dir='ltr'><strong><em>α</em></strong></span> 
     </span>
    </p>
   </div>
   <div class='ocr_carea' id='block_1_5' title="bbox 188 2650 317 2672">
    <p class='ocr_par' dir='ltr' id='par_1_5' title="bbox 188 2650 317 2672">
     <span class='ocr_line' id='line_1_5' title="bbox 188 2650 317 2672; baseline 0 -1"><span class='ocrx_word' id='word_1_11' title='bbox 188 2652 198 2661; x_wconf 78' lang='lat'>⁸</span> <span class='ocrx_word' id='word_1_12' title='bbox 212 2650 276 2672; x_wconf 80' lang='lat' dir='ltr'><strong>Vers.</strong></span> <span class='ocrx_word' id='word_1_13' title='bbox 295 2650 317 2671; x_wconf 77' lang='lat'><strong>8.</strong></span> 
     </span>
    </p>
   </div>
   <div class='ocr_carea' id='block_1_6' title="bbox 188 2956 330 2998">
    <p class='ocr_par' dir='ltr' id='par_1_6' title="bbox 188 2956 330 2998">
     <span class='ocr_line' id='line_1_6' title="bbox 188 2956 330 2998; baseline 0 -8"><span class='ocrx_word' id='word_1_14' title='bbox 188 2971 198 2981; x_wconf 79' lang='lat'>⁸</span> <span class='ocrx_word' id='word_1_15' title='bbox 213 2956 330 2998; x_wconf 43' lang='lat' dir='ltr'><strong>Versfm.</strong></span> 
     </span>
    </p>
   </div>
   <div class='ocr_carea' id='block_1_7' title="bbox 203 3338 400 3391">
    <p class='ocr_par' dir='ltr' id='par_1_7' title="bbox 203 3338 400 3391">
     <span class='ocr_line' id='line_1_7' title="bbox 210 3338 400 3360; baseline -0.005 0"><span class='ocrx_word' id='word_1_16' title='bbox 210 3338 295 3360; x_wconf 71' lang='lat' dir='ltr'><strong>nomn.</strong></span> <span class='ocrx_word' id='word_1_17' title='bbox 305 3338 400 3360; x_wconf 72' lang='lat' dir='ltr'><strong>xxxiv</strong></span> 
     </span>
     <span class='ocr_line' id='line_1_8' title="bbox 203 3365 321 3391; baseline 0 -5"><span class='ocrx_word' id='word_1_18' title='bbox 203 3372 217 3386; x_wconf 79' lang='lat' dir='ltr'><strong>n</strong></span> <span class='ocrx_word' id='word_1_19' title='bbox 231 3365 321 3391; x_wconf 68' lang='lat' dir='ltr'><strong>Euat-g.</strong></span> 
     </span>
    </p>
   </div>
   <div class='ocr_carea' id='block_1_8' title="bbox 427 286 497 323">
    <p class='ocr_par' dir='ltr' id='par_1_8' title="bbox 427 286 497 323">
     <span class='ocr_line' id='line_1_9' title="bbox 427 286 497 323; baseline -0.014 0"><span class='ocrx_word' id='word_1_20' title='bbox 427 286 497 323; x_wconf 93' lang='lat'><strong>118</strong></span> 
     </span>
    </p>
   </div>
   <div class='ocr_carea' id='block_1_9' title="bbox 1130 285 1506 332">
    <p class='ocr_par' dir='ltr' id='par_1_9' title="bbox 1130 285 1506 332">
     <span class='ocr_line' id='line_1_10' title="bbox 1130 285 1506 332; baseline -0.005 -9"><span class='ocrx_word' id='word_1_21' title='bbox 1130 285 1394 332; x_wconf 82' lang='lat' dir='ltr'><strong>QUAESTIO</strong></span> <span class='ocrx_word' id='word_1_22' title='bbox 1422 286 1506 331; x_wconf 87' lang='lat' dir='ltr'><strong>vn,</strong></span> 
     </span>
    </p>
   </div>
   <div class='ocr_carea' id='block_1_10' title="bbox 1536 285 1891 323">
    <p class='ocr_par' dir='ltr' id='par_1_10' title="bbox 1536 285 1891 323">
     <span class='ocr_line' id='line_1_11' title="bbox 1536 285 1891 323; baseline 0.003 -1"><span class='ocrx_word' id='word_1_23' title='bbox 1536 285 1827 323; x_wconf 90' lang='lat' dir='ltr'><strong>ARTICULUS</strong></span> <span class='ocrx_word' id='word_1_24' title='bbox 1855 286 1891 322; x_wconf 95' lang='lat' dir='ltr'><strong>X</strong></span> 
     </span>
    </p>
   </div>
   <div class='ocr_carea' id='block_1_11' title="bbox 422 363 2596 407">
    <p class='ocr_par' dir='ltr' id='par_1_11' title="bbox 422 363 2596 407">
     <span class='ocr_line' id='line_1_12' title="bbox 422 363 2596 407; baseline 0.001 -12"><span class='ocrx_word' id='word_1_25' title='bbox 422 365 507 403; x_wconf 89' lang='lat' dir='ltr'><strong>Quia</strong></span> <span class='ocrx_word' id='word_1_26' title='bbox 529 365 627 395; x_wconf 86' lang='lat' dir='ltr'><strong>virtus</strong></span> <span class='ocrx_word' id='word_1_27' title='bbox 657 365 751 404; x_wconf 91' lang='lat' dir='ltr'><strong>primi</strong></span> <span class='ocrx_word' id='word_1_28' title='bbox 777 364 925 404; x_wconf 90' lang='lat' dir='ltr'><strong>principii</strong></span> <span class='ocrx_word' id='word_1_29' title='bbox 955 364 1087 394; x_wconf 90' lang='lat' dir='ltr'><strong>alicuius</strong></span> <span class='ocrx_word' id='word_1_30' title='bbox 1117 364 1240 403; x_wconf 86' lang='lat' dir='ltr'><strong>generis</strong></span> <span class='ocrx_word' id='word_1_31' title='bbox 1267 363 1483 393; x_wconf 88' lang='lat' dir='ltr'><strong>universaliter</strong></span> <span class='ocrx_word' id='word_1_32' title='bbox 1537 363 1676 393; x_wconf 84' lang='lat' dir='ltr'><strong>bentium</strong></span> <span class='ocrx_word' id='word_1_33' title='bbox 1698 364 1857 404; x_wconf 80' lang='lat' dir='ltr'><em>gratiam,</em></span> <span class='ocrx_word' id='word_1_34' title='bbox 1888 364 2027 404; x_wconf 86' lang='lat' dir='ltr'><strong>intellige</strong></span> <span class='ocrx_word' id='word_1_35' title='bbox 2056 364 2188 404; x_wconf 85' lang='lat' dir='ltr'>perinde</span> <span class='ocrx_word' id='word_1_36' title='bbox 2215 373 2251 395; x_wconf 90' lang='lat' dir='ltr'><strong>ac</strong></span> <span class='ocrx_word' id='word_1_37' title='bbox 2274 365 2300 395; x_wconf 81' lang='lat' dir='ltr'><strong>si</strong></span> <span class='ocrx_word' id='word_1_38' title='bbox 2326 365 2463 405; x_wconf 81' lang='lat' dir='ltr'><strong>legeres,</strong></span> <span class='ocrx_word' id='word_1_39' title='bbox 2492 375 2596 407; x_wconf 80' lang='lat' dir='ltr'><strong>genus</strong></span> 
     </span>
    </p>
   </div>
   <div class='ocr_carea' id='block_1_12' title="bbox 420 406 1484 1887">
    <p class='ocr_par' dir='ltr' id='par_1_12' title="bbox 422 406 1483 492">
     <span class='ocr_line' id='line_1_13' title="bbox 422 406 1483 447; baseline -0.003 -8"><span class='ocrx_word' id='word_1_40' title='bbox 422 419 456 439; x_wconf 89' lang='lat' dir='ltr'><strong>se</strong></span> <span class='ocrx_word' id='word_1_41' title='bbox 480 408 619 439; x_wconf 86' lang='lat' dir='ltr'><strong>extendit</strong></span> <span class='ocrx_word' id='word_1_42' title='bbox 646 407 685 439; x_wconf 90' lang='lat' dir='ltr'><strong>ad</strong></span> <span class='ocrx_word' id='word_1_43' title='bbox 708 417 821 439; x_wconf 90' lang='lat' dir='ltr'><strong>omnes</strong></span> <span class='ocrx_word' id='word_1_44' title='bbox 845 407 975 438; x_wconf 85' lang='lat' dir='ltr'><strong>effectus</strong></span> <span class='ocrx_word' id='word_1_45' title='bbox 998 408 1081 438; x_wconf 91' lang='lat' dir='ltr'><strong>illius</strong></span> <span class='ocrx_word' id='word_1_46' title='bbox 1103 407 1241 447; x_wconf 87' lang='lat' dir='ltr'><strong>generis:</strong></span> <span class='ocrx_word' id='word_1_47' title='bbox 1273 412 1308 437; x_wconf 89' lang='lat' dir='ltr'><strong>ut</strong></span> <span class='ocrx_word' id='word_1_48' title='bbox 1333 412 1420 446; x_wconf 88' lang='lat' dir='ltr'><strong>patet</strong></span> <span class='ocrx_word' id='word_1_49' title='bbox 1443 406 1483 436; x_wconf 90' lang='lat' dir='ltr'><strong>de</strong></span> 
     </span>
     <span class='ocr_line' id='line_1_14' title="bbox 422 452 903 492; baseline -0.004 -9"><span class='ocrx_word' id='word_1_50' title='bbox 422 453 490 483; x_wconf 90' lang='lat' dir='ltr'><strong>sole</strong></span> <span class='ocrx_word' id='word_1_51' title='bbox 513 457 659 492; x_wconf 89' lang='lat' dir='ltr'><strong>respectu</strong></span> <span class='ocrx_word' id='word_1_52' title='bbox 681 452 903 492; x_wconf 84' lang='lat' dir='ltr'>generationis.</span> 
     </span>
    </p>

    <p class='ocr_par' dir='ltr' id='par_1_13' title="bbox 421 492 1484 1278">
     <span class='ocr_line' id='line_1_15' title="bbox 477 492 1483 535; baseline -0.004 -8"><span class='ocrx_word' id='word_1_53' title='bbox 477 497 540 527; x_wconf 86' lang='lat' dir='ltr'><strong>Ubi</strong></span> <span class='ocrx_word' id='word_1_54' title='bbox 563 501 639 526; x_wconf 89' lang='lat' dir='ltr'><strong>nota</strong></span> <span class='ocrx_word' id='word_1_55' title='bbox 670 495 759 535; x_wconf 92' lang='lat' dir='ltr'><strong>quod</strong></span> <span class='ocrx_word' id='word_1_56' title='bbox 788 496 840 526; x_wconf 89' lang='lat' dir='ltr'><strong>hic</strong></span> <span class='ocrx_word' id='word_1_57' title='bbox 870 505 936 525; x_wconf 89' lang='lat' dir='ltr'><strong>non</strong></span> <span class='ocrx_word' id='word_1_58' title='bbox 961 494 1098 524; x_wconf 87' lang='lat' dir='ltr'><strong>occurrit</strong></span> <span class='ocrx_word' id='word_1_59' title='bbox 1121 494 1264 534; x_wconf 88' lang='lat' dir='ltr'>quaestio</span> <span class='ocrx_word' id='word_1_60' title='bbox 1290 493 1329 524; x_wconf 91' lang='lat' dir='ltr'><strong>de</strong></span> <span class='ocrx_word' id='word_1_61' title='bbox 1352 492 1483 523; x_wconf 89' lang='lat' dir='ltr'><strong>conclu-</strong></span> 
     </span>
     <span class='ocr_line' id='line_1_16' title="bbox 421 536 1484 577; baseline -0.004 -7"><span class='ocrx_word' id='word_1_62' title='bbox 421 541 528 576; x_wconf 87' lang='lat' dir='ltr'><strong>sione,</strong></span> <span class='ocrx_word' id='word_1_63' title='bbox 553 539 609 570; x_wconf 90' lang='lat' dir='ltr'><strong>sed</strong></span> <span class='ocrx_word' id='word_1_64' title='bbox 631 540 710 570; x_wconf 90' lang='lat' dir='ltr'><strong>ratio</strong></span> <span class='ocrx_word' id='word_1_65' title='bbox 735 539 802 569; x_wconf 92' lang='lat' dir='ltr'><strong>eius</strong></span> <span class='ocrx_word' id='word_1_66' title='bbox 825 548 892 569; x_wconf 92' lang='lat' dir='ltr'><strong>non</strong></span> <span class='ocrx_word' id='word_1_67' title='bbox 912 544 995 568; x_wconf 90' lang='lat' dir='ltr'><strong>caret</strong></span> <span class='ocrx_word' id='word_1_68' title='bbox 1018 537 1180 577; x_wconf 88' lang='lat' dir='ltr'><strong>scrupulo.</strong></span> <span class='ocrx_word' id='word_1_69' title='bbox 1205 537 1369 574; x_wconf 88' lang='lat' dir='ltr'><strong>Quoniam</strong></span> <span class='ocrx_word' id='word_1_70' title='bbox 1392 536 1484 567; x_wconf 91' lang='lat' dir='ltr'><strong>Chri-</strong></span> 
     </span>
     <span class='ocr_line' id='line_1_17' title="bbox 421 581 1484 623; baseline -0.004 -9"><span class='ocrx_word' id='word_1_71' title='bbox 421 589 506 614; x_wconf 90' lang='lat' dir='ltr'>stum</span> <span class='ocrx_word' id='word_1_72' title='bbox 530 593 597 614; x_wconf 88' lang='lat' dir='ltr'><strong>esse</strong></span> <span class='ocrx_word' id='word_1_73' title='bbox 622 583 818 623; x_wconf 87' lang='lat' dir='ltr'><strong>principium</strong></span> <span class='ocrx_word' id='word_1_74' title='bbox 843 582 1024 612; x_wconf 78' lang='lat' dir='ltr'><strong>universale</strong></span> <span class='ocrx_word' id='word_1_75' title='bbox 1044 581 1175 622; x_wconf 80' lang='lat' dir='ltr'><strong>generis</strong></span> <span class='ocrx_word' id='word_1_76' title='bbox 1200 581 1383 611; x_wconf 81' lang='lat' dir='ltr'><em>habentium</em></span> <span class='ocrx_word' id='word_1_77' title='bbox 1404 589 1484 621; x_wconf 82' lang='lat' dir='ltr'><strong>gra-</strong></span> 
     </span>
     <span class='ocr_line' id='line_1_18' title="bbox 422 624 1484 666; baseline -0.004 -8"><span class='ocrx_word' id='word_1_78' title='bbox 422 628 500 658; x_wconf 84' lang='lat' dir='ltr'><strong>tiam</strong></span> <span class='ocrx_word' id='word_1_79' title='bbox 528 627 696 666; x_wconf 86' lang='lat' dir='ltr'><strong>dupliciter</strong></span> <span class='ocrx_word' id='word_1_80' title='bbox 710 632 816 666; x_wconf 88' lang='lat' dir='ltr'><strong>potest</strong></span> <span class='ocrx_word' id='word_1_81' title='bbox 835 626 983 665; x_wconf 88' lang='lat' dir='ltr'><strong>intelligi:</strong></span> <span class='ocrx_word' id='word_1_82' title='bbox 1008 626 1124 665; x_wconf 87' lang='lat' dir='ltr'><strong>primo,</strong></span> <span class='ocrx_word' id='word_1_83' title='bbox 1143 630 1179 655; x_wconf 89' lang='lat' dir='ltr'><strong>ut</strong></span> <span class='ocrx_word' id='word_1_84' title='bbox 1197 624 1391 664; x_wconf 88' lang='lat' dir='ltr'><strong>principium</strong></span> <span class='ocrx_word' id='word_1_85' title='bbox 1406 633 1484 654; x_wconf 91' lang='lat' dir='ltr'><strong>con-</strong></span> 
     </span>
     <span class='ocr_line' id='line_1_19' title="bbox 421 666 1483 710; baseline -0.005 -8"><span class='ocrx_word' id='word_1_86' title='bbox 421 677 546 702; x_wconf 90' lang='lat' dir='ltr'><strong>tentum</strong></span> <span class='ocrx_word' id='word_1_87' title='bbox 562 672 595 701; x_wconf 90' lang='lat' dir='ltr'><strong>in</strong></span> <span class='ocrx_word' id='word_1_88' title='bbox 610 680 725 710; x_wconf 83' lang='lat' dir='ltr'><strong>genere</strong></span> <span class='ocrx_word' id='word_1_89' title='bbox 741 670 804 706; x_wconf 90' lang='lat' dir='ltr'><strong>tali,</strong></span> <span class='ocrx_word' id='word_1_90' title='bbox 825 670 943 700; x_wconf 89' lang='lat' dir='ltr'><strong>scilicet</strong></span> <span class='ocrx_word' id='word_1_91' title='bbox 958 669 1144 699; x_wconf 87' lang='lat' dir='ltr'><strong>habentium</strong></span> <span class='ocrx_word' id='word_1_92' title='bbox 1159 669 1305 708; x_wconf 88' lang='lat' dir='ltr'><strong>gratiam;</strong></span> <span class='ocrx_word' id='word_1_93' title='bbox 1329 666 1483 702; x_wconf 86' lang='lat' dir='ltr'><strong>secundo,</strong></span> 
     </span>
     <span class='ocr_line' id='line_1_20' title="bbox 422 711 1483 755; baseline -0.006 -9"><span class='ocrx_word' id='word_1_94' title='bbox 422 720 458 746; x_wconf 91' lang='lat' dir='ltr'><strong>ut</strong></span> <span class='ocrx_word' id='word_1_95' title='bbox 472 715 665 755; x_wconf 89' lang='lat' dir='ltr'><strong>principium</strong></span> <span class='ocrx_word' id='word_1_96' title='bbox 681 713 856 744; x_wconf 87' lang='lat' dir='ltr'><strong>universale</strong></span> <span class='ocrx_word' id='word_1_97' title='bbox 871 713 941 743; x_wconf 91' lang='lat' dir='ltr'><strong>talis</strong></span> <span class='ocrx_word' id='word_1_98' title='bbox 955 713 1079 752; x_wconf 88' lang='lat' dir='ltr'><strong>generis</strong></span> <span class='ocrx_word' id='word_1_99' title='bbox 1094 722 1161 742; x_wconf 94' lang='lat' dir='ltr'><strong>non</strong></span> <span class='ocrx_word' id='word_1_100' title='bbox 1178 716 1366 742; x_wconf 87' lang='lat' dir='ltr'><strong>contentum</strong></span> <span class='ocrx_word' id='word_1_101' title='bbox 1381 711 1413 741; x_wconf 90' lang='lat' dir='ltr'><strong>in</strong></span> <span class='ocrx_word' id='word_1_102' title='bbox 1429 711 1483 741; x_wconf 88' lang='lat' dir='ltr'><strong>tali</strong></span> 
     </span>
     <span class='ocr_line' id='line_1_21' title="bbox 421 753 1483 799; baseline -0.005 -10"><span class='ocrx_word' id='word_1_103' title='bbox 421 768 547 799; x_wconf 87' lang='lat' dir='ltr'><strong>genere,</strong></span> <span class='ocrx_word' id='word_1_104' title='bbox 572 757 627 788; x_wconf 86' lang='lat' dir='ltr'><strong>sed</strong></span> <span class='ocrx_word' id='word_1_105' title='bbox 650 767 744 798; x_wconf 90' lang='lat' dir='ltr'><strong>supra</strong></span> <span class='ocrx_word' id='word_1_106' title='bbox 768 756 855 787; x_wconf 91' lang='lat' dir='ltr'><strong>illud.</strong></span> <span class='ocrx_word' id='word_1_107' title='bbox 881 756 913 787; x_wconf 89' lang='lat' dir='ltr'><strong>Si</strong></span> <span class='ocrx_word' id='word_1_108' title='bbox 937 757 1041 796; x_wconf 89' lang='lat' dir='ltr'><strong>primo</strong></span> <span class='ocrx_word' id='word_1_109' title='bbox 1060 755 1160 786; x_wconf 92' lang='lat' dir='ltr'><strong>modo</strong></span> <span class='ocrx_word' id='word_1_110' title='bbox 1183 755 1384 795; x_wconf 83' lang='lat' dir='ltr'><strong>intelligatur,</strong></span> <span class='ocrx_word' id='word_1_111' title='bbox 1409 753 1483 784; x_wconf 88' lang='lat' dir='ltr'><strong>dato</strong></span> 
     </span>
     <span class='ocr_line' id='line_1_22' title="bbox 422 799 1483 842; baseline -0.005 -9"><span class='ocrx_word' id='word_1_112' title='bbox 422 802 511 842; x_wconf 92' lang='lat' dir='ltr'><strong>quod</strong></span> <span class='ocrx_word' id='word_1_113' title='bbox 535 802 574 832; x_wconf 89' lang='lat' dir='ltr'><strong>sit</strong></span> <span class='ocrx_word' id='word_1_114' title='bbox 596 811 678 836; x_wconf 90' lang='lat' dir='ltr'><strong>vera,</strong></span> <span class='ocrx_word' id='word_1_115' title='bbox 703 810 769 831; x_wconf 91' lang='lat' dir='ltr'><strong>non</strong></span> <span class='ocrx_word' id='word_1_116' title='bbox 785 805 891 830; x_wconf 90' lang='lat' dir='ltr'><strong>tamen</strong></span> <span class='ocrx_word' id='word_1_117' title='bbox 911 800 955 830; x_wconf 90' lang='lat' dir='ltr'><strong>sic</strong></span> <span class='ocrx_word' id='word_1_118' title='bbox 971 800 1123 839; x_wconf 89' lang='lat' dir='ltr'><strong>probatur</strong></span> <span class='ocrx_word' id='word_1_119' title='bbox 1137 800 1170 829; x_wconf 91' lang='lat' dir='ltr'><strong>in</strong></span> <span class='ocrx_word' id='word_1_120' title='bbox 1187 799 1303 829; x_wconf 89' lang='lat' dir='ltr'><strong>littera:</strong></span> <span class='ocrx_word' id='word_1_121' title='bbox 1329 799 1483 838; x_wconf 90' lang='lat' dir='ltr'><strong>quoniam</strong></span> 
     </span>
     <span class='ocr_line' id='line_1_23' title="bbox 421 842 1484 882; baseline -0.004 -6"><span class='ocrx_word' id='word_1_122' title='bbox 421 847 455 876; x_wconf 91' lang='lat' dir='ltr'><strong>in</strong></span> <span class='ocrx_word' id='word_1_123' title='bbox 477 846 579 876; x_wconf 88' lang='lat' dir='ltr'><strong>littera</strong></span> <span class='ocrx_word' id='word_1_124' title='bbox 602 845 798 875; x_wconf 90' lang='lat' dir='ltr'><strong>subsumitur</strong></span> <span class='ocrx_word' id='word_1_125' title='bbox 820 844 879 874; x_wconf 91' lang='lat' dir='ltr'><strong>sub</strong></span> <span class='ocrx_word' id='word_1_126' title='bbox 902 844 955 874; x_wconf 92' lang='lat' dir='ltr'><strong>illa</strong></span> <span class='ocrx_word' id='word_1_127' title='bbox 977 844 1098 873; x_wconf 88' lang='lat' dir='ltr'><strong>maiore</strong></span> <span class='ocrx_word' id='word_1_128' title='bbox 1121 843 1160 873; x_wconf 92' lang='lat' dir='ltr'><strong>de</strong></span> <span class='ocrx_word' id='word_1_129' title='bbox 1184 842 1340 882; x_wconf 88' lang='lat' dir='ltr'><strong>principio</strong></span> <span class='ocrx_word' id='word_1_130' title='bbox 1358 842 1484 872; x_wconf 88' lang='lat' dir='ltr'><strong>univer—</strong></span> 
     </span>
     <span class='ocr_line' id='line_1_24' title="bbox 422 886 1484 929; baseline -0.005 -9"><span class='ocrx_word' id='word_1_131' title='bbox 422 890 478 920; x_wconf 86' lang='lat' dir='ltr'><strong>sali</strong></span> <span class='ocrx_word' id='word_1_132' title='bbox 494 895 579 919; x_wconf 87' lang='lat' dir='ltr'><strong>extra</strong></span> <span class='ocrx_word' id='word_1_133' title='bbox 594 898 711 929; x_wconf 90' lang='lat' dir='ltr'><strong>genus;</strong></span> <span class='ocrx_word' id='word_1_134' title='bbox 735 888 816 918; x_wconf 89' lang='lat' dir='ltr'><strong>sicut</strong></span> <span class='ocrx_word' id='word_1_135' title='bbox 836 888 861 917; x_wconf 87' lang='lat' dir='ltr'><strong>si</strong></span> <span class='ocrx_word' id='word_1_136' title='bbox 877 887 925 917; x_wconf 89' lang='lat' dir='ltr'><strong>sol</strong></span> <span class='ocrx_word' id='word_1_137' title='bbox 941 892 1114 927; x_wconf 88' lang='lat' dir='ltr'><strong>poneretur</strong></span> <span class='ocrx_word' id='word_1_138' title='bbox 1126 895 1220 916; x_wconf 88' lang='lat' dir='ltr'><strong>causa</strong></span> <span class='ocrx_word' id='word_1_139' title='bbox 1231 886 1354 926; x_wconf 87' lang='lat' dir='ltr'><strong>generis</strong></span> <span class='ocrx_word' id='word_1_140' title='bbox 1371 895 1484 916; x_wconf 89' lang='lat' dir='ltr'><strong>eorum</strong></span> 
     </span>
     <span class='ocr_line' id='line_1_25' title="bbox 423 931 1484 973; baseline -0.004 -10"><span class='ocrx_word' id='word_1_141' title='bbox 423 942 505 973; x_wconf 90' lang='lat' dir='ltr'><strong>quae</strong></span> <span class='ocrx_word' id='word_1_142' title='bbox 527 937 718 972; x_wconf 87' lang='lat' dir='ltr'><strong>generantur</strong></span> <span class='ocrx_word' id='word_1_143' title='bbox 741 937 772 961; x_wconf 90' lang='lat' dir='ltr'><strong>et</strong></span> <span class='ocrx_word' id='word_1_144' title='bbox 795 937 1059 970; x_wconf 90' lang='lat' dir='ltr'><strong>corrumpuntur,</strong></span> <span class='ocrx_word' id='word_1_145' title='bbox 1091 931 1159 970; x_wconf 91' lang='lat' dir='ltr'><strong>ipse</strong></span> <span class='ocrx_word' id='word_1_146' title='bbox 1182 935 1267 960; x_wconf 88' lang='lat' dir='ltr'><strong>extra</strong></span> <span class='ocrx_word' id='word_1_147' title='bbox 1289 939 1391 970; x_wconf 88' lang='lat' dir='ltr'><strong>genus</strong></span> <span class='ocrx_word' id='word_1_148' title='bbox 1413 939 1484 959; x_wconf 92' lang='lat' dir='ltr'><strong>cor-</strong></span> 
     </span>
     <span class='ocr_line' id='line_1_26' title="bbox 421 972 1483 1016; baseline -0.004 -9"><span class='ocrx_word' id='word_1_149' title='bbox 421 976 620 1016; x_wconf 89' lang='lat' dir='ltr'><strong>ruptibilium</strong></span> <span class='ocrx_word' id='word_1_150' title='bbox 646 975 939 1015; x_wconf 90' lang='lat' dir='ltr'><strong>generabiliumque</strong></span> <span class='ocrx_word' id='word_1_151' title='bbox 970 974 1115 1004; x_wconf 85' lang='lat' dir='ltr'><strong>existens.</strong></span> <span class='ocrx_word' id='word_1_152' title='bbox 1151 973 1183 1004; x_wconf 90' lang='lat' dir='ltr'><strong>Si</strong></span> <span class='ocrx_word' id='word_1_153' title='bbox 1214 972 1356 1004; x_wconf 86' lang='lat' dir='ltr'><strong>secundo</strong></span> <span class='ocrx_word' id='word_1_154' title='bbox 1383 972 1483 1004; x_wconf 90' lang='lat' dir='ltr'><strong>modo</strong></span> 
     </span>
     <span class='ocr_line' id='line_1_27' title="bbox 421 1016 1484 1058; baseline -0.003 -8"><span class='ocrx_word' id='word_1_155' title='bbox 421 1020 622 1058; x_wconf 84' lang='lat' dir='ltr'><strong>intelligatur,</strong></span> <span class='ocrx_word' id='word_1_156' title='bbox 647 1019 825 1058; x_wconf 89' lang='lat' dir='ltr'><strong>propositio</strong></span> <span class='ocrx_word' id='word_1_157' title='bbox 844 1027 912 1048; x_wconf 93' lang='lat' dir='ltr'><strong>non</strong></span> <span class='ocrx_word' id='word_1_158' title='bbox 928 1023 1058 1058; x_wconf 90' lang='lat' dir='ltr'><strong>apparet</strong></span> <span class='ocrx_word' id='word_1_159' title='bbox 1073 1027 1162 1047; x_wconf 84' lang='lat' dir='ltr'><strong>vera:</strong></span> <span class='ocrx_word' id='word_1_160' title='bbox 1186 1026 1261 1047; x_wconf 90' lang='lat' dir='ltr'><strong>nam</strong></span> <span class='ocrx_word' id='word_1_161' title='bbox 1277 1016 1422 1047; x_wconf 86' lang='lat' dir='ltr'><strong>Christus</strong></span> <span class='ocrx_word' id='word_1_162' title='bbox 1438 1022 1484 1047; x_wconf 88' lang='lat' dir='ltr'><strong>est</strong></span> 
     </span>
     <span class='ocr_line' id='line_1_28' title="bbox 421 1061 1483 1102; baseline -0.003 -9"><span class='ocrx_word' id='word_1_163' title='bbox 421 1073 506 1093; x_wconf 90' lang='lat' dir='ltr'><strong>unus</strong></span> <span class='ocrx_word' id='word_1_164' title='bbox 524 1063 709 1093; x_wconf 87' lang='lat' dir='ltr'><strong>habentium</strong></span> <span class='ocrx_word' id='word_1_165' title='bbox 724 1062 865 1102; x_wconf 85' lang='lat' dir='ltr'><strong>gratiam,</strong></span> <span class='ocrx_word' id='word_1_166' title='bbox 888 1066 919 1092; x_wconf 90' lang='lat' dir='ltr'><strong>et</strong></span> <span class='ocrx_word' id='word_1_167' title='bbox 937 1071 1004 1092; x_wconf 92' lang='lat' dir='ltr'><strong>non</strong></span> <span class='ocrx_word' id='word_1_168' title='bbox 1020 1067 1067 1092; x_wconf 86' lang='lat' dir='ltr'><strong>est</strong></span> <span class='ocrx_word' id='word_1_169' title='bbox 1082 1066 1167 1091; x_wconf 86' lang='lat' dir='ltr'><strong>extra</strong></span> <span class='ocrx_word' id='word_1_170' title='bbox 1181 1070 1282 1101; x_wconf 89' lang='lat' dir='ltr'><strong>genus</strong></span> <span class='ocrx_word' id='word_1_171' title='bbox 1297 1061 1483 1091; x_wconf 89' lang='lat' dir='ltr'><strong>habentium</strong></span> 
     </span>
     <span class='ocr_line' id='line_1_29' title="bbox 421 1104 1482 1147; baseline -0.003 -10"><span class='ocrx_word' id='word_1_172' title='bbox 421 1107 562 1147; x_wconf 86' lang='lat' dir='ltr'><strong>gratiam,</strong></span> <span class='ocrx_word' id='word_1_173' title='bbox 586 1107 673 1136; x_wconf 86' lang='lat' dir='ltr'><strong>iuxta</strong></span> <span class='ocrx_word' id='word_1_174' title='bbox 695 1105 783 1141; x_wconf 93' lang='lat' dir='ltr'><strong>illud,</strong></span> <span class='ocrx_word' id='word_1_175' title='bbox 802 1106 936 1146; x_wconf 83' lang='lat' dir='ltr'><strong>plenum</strong></span> <span class='ocrx_word' id='word_1_176' title='bbox 958 1106 1088 1146; x_wconf 81' lang='lat' dir='ltr'><strong>gratiae</strong></span> <span class='ocrx_word' id='word_1_177' title='bbox 1106 1109 1138 1135; x_wconf 86' lang='lat' dir='ltr'><strong>et</strong></span> <span class='ocrx_word' id='word_1_178' title='bbox 1158 1105 1311 1140; x_wconf 79' lang='lat' dir='ltr'><strong>veritatis,</strong></span> <span class='ocrx_word' id='word_1_179' title='bbox 1336 1104 1423 1135; x_wconf 87' lang='lat' dir='ltr'><strong>loan.</strong></span> <span class='ocrx_word' id='word_1_180' title='bbox 1436 1105 1482 1134; x_wconf 61' lang='grc' dir='ltr'><strong>ι’.</strong></span> 
     </span>
     <span class='ocr_line' id='line_1_30' title="bbox 421 1148 1483 1190; baseline -0.003 -9"><span class='ocrx_word' id='word_1_181' title='bbox 421 1151 488 1182; x_wconf 84' lang='lat' dir='ltr'><strong>Aut</strong></span> <span class='ocrx_word' id='word_1_182' title='bbox 509 1151 604 1190; x_wconf 85' lang='lat' dir='ltr'><strong>igitur</strong></span> <span class='ocrx_word' id='word_1_183' title='bbox 626 1150 743 1185; x_wconf 90' lang='lat' dir='ltr'><strong>maior,</strong></span> <span class='ocrx_word' id='word_1_184' title='bbox 773 1149 812 1180; x_wconf 89' lang='lat' dir='ltr'><strong>de</strong></span> <span class='ocrx_word' id='word_1_185' title='bbox 836 1149 1004 1180; x_wconf 87' lang='lat' dir='ltr'><strong>universali</strong></span> <span class='ocrx_word' id='word_1_186' title='bbox 1027 1149 1186 1189; x_wconf 88' lang='lat' dir='ltr'><strong>principio</strong></span> <span class='ocrx_word' id='word_1_187' title='bbox 1208 1154 1244 1179; x_wconf 93' lang='lat' dir='ltr'><strong>ut</strong></span> <span class='ocrx_word' id='word_1_188' title='bbox 1266 1148 1315 1179; x_wconf 86' lang='lat' dir='ltr'><strong>sol</strong></span> <span class='ocrx_word' id='word_1_189' title='bbox 1337 1154 1483 1188; x_wconf 90' lang='lat' dir='ltr'><strong>respectu</strong></span> 
     </span>
     <span class='ocr_line' id='line_1_31' title="bbox 421 1192 1482 1235; baseline -0.002 -11"><span class='ocrx_word' id='word_1_190' title='bbox 421 1194 651 1235; x_wconf 86' lang='lat' dir='ltr'><strong>generabilium</strong></span> <span class='ocrx_word' id='word_1_191' title='bbox 666 1193 834 1229; x_wconf 89' lang='lat' dir='ltr'><strong>intellecta,</strong></span> <span class='ocrx_word' id='word_1_192' title='bbox 850 1203 917 1224; x_wconf 92' lang='lat' dir='ltr'><strong>non</strong></span> <span class='ocrx_word' id='word_1_193' title='bbox 933 1198 979 1223; x_wconf 90' lang='lat' dir='ltr'><strong>est</strong></span> <span class='ocrx_word' id='word_1_194' title='bbox 995 1192 1034 1223; x_wconf 90' lang='lat' dir='ltr'><strong>ad</strong></span> <span class='ocrx_word' id='word_1_195' title='bbox 1050 1193 1262 1233; x_wconf 84' lang='lat' dir='ltr'><strong>propositum.</strong></span> <span class='ocrx_word' id='word_1_196' title='bbox 1285 1192 1352 1222; x_wconf 87' lang='lat' dir='ltr'><strong>Aut</strong></span> <span class='ocrx_word' id='word_1_197' title='bbox 1365 1193 1482 1228; x_wconf 89' lang='lat' dir='ltr'><strong>minor,</strong></span> 
     </span>
     <span class='ocr_line' id='line_1_32' title="bbox 422 1235 1482 1278; baseline -0.002 -10"><span class='ocrx_word' id='word_1_198' title='bbox 422 1237 462 1269; x_wconf 93' lang='lat' dir='ltr'><strong>de</strong></span> <span class='ocrx_word' id='word_1_199' title='bbox 485 1237 630 1274; x_wconf 88' lang='lat' dir='ltr'><strong>Christo,</strong></span> <span class='ocrx_word' id='word_1_200' title='bbox 655 1236 744 1278; x_wconf 92' lang='lat' dir='ltr'><strong>quod</strong></span> <span class='ocrx_word' id='word_1_201' title='bbox 767 1238 806 1267; x_wconf 91' lang='lat' dir='ltr'><strong>sit</strong></span> <span class='ocrx_word' id='word_1_202' title='bbox 829 1237 1005 1267; x_wconf 89' lang='lat' dir='ltr'><strong>universale</strong></span> <span class='ocrx_word' id='word_1_203' title='bbox 1028 1237 1222 1276; x_wconf 90' lang='lat' dir='ltr'><strong>principium</strong></span> <span class='ocrx_word' id='word_1_204' title='bbox 1244 1237 1303 1272; x_wconf 90' lang='lat' dir='ltr'><strong>sic,</strong></span> <span class='ocrx_word' id='word_1_205' title='bbox 1328 1241 1374 1266; x_wconf 89' lang='lat' dir='ltr'><strong>est</strong></span> <span class='ocrx_word' id='word_1_206' title='bbox 1396 1235 1482 1266; x_wconf 85' lang='lat' dir='ltr'><strong>falsa.</strong></span> 
     </span>
    </p>

    <p class='ocr_par' dir='ltr' id='par_1_14' title="bbox 420 1279 1484 1887">
     <span class='ocr_line' id='line_1_33' title="bbox 476 1279 1484 1321; baseline -0.003 -9"><span class='ocrx_word' id='word_1_207' title='bbox 476 1281 527 1312; x_wconf 88' lang='lat' dir='ltr'><strong>Ad</strong></span> <span class='ocrx_word' id='word_1_208' title='bbox 549 1282 612 1312; x_wconf 94' lang='lat' dir='ltr'><strong>hoc</strong></span> <span class='ocrx_word' id='word_1_209' title='bbox 636 1280 751 1312; x_wconf 91' lang='lat' dir='ltr'><strong>dicitur</strong></span> <span class='ocrx_word' id='word_1_210' title='bbox 781 1280 870 1321; x_wconf 94' lang='lat' dir='ltr'><strong>quod</strong></span> <span class='ocrx_word' id='word_1_211' title='bbox 896 1280 1074 1321; x_wconf 88' lang='lat' dir='ltr'><strong>propositio</strong></span> <span class='ocrx_word' id='word_1_212' title='bbox 1103 1280 1171 1316; x_wconf 88' lang='lat' dir='ltr'><strong>illa,</strong></span> <span class='ocrx_word' id='word_1_213' title='bbox 1199 1279 1344 1310; x_wconf 88' lang='lat' dir='ltr'><strong>Christus</strong></span> <span class='ocrx_word' id='word_1_214' title='bbox 1373 1279 1484 1310; x_wconf 86' lang='lat' dir='ltr'><strong>habuit</strong></span> 
     </span>
     <span class='ocr_line' id='line_1_34' title="bbox 420 1323 1482 1368; baseline -0.003 -12"><span class='ocrx_word' id='word_1_215' title='bbox 420 1325 564 1368; x_wconf 82' lang='lat' dir='ltr'><strong>gratiam</strong></span> <span class='ocrx_word' id='word_1_216' title='bbox 594 1329 631 1355; x_wconf 86' lang='lat' dir='ltr'><strong>ut</strong></span> <span class='ocrx_word' id='word_1_217' title='bbox 659 1325 842 1355; x_wconf 79' lang='lat' dir='ltr'><strong>universale</strong></span> <span class='ocrx_word' id='word_1_218' title='bbox 864 1325 1060 1365; x_wconf 84' lang='lat' dir='ltr'><strong>principium</strong></span> <span class='ocrx_word' id='word_1_219' title='bbox 1092 1324 1125 1354; x_wconf 90' lang='lat' dir='ltr'><strong>in</strong></span> <span class='ocrx_word' id='word_1_220' title='bbox 1152 1333 1272 1365; x_wconf 81' lang='lat' dir='ltr'><strong>genere</strong></span> <span class='ocrx_word' id='word_1_221' title='bbox 1300 1323 1482 1354; x_wconf 85' lang='lat' dir='ltr'><strong>habentium</strong></span> 
     </span>
     <span class='ocr_line' id='line_1_35' title="bbox 420 1367 1482 1411; baseline -0.003 -11"><span class='ocrx_word' id='word_1_222' title='bbox 420 1370 574 1411; x_wconf 81' lang='lat' dir='ltr'><strong>gratiam,</strong></span> <span class='ocrx_word' id='word_1_223' title='bbox 597 1369 782 1408; x_wconf 85' lang='lat' dir='ltr'><strong>intelligitur</strong></span> <span class='ocrx_word' id='word_1_224' title='bbox 805 1368 844 1399; x_wconf 90' lang='lat' dir='ltr'><strong>de</strong></span> <span class='ocrx_word' id='word_1_225' title='bbox 867 1369 1024 1408; x_wconf 89' lang='lat' dir='ltr'><strong>principio</strong></span> <span class='ocrx_word' id='word_1_226' title='bbox 1048 1367 1215 1398; x_wconf 85' lang='lat' dir='ltr'><strong>universali</strong></span> <span class='ocrx_word' id='word_1_227' title='bbox 1237 1376 1305 1397; x_wconf 91' lang='lat' dir='ltr'><strong>non</strong></span> <span class='ocrx_word' id='word_1_228' title='bbox 1329 1372 1482 1398; x_wconf 87' lang='lat' dir='ltr'><strong>contento</strong></span> 
     </span>
     <span class='ocr_line' id='line_1_36' title="bbox 421 1410 1482 1452; baseline -0.003 -8"><span class='ocrx_word' id='word_1_229' title='bbox 421 1414 455 1445; x_wconf 90' lang='lat' dir='ltr'><strong>in</strong></span> <span class='ocrx_word' id='word_1_230' title='bbox 477 1413 531 1444; x_wconf 90' lang='lat' dir='ltr'><strong>tali</strong></span> <span class='ocrx_word' id='word_1_231' title='bbox 554 1422 680 1452; x_wconf 88' lang='lat' dir='ltr'><strong>genere.</strong></span> <span class='ocrx_word' id='word_1_232' title='bbox 709 1413 754 1443; x_wconf 90' lang='lat' dir='ltr'><strong>Ita</strong></span> <span class='ocrx_word' id='word_1_233' title='bbox 777 1412 866 1452; x_wconf 89' lang='lat' dir='ltr'><strong>quod</strong></span> <span class='ocrx_word' id='word_1_234' title='bbox 890 1411 1134 1442; x_wconf 88' lang='lat' dir='ltr'><strong>concedendum</strong></span> <span class='ocrx_word' id='word_1_235' title='bbox 1157 1417 1203 1441; x_wconf 88' lang='lat' dir='ltr'><strong>est</strong></span> <span class='ocrx_word' id='word_1_236' title='bbox 1225 1410 1315 1451; x_wconf 93' lang='lat' dir='ltr'><strong>quod</strong></span> <span class='ocrx_word' id='word_1_237' title='bbox 1338 1411 1482 1442; x_wconf 89' lang='lat' dir='ltr'><strong>Christus</strong></span> 
     </span>
     <span class='ocr_line' id='line_1_37' title="bbox 420 1455 1481 1496; baseline -0.003 -9"><span class='ocrx_word' id='word_1_238' title='bbox 420 1467 489 1488; x_wconf 90' lang='lat' dir='ltr'><strong>non</strong></span> <span class='ocrx_word' id='word_1_239' title='bbox 512 1462 559 1487; x_wconf 91' lang='lat' dir='ltr'><strong>est</strong></span> <span class='ocrx_word' id='word_1_240' title='bbox 581 1457 615 1487; x_wconf 91' lang='lat' dir='ltr'><strong>in</strong></span> <span class='ocrx_word' id='word_1_241' title='bbox 637 1465 770 1496; x_wconf 87' lang='lat' dir='ltr'><strong>genere,</strong></span> <span class='ocrx_word' id='word_1_242' title='bbox 802 1455 857 1486; x_wconf 91' lang='lat' dir='ltr'><strong>sed</strong></span> <span class='ocrx_word' id='word_1_243' title='bbox 885 1465 980 1495; x_wconf 92' lang='lat' dir='ltr'><strong>supra</strong></span> <span class='ocrx_word' id='word_1_244' title='bbox 1001 1465 1102 1494; x_wconf 87' lang='lat' dir='ltr'><strong>genus</strong></span> <span class='ocrx_word' id='word_1_245' title='bbox 1124 1455 1310 1485; x_wconf 88' lang='lat' dir='ltr'><strong>habentium</strong></span> <span class='ocrx_word' id='word_1_246' title='bbox 1333 1455 1481 1494; x_wconf 84' lang='lat' dir='ltr'><strong>gran&#39;am:</strong></span> 
     </span>
     <span class='ocr_line' id='line_1_38' title="bbox 422 1498 1481 1541; baseline -0.003 -10"><span class='ocrx_word' id='word_1_247' title='bbox 422 1501 577 1541; x_wconf 86' lang='lat' dir='ltr'><strong>quoniam</strong></span> <span class='ocrx_word' id='word_1_248' title='bbox 593 1506 639 1530; x_wconf 89' lang='lat' dir='ltr'><strong>est</strong></span> <span class='ocrx_word' id='word_1_249' title='bbox 654 1509 749 1539; x_wconf 89' lang='lat' dir='ltr'><strong>supra</strong></span> <span class='ocrx_word' id='word_1_250' title='bbox 763 1500 1003 1539; x_wconf 86' lang='lat' dir='ltr'><strong>generationem</strong></span> <span class='ocrx_word' id='word_1_251' title='bbox 1018 1499 1204 1528; x_wconf 88' lang='lat' dir='ltr'><strong>habentium</strong></span> <span class='ocrx_word' id='word_1_252' title='bbox 1218 1498 1350 1537; x_wconf 88' lang='lat' dir='ltr'><strong>gratiam</strong></span> <span class='ocrx_word' id='word_1_253' title='bbox 1365 1499 1398 1528; x_wconf 91' lang='lat' dir='ltr'><strong>in</strong></span> <span class='ocrx_word' id='word_1_254' title='bbox 1415 1507 1481 1528; x_wconf 90' lang='lat' dir='ltr'><strong>esse</strong></span> 
     </span>
     <span class='ocr_line' id='line_1_39' title="bbox 421 1541 1481 1584; baseline -0.003 -10"><span class='ocrx_word' id='word_1_255' title='bbox 421 1545 548 1584; x_wconf 88' lang='lat' dir='ltr'><strong>gratiae.</strong></span> <span class='ocrx_word' id='word_1_256' title='bbox 571 1561 594 1566; x_wconf 91' lang='lat'>—</span> <span class='ocrx_word' id='word_1_257' title='bbox 616 1543 684 1573; x_wconf 93' lang='lat' dir='ltr'><strong>Nec</strong></span> <span class='ocrx_word' id='word_1_258' title='bbox 714 1548 883 1583; x_wconf 88' lang='lat' dir='ltr'><strong>propterea</strong></span> <span class='ocrx_word' id='word_1_259' title='bbox 913 1543 1055 1582; x_wconf 88' lang='lat' dir='ltr'><strong>sequitur</strong></span> <span class='ocrx_word' id='word_1_260' title='bbox 1086 1541 1248 1572; x_wconf 88' lang='lat' dir='ltr'><strong>Christum</strong></span> <span class='ocrx_word' id='word_1_261' title='bbox 1276 1551 1343 1571; x_wconf 88' lang='lat' dir='ltr'><strong>non</strong></span> <span class='ocrx_word' id='word_1_262' title='bbox 1366 1542 1481 1572; x_wconf 89' lang='lat' dir='ltr'><strong>habere</strong></span> 
     </span>
     <span class='ocr_line' id='line_1_40' title="bbox 421 1585 1483 1628; baseline -0.004 -10"><span class='ocrx_word' id='word_1_263' title='bbox 421 1589 569 1628; x_wconf 85' lang='lat' dir='ltr'><strong>gratiam:</strong></span> <span class='ocrx_word' id='word_1_264' title='bbox 601 1587 656 1617; x_wconf 92' lang='lat' dir='ltr'><strong>sed</strong></span> <span class='ocrx_word' id='word_1_265' title='bbox 685 1596 753 1616; x_wconf 93' lang='lat' dir='ltr'><strong>non</strong></span> <span class='ocrx_word' id='word_1_266' title='bbox 783 1587 898 1616; x_wconf 88' lang='lat' dir='ltr'><strong>habere</strong></span> <span class='ocrx_word' id='word_1_267' title='bbox 922 1586 1052 1625; x_wconf 88' lang='lat' dir='ltr'><strong>gratiam</strong></span> <span class='ocrx_word' id='word_1_268' title='bbox 1075 1594 1132 1625; x_wconf 89' lang='lat' dir='ltr'><strong>per</strong></span> <span class='ocrx_word' id='word_1_269' title='bbox 1153 1585 1392 1624; x_wconf 86' lang='lat' dir='ltr'><strong>generationem</strong></span> <span class='ocrx_word' id='word_1_270' title='bbox 1419 1594 1483 1624; x_wconf 91' lang='lat' dir='ltr'><strong>qua</strong></span> 
     </span>
     <span class='ocr_line' id='line_1_41' title="bbox 421 1628 1482 1670; baseline -0.004 -8"><span class='ocrx_word' id='word_1_271' title='bbox 421 1631 503 1662; x_wconf 88' lang='lat' dir='ltr'><strong>fiunt</strong></span> <span class='ocrx_word' id='word_1_272' title='bbox 518 1631 670 1661; x_wconf 90' lang='lat' dir='ltr'><strong>habentes</strong></span> <span class='ocrx_word' id='word_1_273' title='bbox 682 1630 823 1670; x_wconf 86' lang='lat' dir='ltr'><strong>gratiam.</strong></span> <span class='ocrx_word' id='word_1_274' title='bbox 841 1630 896 1660; x_wconf 89' lang='lat' dir='ltr'><strong>Est</strong></span> <span class='ocrx_word' id='word_1_275' title='bbox 913 1628 1070 1669; x_wconf 88' lang='lat' dir='ltr'><strong>siquidem</strong></span> <span class='ocrx_word' id='word_1_276' title='bbox 1086 1629 1167 1659; x_wconf 91' lang='lat' dir='ltr'><strong>inter</strong></span> <span class='ocrx_word' id='word_1_277' title='bbox 1179 1628 1342 1658; x_wconf 88' lang='lat' dir='ltr'><strong>Christum</strong></span> <span class='ocrx_word' id='word_1_278' title='bbox 1358 1633 1389 1658; x_wconf 90' lang='lat' dir='ltr'><strong>et</strong></span> <span class='ocrx_word' id='word_1_279' title='bbox 1404 1628 1482 1658; x_wconf 87' lang='lat' dir='ltr'><strong>alios</strong></span> 
     </span>
     <span class='ocr_line' id='line_1_42' title="bbox 420 1672 1482 1714; baseline -0.004 -8"><span class='ocrx_word' id='word_1_280' title='bbox 420 1676 573 1706; x_wconf 89' lang='lat' dir='ltr'><strong>habentes</strong></span> <span class='ocrx_word' id='word_1_281' title='bbox 588 1675 719 1714; x_wconf 88' lang='lat' dir='ltr'><strong>gratiam</strong></span> <span class='ocrx_word' id='word_1_282' title='bbox 742 1674 820 1704; x_wconf 88' lang='lat' dir='ltr'><strong>haec</strong></span> <span class='ocrx_word' id='word_1_283' title='bbox 836 1673 1021 1709; x_wconf 84' lang='lat' dir='ltr'><strong>differentia,</strong></span> <span class='ocrx_word' id='word_1_284' title='bbox 1045 1672 1134 1712; x_wconf 92' lang='lat' dir='ltr'><strong>quod</strong></span> <span class='ocrx_word' id='word_1_285' title='bbox 1149 1673 1202 1702; x_wconf 89' lang='lat' dir='ltr'><strong>alii</strong></span> <span class='ocrx_word' id='word_1_286' title='bbox 1219 1672 1336 1702; x_wconf 91' lang='lat' dir='ltr'><strong>habent</strong></span> <span class='ocrx_word' id='word_1_287' title='bbox 1351 1673 1482 1711; x_wconf 87' lang='lat' dir='ltr'><strong>gratiam</strong></span> 
     </span>
     <span class='ocr_line' id='line_1_43' title="bbox 420 1715 1482 1759; baseline -0.003 -10"><span class='ocrx_word' id='word_1_288' title='bbox 420 1729 478 1759; x_wconf 90' lang='lat' dir='ltr'><strong>per</strong></span> <span class='ocrx_word' id='word_1_289' title='bbox 497 1718 720 1758; x_wconf 89' lang='lat' dir='ltr'><strong>adoptionem:</strong></span> <span class='ocrx_word' id='word_1_290' title='bbox 746 1717 890 1748; x_wconf 90' lang='lat' dir='ltr'><strong>Christus</strong></span> <span class='ocrx_word' id='word_1_291' title='bbox 906 1723 1013 1747; x_wconf 87' lang='lat' dir='ltr'><strong>autem</strong></span> <span class='ocrx_word' id='word_1_292' title='bbox 1036 1726 1104 1746; x_wconf 91' lang='lat' dir='ltr'><strong>non</strong></span> <span class='ocrx_word' id='word_1_293' title='bbox 1119 1725 1177 1756; x_wconf 88' lang='lat' dir='ltr'><strong>per</strong></span> <span class='ocrx_word' id='word_1_294' title='bbox 1192 1715 1410 1755; x_wconf 89' lang='lat' dir='ltr'><strong>adoptionem,</strong></span> <span class='ocrx_word' id='word_1_295' title='bbox 1427 1715 1482 1746; x_wconf 90' lang='lat' dir='ltr'><strong>sed</strong></span> 
     </span>
     <span class='ocr_line' id='line_1_44' title="bbox 421 1759 1482 1803; baseline -0.003 -11"><span class='ocrx_word' id='word_1_296' title='bbox 421 1773 478 1803; x_wconf 90' lang='lat' dir='ltr'><strong>per</strong></span> <span class='ocrx_word' id='word_1_297' title='bbox 493 1768 647 1792; x_wconf 88' lang='lat' dir='ltr'><strong>naturam.</strong></span> <span class='ocrx_word' id='word_1_298' title='bbox 667 1761 749 1791; x_wconf 90' lang='lat' dir='ltr'><strong>Nam</strong></span> <span class='ocrx_word' id='word_1_299' title='bbox 766 1762 861 1791; x_wconf 90' lang='lat' dir='ltr'><strong>ceteri</strong></span> <span class='ocrx_word' id='word_1_300' title='bbox 877 1760 932 1790; x_wconf 88' lang='lat' dir='ltr'><strong>filii</strong></span> <span class='ocrx_word' id='word_1_301' title='bbox 949 1766 1022 1790; x_wconf 90' lang='lat' dir='ltr'><strong>sunt</strong></span> <span class='ocrx_word' id='word_1_302' title='bbox 1037 1759 1194 1799; x_wconf 86' lang='lat' dir='ltr'><strong>adoptivi:</strong></span> <span class='ocrx_word' id='word_1_303' title='bbox 1216 1759 1359 1790; x_wconf 89' lang='lat' dir='ltr'><strong>Christus</strong></span> <span class='ocrx_word' id='word_1_304' title='bbox 1375 1765 1482 1790; x_wconf 88' lang='lat' dir='ltr'><strong>autem</strong></span> 
     </span>
     <span class='ocr_line' id='line_1_45' title="bbox 421 1802 1480 1843; baseline -0.004 -7"><span class='ocrx_word' id='word_1_305' title='bbox 421 1816 499 1841; x_wconf 89' lang='lat' dir='ltr'><strong>non,</strong></span> <span class='ocrx_word' id='word_1_306' title='bbox 524 1805 579 1836; x_wconf 91' lang='lat' dir='ltr'><strong>sed</strong></span> <span class='ocrx_word' id='word_1_307' title='bbox 595 1805 634 1835; x_wconf 91' lang='lat' dir='ltr'><strong>de</strong></span> <span class='ocrx_word' id='word_1_308' title='bbox 650 1815 700 1840; x_wconf 89' lang='lat' dir='ltr'><strong>eo,</strong></span> <span class='ocrx_word' id='word_1_309' title='bbox 725 1805 803 1834; x_wconf 91' lang='lat' dir='ltr'><strong>Luc.</strong></span> <span class='ocrx_word' id='word_1_310' title='bbox 821 1814 831 1834; x_wconf 90' lang='lat'>1</span> <span class='ocrx_word' id='word_1_311' title='bbox 847 1806 873 1840; x_wconf 55' lang='lat'><strong>³,</strong></span> <span class='ocrx_word' id='word_1_312' title='bbox 897 1804 937 1834; x_wconf 94' lang='lat' dir='ltr'><strong>ad</strong></span> <span class='ocrx_word' id='word_1_313' title='bbox 956 1804 1086 1834; x_wconf 88' lang='lat' dir='ltr'><strong>Beatam</strong></span> <span class='ocrx_word' id='word_1_314' title='bbox 1102 1803 1265 1843; x_wconf 87' lang='lat' dir='ltr'><strong>Virginem</strong></span> <span class='ocrx_word' id='word_1_315' title='bbox 1281 1802 1402 1833; x_wconf 89' lang='lat' dir='ltr'><strong>dictum</strong></span> <span class='ocrx_word' id='word_1_316' title='bbox 1418 1809 1480 1833; x_wconf 92' lang='lat' dir='ltr'><strong>est:</strong></span> 
     </span>
     <span class='ocr_line' id='line_1_46' title="bbox 424 1846 1481 1887; baseline -0.004 -7"><span class='ocrx_word' id='word_1_317' title='bbox 424 1849 520 1886; x_wconf 85' lang='lat' dir='ltr'><strong>Quod</strong></span> <span class='ocrx_word' id='word_1_318' title='bbox 542 1858 583 1879; x_wconf 85' lang='lat' dir='ltr'><strong>ex</strong></span> <span class='ocrx_word' id='word_1_319' title='bbox 599 1854 629 1879; x_wconf 91' lang='lat' dir='ltr'><strong>te</strong></span> <span class='ocrx_word' id='word_1_320' title='bbox 651 1853 802 1878; x_wconf 88' lang='lat' dir='ltr'><strong>nascetur</strong></span> <span class='ocrx_word' id='word_1_321' title='bbox 823 1852 978 1878; x_wconf 88' lang='lat' dir='ltr'><strong>sanctum.</strong></span> <span class='ocrx_word' id='word_1_322' title='bbox 1003 1847 1088 1877; x_wconf 92' lang='lat' dir='ltr'><strong>Cum</strong></span> <span class='ocrx_word' id='word_1_323' title='bbox 1105 1856 1180 1886; x_wconf 86' lang='lat' dir='ltr'><strong>ergo</strong></span> <span class='ocrx_word' id='word_1_324' title='bbox 1196 1846 1283 1886; x_wconf 88' lang='lat' dir='ltr'><strong>legis,</strong></span> <span class='ocrx_word' id='word_1_325' title='bbox 1306 1856 1410 1887; x_wconf 84' lang='lat' dir='ltr'><strong>genus</strong></span> <span class='ocrx_word' id='word_1_326' title='bbox 1425 1847 1481 1877; x_wconf 90' lang='lat' dir='ltr'><strong>ha-</strong></span> 
     </span>
    </p>
   </div>
   <div class='ocr_carea' id='block_1_13' title="bbox 1527 407 2596 450">
    <p class='ocr_par' dir='ltr' id='par_1_15' title="bbox 1527 407 2596 450">
     <span class='ocr_line' id='line_1_47' title="bbox 1527 407 2596 450; baseline 0.004 -13"><span class='ocrx_word' id='word_1_327' title='bbox 1527 407 1680 447; x_wconf 89' lang='lat' dir='ltr'><strong>filiorum</strong></span> <span class='ocrx_word' id='word_1_328' title='bbox 1699 407 1924 448; x_wconf 79' lang='lat' dir='ltr'><strong>adoptivorum</strong></span> <span class='ocrx_word' id='word_1_329' title='bbox 1938 408 2020 438; x_wconf 87' lang='lat' dir='ltr'><strong>Dei:</strong></span> <span class='ocrx_word' id='word_1_330' title='bbox 2043 408 2197 448; x_wconf 90' lang='lat' dir='ltr'><strong>quoniam</strong></span> <span class='ocrx_word' id='word_1_331' title='bbox 2211 417 2313 448; x_wconf 80' lang='lat' dir='ltr'><strong>genus</strong></span> <span class='ocrx_word' id='word_1_332' title='bbox 2326 409 2512 445; x_wconf 77' lang='lat' dir='ltr'><strong>habentium</strong></span> <span class='ocrx_word' id='word_1_333' title='bbox 2524 418 2596 450; x_wconf 81' lang='lat' dir='ltr'><strong>gra-</strong></span> 
     </span>
    </p>
   </div>
   <div class='ocr_carea' id='block_1_14' title="bbox 1536 450 2599 1891">
    <p class='ocr_par' dir='ltr' id='par_1_16' title="bbox 1537 450 2597 700">
     <span class='ocr_line' id='line_1_48' title="bbox 1537 450 2596 491; baseline 0.004 -11"><span class='ocrx_word' id='word_1_334' title='bbox 1537 451 1614 480; x_wconf 90' lang='lat' dir='ltr'><strong>tiam</strong></span> <span class='ocrx_word' id='word_1_335' title='bbox 1637 460 1694 490; x_wconf 87' lang='lat' dir='ltr'><strong>per</strong></span> <span class='ocrx_word' id='word_1_336' title='bbox 1716 450 1924 491; x_wconf 88' lang='lat' dir='ltr'><strong>adoptionem</strong></span> <span class='ocrx_word' id='word_1_337' title='bbox 1948 457 2004 482; x_wconf 90' lang='lat' dir='ltr'><strong>est.</strong></span> <span class='ocrx_word' id='word_1_338' title='bbox 2028 451 2068 482; x_wconf 90' lang='lat' dir='ltr'><strong>Et</strong></span> <span class='ocrx_word' id='word_1_339' title='bbox 2092 452 2167 491; x_wconf 92' lang='lat' dir='ltr'><strong>quia</strong></span> <span class='ocrx_word' id='word_1_340' title='bbox 2190 451 2333 484; x_wconf 91' lang='lat' dir='ltr'><strong>Christus</strong></span> <span class='ocrx_word' id='word_1_341' title='bbox 2356 458 2404 483; x_wconf 85' lang='lat' dir='ltr'><strong>est</strong></span> <span class='ocrx_word' id='word_1_342' title='bbox 2420 453 2596 484; x_wconf 81' lang='lat' dir='ltr'><strong>universale</strong></span> 
     </span>
     <span class='ocr_line' id='line_1_49' title="bbox 1538 494 2596 537; baseline 0.003 -13"><span class='ocrx_word' id='word_1_343' title='bbox 1538 494 1731 534; x_wconf 90' lang='lat' dir='ltr'><strong>principium</strong></span> <span class='ocrx_word' id='word_1_344' title='bbox 1753 495 1876 534; x_wconf 91' lang='lat' dir='ltr'><strong>generis</strong></span> <span class='ocrx_word' id='word_1_345' title='bbox 1898 495 2084 525; x_wconf 83' lang='lat' dir='ltr'><strong>habentium</strong></span> <span class='ocrx_word' id='word_1_346' title='bbox 2106 495 2247 535; x_wconf 85' lang='lat' dir='ltr'><strong>gratiam,</strong></span> <span class='ocrx_word' id='word_1_347' title='bbox 2271 495 2352 525; x_wconf 89' lang='lat' dir='ltr'><strong>sicut</strong></span> <span class='ocrx_word' id='word_1_348' title='bbox 2375 496 2400 526; x_wconf 92' lang='lat' dir='ltr'><strong>si</strong></span> <span class='ocrx_word' id='word_1_349' title='bbox 2423 496 2472 526; x_wconf 93' lang='lat' dir='ltr'><strong>sol</strong></span> <span class='ocrx_word' id='word_1_350' title='bbox 2494 505 2596 537; x_wconf 87' lang='lat' dir='ltr'><strong>pone-</strong></span> 
     </span>
     <span class='ocr_line' id='line_1_50' title="bbox 1538 538 2596 578; baseline 0.003 -11"><span class='ocrx_word' id='word_1_351' title='bbox 1538 543 1624 568; x_wconf 87' lang='lat' dir='ltr'><strong>retur</strong></span> <span class='ocrx_word' id='word_1_352' title='bbox 1646 538 1822 568; x_wconf 84' lang='lat' dir='ltr'><strong>universale</strong></span> <span class='ocrx_word' id='word_1_353' title='bbox 1844 539 2038 578; x_wconf 90' lang='lat' dir='ltr'><strong>principium</strong></span> <span class='ocrx_word' id='word_1_354' title='bbox 2053 539 2281 578; x_wconf 86' lang='lat' dir='ltr'><strong>generabilium</strong></span> <span class='ocrx_word' id='word_1_355' title='bbox 2305 538 2482 570; x_wconf 88' lang='lat' dir='ltr'><strong>secundum</strong></span> <span class='ocrx_word' id='word_1_356' title='bbox 2504 545 2596 571; x_wconf 77' lang='lat' dir='ltr'><strong>natu-</strong></span> 
     </span>
     <span class='ocr_line' id='line_1_51' title="bbox 1538 581 2596 622; baseline 0.003 -11"><span class='ocrx_word' id='word_1_357' title='bbox 1538 590 1615 616; x_wconf 84' lang='lat' dir='ltr'><strong>ram,</strong></span> <span class='ocrx_word' id='word_1_358' title='bbox 1631 581 1705 612; x_wconf 84' lang='lat' dir='ltr'><strong>ideo</strong></span> <span class='ocrx_word' id='word_1_359' title='bbox 1721 586 1850 621; x_wconf 88' lang='lat' dir='ltr'><strong>oportet</strong></span> <span class='ocrx_word' id='word_1_360' title='bbox 1867 582 1957 622; x_wconf 92' lang='lat' dir='ltr'><strong>quod</strong></span> <span class='ocrx_word' id='word_1_361' title='bbox 1971 583 2070 622; x_wconf 87' lang='lat' dir='ltr'><strong>gratia</strong></span> <span class='ocrx_word' id='word_1_362' title='bbox 2085 582 2202 612; x_wconf 87' lang='lat' dir='ltr'><strong>Christi</strong></span> <span class='ocrx_word' id='word_1_363' title='bbox 2218 582 2364 613; x_wconf 85' lang='lat' dir='ltr'><strong>extendat</strong></span> <span class='ocrx_word' id='word_1_364' title='bbox 2380 592 2414 613; x_wconf 85' lang='lat' dir='ltr'><strong>se</strong></span> <span class='ocrx_word' id='word_1_365' title='bbox 2429 582 2469 613; x_wconf 83' lang='lat' dir='ltr'><strong>ad</strong></span> <span class='ocrx_word' id='word_1_366' title='bbox 2484 592 2596 614; x_wconf 88' lang='lat' dir='ltr'><strong>omnes</strong></span> 
     </span>
     <span class='ocr_line' id='line_1_52' title="bbox 1538 624 2597 666; baseline 0.004 -11"><span class='ocrx_word' id='word_1_367' title='bbox 1538 626 1654 664; x_wconf 84' lang='lat' dir='ltr'><strong>gratiae</strong></span> <span class='ocrx_word' id='word_1_368' title='bbox 1678 624 1818 661; x_wconf 82' lang='lat' dir='ltr'><strong>effectus,</strong></span> <span class='ocrx_word' id='word_1_369' title='bbox 1842 626 1923 656; x_wconf 88' lang='lat' dir='ltr'><strong>sicut</strong></span> <span class='ocrx_word' id='word_1_370' title='bbox 1944 626 2043 656; x_wconf 84' lang='lat' dir='ltr'><strong>virtus</strong></span> <span class='ocrx_word' id='word_1_371' title='bbox 2058 626 2134 656; x_wconf 86' lang='lat' dir='ltr'><strong>solis</strong></span> <span class='ocrx_word' id='word_1_372' title='bbox 2156 625 2196 656; x_wconf 88' lang='lat' dir='ltr'><strong>ad</strong></span> <span class='ocrx_word' id='word_1_373' title='bbox 2219 626 2328 656; x_wconf 80' lang='lat' dir='ltr'><strong>omnia</strong></span> <span class='ocrx_word' id='word_1_374' title='bbox 2350 627 2542 666; x_wconf 73' lang='lat' dir='ltr'><strong>generabilia</strong></span> <span class='ocrx_word' id='word_1_375' title='bbox 2562 628 2597 658; x_wconf 80' lang='lat' dir='ltr'><strong>in</strong></span> 
     </span>
     <span class='ocr_line' id='line_1_53' title="bbox 1538 669 1920 700; baseline 0.005 -2"><span class='ocrx_word' id='word_1_376' title='bbox 1538 674 1650 699; x_wconf 90' lang='lat' dir='ltr'><strong>natura</strong></span> <span class='ocrx_word' id='word_1_377' title='bbox 1672 678 1706 699; x_wconf 89' lang='lat' dir='ltr'><strong>se</strong></span> <span class='ocrx_word' id='word_1_378' title='bbox 1729 669 1920 700; x_wconf 85' lang='lat' dir='ltr'><strong>extenderet.</strong></span> 
     </span>
    </p>

    <p class='ocr_par' dir='ltr' id='par_1_17' title="bbox 1536 712 2599 1891">
     <span class='ocr_line' id='line_1_54' title="bbox 1594 712 2597 752; baseline 0.003 -10"><span class='ocrx_word' id='word_1_379' title='bbox 1594 712 1645 742; x_wconf 92' lang='lat' dir='ltr'><strong>IV.</strong></span> <span class='ocrx_word' id='word_1_380' title='bbox 1666 712 1702 742; x_wconf 93' lang='lat' dir='ltr'><strong>In</strong></span> <span class='ocrx_word' id='word_1_381' title='bbox 1716 713 1926 752; x_wconf 88' lang='lat' dir='ltr'><strong>responsione</strong></span> <span class='ocrx_word' id='word_1_382' title='bbox 1941 712 1980 743; x_wconf 91' lang='lat' dir='ltr'><strong>ad</strong></span> <span class='ocrx_word' id='word_1_383' title='bbox 1995 713 2123 744; x_wconf 87' lang='lat' dir='ltr'><strong>tertium</strong></span> <span class='ocrx_word' id='word_1_384' title='bbox 2140 713 2282 744; x_wconf 89' lang='lat' dir='ltr'><strong>eiusdem</strong></span> <span class='ocrx_word' id='word_1_385' title='bbox 2298 714 2420 745; x_wconf 84' lang='lat' dir='ltr'><strong>articuli</strong></span> <span class='ocrx_word' id='word_1_386' title='bbox 2432 715 2458 751; x_wconf 71' lang='lat'><strong>*‚</strong></span> <span class='ocrx_word' id='word_1_387' title='bbox 2471 713 2597 746; x_wconf 83' lang='lat' dir='ltr'><strong>adverte</strong></span> 
     </span>
     <span class='ocr_line' id='line_1_55' title="bbox 1539 755 2598 797; baseline 0.004 -12"><span class='ocrx_word' id='word_1_388' title='bbox 1539 755 1628 795; x_wconf 91' lang='lat' dir='ltr'><strong>quod</strong></span> <span class='ocrx_word' id='word_1_389' title='bbox 1651 755 1736 786; x_wconf 90' lang='lat' dir='ltr'><strong>aliud</strong></span> <span class='ocrx_word' id='word_1_390' title='bbox 1760 761 1806 786; x_wconf 88' lang='lat' dir='ltr'><strong>est</strong></span> <span class='ocrx_word' id='word_1_391' title='bbox 1828 756 1919 796; x_wconf 91' lang='lat' dir='ltr'><strong>loqui</strong></span> <span class='ocrx_word' id='word_1_392' title='bbox 1943 755 1982 787; x_wconf 90' lang='lat' dir='ltr'><strong>de</strong></span> <span class='ocrx_word' id='word_1_393' title='bbox 2004 757 2103 797; x_wconf 87' lang='lat' dir='ltr'><strong>gratia</strong></span> <span class='ocrx_word' id='word_1_394' title='bbox 2125 756 2308 793; x_wconf 82' lang='lat' dir='ltr'><strong>formaliter,</strong></span> <span class='ocrx_word' id='word_1_395' title='bbox 2331 758 2395 788; x_wconf 89' lang='lat' dir='ltr'><strong>hoc</strong></span> <span class='ocrx_word' id='word_1_396' title='bbox 2411 763 2457 788; x_wconf 91' lang='lat' dir='ltr'><strong>est</strong></span> <span class='ocrx_word' id='word_1_397' title='bbox 2475 758 2534 788; x_wconf 91' lang='lat' dir='ltr'><strong>sub</strong></span> <span class='ocrx_word' id='word_1_398' title='bbox 2550 768 2598 789; x_wconf 92' lang='lat' dir='ltr'><strong>ra-</strong></span> 
     </span>
     <span class='ocr_line' id='line_1_56' title="bbox 1537 799 2598 842; baseline 0.004 -13"><span class='ocrx_word' id='word_1_399' title='bbox 1537 799 1625 830; x_wconf 84' lang='lat' dir='ltr'><strong>tione</strong></span> <span class='ocrx_word' id='word_1_400' title='bbox 1648 800 1780 839; x_wconf 86' lang='lat' dir='ltr'><strong>gratiae:</strong></span> <span class='ocrx_word' id='word_1_401' title='bbox 1806 805 1837 830; x_wconf 92' lang='lat' dir='ltr'><strong>et</strong></span> <span class='ocrx_word' id='word_1_402' title='bbox 1860 799 1945 830; x_wconf 83' lang='lat' dir='ltr'><strong>aliud</strong></span> <span class='ocrx_word' id='word_1_403' title='bbox 1968 800 2008 831; x_wconf 90' lang='lat' dir='ltr'><strong>de</strong></span> <span class='ocrx_word' id='word_1_404' title='bbox 2030 801 2098 840; x_wconf 87' lang='lat' dir='ltr'><strong>ipsa</strong></span> <span class='ocrx_word' id='word_1_405' title='bbox 2117 810 2162 837; x_wconf 86' lang='lat' dir='ltr'><strong>re,</strong></span> <span class='ocrx_word' id='word_1_406' title='bbox 2185 801 2286 832; x_wconf 88' lang='lat' dir='ltr'><strong>immo</strong></span> <span class='ocrx_word' id='word_1_407' title='bbox 2307 801 2382 842; x_wconf 84' lang='lat' dir='ltr'><strong>ipsis</strong></span> <span class='ocrx_word' id='word_1_408' title='bbox 2401 802 2495 832; x_wconf 90' lang='lat' dir='ltr'><strong>rebus</strong></span> <span class='ocrx_word' id='word_1_409' title='bbox 2515 810 2598 842; x_wconf 87' lang='lat' dir='ltr'><strong>quae</strong></span> 
     </span>
     <span class='ocr_line' id='line_1_57' title="bbox 1538 843 2598 885; baseline 0.003 -12"><span class='ocrx_word' id='word_1_410' title='bbox 1538 849 1612 873; x_wconf 90' lang='lat' dir='ltr'><strong>sunt</strong></span> <span class='ocrx_word' id='word_1_411' title='bbox 1633 843 1744 884; x_wconf 84' lang='lat' dir='ltr'><strong>gratia</strong></span> <span class='ocrx_word' id='word_1_412' title='bbox 1767 849 1798 874; x_wconf 89' lang='lat' dir='ltr'><strong>et</strong></span> <span class='ocrx_word' id='word_1_413' title='bbox 1821 843 1907 874; x_wconf 84' lang='lat' dir='ltr'><strong>dona</strong></span> <span class='ocrx_word' id='word_1_414' title='bbox 1928 844 2067 885; x_wconf 80' lang='lat' dir='ltr'><strong>gratiae.</strong></span> <span class='ocrx_word' id='word_1_415' title='bbox 2091 844 2174 875; x_wconf 87' lang='lat' dir='ltr'><strong>Nam</strong></span> <span class='ocrx_word' id='word_1_416' title='bbox 2188 845 2286 884; x_wconf 81' lang='lat' dir='ltr'><strong>gratia</strong></span> <span class='ocrx_word' id='word_1_417' title='bbox 2307 853 2375 875; x_wconf 88' lang='lat' dir='ltr'><strong>non</strong></span> <span class='ocrx_word' id='word_1_418' title='bbox 2390 846 2550 876; x_wconf 84' lang='lat' dir='ltr'><strong>invenitur</strong></span> <span class='ocrx_word' id='word_1_419' title='bbox 2563 847 2598 876; x_wconf 89' lang='lat' dir='ltr'><strong>in</strong></span> 
     </span>
     <span class='ocr_line' id='line_1_58' title="bbox 1538 885 2597 926; baseline 0.003 -9"><span class='ocrx_word' id='word_1_420' title='bbox 1538 887 1609 917; x_wconf 92' lang='lat' dir='ltr'><strong>Deo</strong></span> <span class='ocrx_word' id='word_1_421' title='bbox 1633 885 1810 918; x_wconf 88' lang='lat' dir='ltr'><strong>secundum</strong></span> <span class='ocrx_word' id='word_1_422' title='bbox 1833 897 1867 917; x_wconf 89' lang='lat' dir='ltr'><strong>se</strong></span> <span class='ocrx_word' id='word_1_423' title='bbox 1890 887 2079 918; x_wconf 85' lang='lat' dir='ltr'><strong>formaliter:</strong></span> <span class='ocrx_word' id='word_1_424' title='bbox 2103 897 2179 919; x_wconf 88' lang='lat' dir='ltr'><strong>cum</strong></span> <span class='ocrx_word' id='word_1_425' title='bbox 2202 894 2324 920; x_wconf 87' lang='lat' dir='ltr'><strong>creatae</strong></span> <span class='ocrx_word' id='word_1_426' title='bbox 2343 890 2389 920; x_wconf 89' lang='lat' dir='ltr'><strong>rei</strong></span> <span class='ocrx_word' id='word_1_427' title='bbox 2410 899 2532 920; x_wconf 87' lang='lat' dir='ltr'><strong>nomen</strong></span> <span class='ocrx_word' id='word_1_428' title='bbox 2547 891 2597 926; x_wconf 90' lang='lat' dir='ltr'><strong>sit,</strong></span> 
     </span>
     <span class='ocr_line' id='line_1_59' title="bbox 1537 930 2598 971; baseline 0.005 -11"><span class='ocrx_word' id='word_1_429' title='bbox 1537 931 1619 960; x_wconf 89' lang='lat' dir='ltr'><strong>sicut</strong></span> <span class='ocrx_word' id='word_1_430' title='bbox 1649 930 1844 971; x_wconf 84' lang='lat' dir='ltr'><strong>beneficium.</strong></span> <span class='ocrx_word' id='word_1_431' title='bbox 1880 931 1974 962; x_wconf 87' lang='lat' dir='ltr'><strong>Dona</strong></span> <span class='ocrx_word' id='word_1_432' title='bbox 1995 940 2072 962; x_wconf 91' lang='lat' dir='ltr'><strong>vero</strong></span> <span class='ocrx_word' id='word_1_433' title='bbox 2095 932 2212 971; x_wconf 87' lang='lat' dir='ltr'><strong>gratiae</strong></span> <span class='ocrx_word' id='word_1_434' title='bbox 2242 933 2277 963; x_wconf 89' lang='lat' dir='ltr'><strong>in</strong></span> <span class='ocrx_word' id='word_1_435' title='bbox 2298 933 2370 963; x_wconf 91' lang='lat' dir='ltr'><strong>Deo</strong></span> <span class='ocrx_word' id='word_1_436' title='bbox 2401 939 2475 964; x_wconf 82' lang='lat' dir='ltr'><strong>sunt</strong></span> <span class='ocrx_word' id='word_1_437' title='bbox 2502 934 2598 965; x_wconf 86' lang='lat' dir='ltr'><strong>etiam</strong></span> 
     </span>
     <span class='ocr_line' id='line_1_60' title="bbox 1538 974 2598 1015; baseline 0.004 -11"><span class='ocrx_word' id='word_1_438' title='bbox 1538 974 1726 1005; x_wconf 87' lang='lat' dir='ltr'><strong>formaliter:</strong></span> <span class='ocrx_word' id='word_1_439' title='bbox 1756 980 1792 1005; x_wconf 89' lang='lat' dir='ltr'><strong>ut</strong></span> <span class='ocrx_word' id='word_1_440' title='bbox 1814 979 1900 1014; x_wconf 88' lang='lat' dir='ltr'><strong>patet</strong></span> <span class='ocrx_word' id='word_1_441' title='bbox 1923 974 1963 1006; x_wconf 92' lang='lat' dir='ltr'><strong>de</strong></span> <span class='ocrx_word' id='word_1_442' title='bbox 1986 975 2154 1015; x_wconf 86' lang='lat' dir='ltr'><strong>sapientia,</strong></span> <span class='ocrx_word' id='word_1_443' title='bbox 2178 975 2358 1012; x_wconf 89' lang='lat' dir='ltr'><strong>intellectu,</strong></span> <span class='ocrx_word' id='word_1_444' title='bbox 2382 977 2524 1013; x_wconf 86' lang='lat' dir='ltr'><strong>caritate,</strong></span> <span class='ocrx_word' id='word_1_445' title='bbox 2549 978 2598 1008; x_wconf 91' lang='lat' dir='ltr'><strong>iu-</strong></span> 
     </span>
     <span class='ocr_line' id='line_1_61' title="bbox 1538 1018 2598 1059; baseline 0.004 -11"><span class='ocrx_word' id='word_1_446' title='bbox 1538 1018 1629 1054; x_wconf 88' lang='lat' dir='ltr'><strong>stitia,</strong></span> <span class='ocrx_word' id='word_1_447' title='bbox 1643 1022 1701 1048; x_wconf 88' lang='lat' dir='ltr'><strong>etc.</strong></span> <span class='ocrx_word' id='word_1_448' title='bbox 1721 1018 1763 1048; x_wconf 91' lang='lat' dir='ltr'><strong>Et</strong></span> <span class='ocrx_word' id='word_1_449' title='bbox 1780 1023 1958 1058; x_wconf 89' lang='lat' dir='ltr'><strong>propterea,</strong></span> <span class='ocrx_word' id='word_1_450' title='bbox 1975 1028 2051 1050; x_wconf 89' lang='lat' dir='ltr'><strong>cum</strong></span> <span class='ocrx_word' id='word_1_451' title='bbox 2066 1024 2289 1059; x_wconf 87' lang='lat' dir='ltr'><strong>argumentum</strong></span> <span class='ocrx_word' id='word_1_452' title='bbox 2304 1020 2432 1051; x_wconf 89' lang='lat' dir='ltr'><strong>tertium</strong></span> <span class='ocrx_word' id='word_1_453' title='bbox 2447 1021 2481 1050; x_wconf 91' lang='lat' dir='ltr'><strong>in</strong></span> <span class='ocrx_word' id='word_1_454' title='bbox 2494 1019 2598 1052; x_wconf 87' lang='lat' dir='ltr'><strong>littera</strong></span> 
     </span>
     <span class='ocr_line' id='line_1_62' title="bbox 1538 1061 2597 1103; baseline 0.003 -11"><span class='ocrx_word' id='word_1_455' title='bbox 1538 1067 1619 1092; x_wconf 88' lang='lat' dir='ltr'><strong>esset</strong></span> <span class='ocrx_word' id='word_1_456' title='bbox 1635 1061 1674 1092; x_wconf 93' lang='lat' dir='ltr'><strong>de</strong></span> <span class='ocrx_word' id='word_1_457' title='bbox 1690 1061 1783 1093; x_wconf 89' lang='lat' dir='ltr'><strong>donis</strong></span> <span class='ocrx_word' id='word_1_458' title='bbox 1798 1063 1924 1102; x_wconf 85' lang='lat' dir='ltr'><strong>gratiae,</strong></span> <span class='ocrx_word' id='word_1_459' title='bbox 1939 1062 2072 1098; x_wconf 86' lang='lat' dir='ltr'><strong>Auctor,</strong></span> <span class='ocrx_word' id='word_1_460' title='bbox 2089 1071 2158 1092; x_wconf 92' lang='lat' dir='ltr'><strong>non</strong></span> <span class='ocrx_word' id='word_1_461' title='bbox 2178 1062 2218 1093; x_wconf 90' lang='lat' dir='ltr'><strong>ad</strong></span> <span class='ocrx_word' id='word_1_462' title='bbox 2236 1063 2393 1096; x_wconf 71' lang='lat' dir='ltr'><strong>rationem</strong></span> <span class='ocrx_word' id='word_1_463' title='bbox 2407 1064 2524 1103; x_wconf 84' lang='lat' dir='ltr'><strong>gratiae</strong></span> <span class='ocrx_word' id='word_1_464' title='bbox 2542 1065 2597 1095; x_wconf 83' lang='lat' dir='ltr'><strong>sed</strong></span> 
     </span>
     <span class='ocr_line' id='line_1_63' title="bbox 1538 1105 2597 1147; baseline 0.003 -11"><span class='ocrx_word' id='word_1_465' title='bbox 1538 1105 1700 1136; x_wconf 90' lang='lat' dir='ltr'><strong>donorum</strong></span> <span class='ocrx_word' id='word_1_466' title='bbox 1714 1106 1830 1146; x_wconf 88' lang='lat' dir='ltr'><strong>gratiae</strong></span> <span class='ocrx_word' id='word_1_467' title='bbox 1842 1106 2007 1146; x_wconf 85' lang='lat' dir='ltr'><strong>aspiciens,</strong></span> <span class='ocrx_word' id='word_1_468' title='bbox 2020 1105 2097 1136; x_wconf 88' lang='lat' dir='ltr'><strong>dixit</strong></span> <span class='ocrx_word' id='word_1_469' title='bbox 2108 1106 2185 1136; x_wconf 91' lang='lat' dir='ltr'><strong>duo.</strong></span> <span class='ocrx_word' id='word_1_470' title='bbox 2198 1106 2316 1142; x_wconf 90' lang='lat' dir='ltr'><strong>Primo,</strong></span> <span class='ocrx_word' id='word_1_471' title='bbox 2329 1107 2419 1146; x_wconf 93' lang='lat' dir='ltr'><strong>quod</strong></span> <span class='ocrx_word' id='word_1_472' title='bbox 2430 1106 2597 1147; x_wconf 84' lang='lat' dir='ltr'><strong>plenitudo</strong></span> 
     </span>
     <span class='ocr_line' id='line_1_64' title="bbox 1537 1149 2598 1190; baseline 0.004 -11"><span class='ocrx_word' id='word_1_473' title='bbox 1537 1150 1670 1189; x_wconf 86' lang='lat' dir='ltr'><strong>gratiae,</strong></span> <span class='ocrx_word' id='word_1_474' title='bbox 1694 1150 1758 1180; x_wconf 88' lang='lat' dir='ltr'><strong>hoc</strong></span> <span class='ocrx_word' id='word_1_475' title='bbox 1781 1155 1843 1185; x_wconf 88' lang='lat' dir='ltr'><strong>est,</strong></span> <span class='ocrx_word' id='word_1_476' title='bbox 1867 1149 2029 1180; x_wconf 87' lang='lat' dir='ltr'><strong>donorum</strong></span> <span class='ocrx_word' id='word_1_477' title='bbox 2051 1151 2184 1190; x_wconf 88' lang='lat' dir='ltr'><strong>gratiae,</strong></span> <span class='ocrx_word' id='word_1_478' title='bbox 2216 1149 2387 1182; x_wconf 71' lang='lat' dir='ltr'><strong>attenditur</strong></span> <span class='ocrx_word' id='word_1_479' title='bbox 2412 1151 2446 1182; x_wconf 89' lang='lat' dir='ltr'><strong>in</strong></span> <span class='ocrx_word' id='word_1_480' title='bbox 2469 1150 2598 1183; x_wconf 78' lang='lat' dir='ltr'><strong>Christo</strong></span> 
     </span>
     <span class='ocr_line' id='line_1_65' title="bbox 1537 1193 2598 1234; baseline 0.003 -11"><span class='ocrx_word' id='word_1_481' title='bbox 1537 1193 1715 1224; x_wconf 91' lang='lat' dir='ltr'><strong>secundum</strong></span> <span class='ocrx_word' id='word_1_482' title='bbox 1739 1194 1945 1233; x_wconf 85' lang='lat' dir='ltr'><strong>capacitatem</strong></span> <span class='ocrx_word' id='word_1_483' title='bbox 1969 1199 2138 1224; x_wconf 88' lang='lat' dir='ltr'><strong>creaturae.</strong></span> <span class='ocrx_word' id='word_1_484' title='bbox 2166 1193 2326 1230; x_wconf 90' lang='lat' dir='ltr'><strong>Secundo,</strong></span> <span class='ocrx_word' id='word_1_485' title='bbox 2351 1194 2440 1234; x_wconf 91' lang='lat' dir='ltr'><strong>quod</strong></span> <span class='ocrx_word' id='word_1_486' title='bbox 2461 1203 2530 1226; x_wconf 85' lang='lat' dir='ltr'><strong>non</strong></span> <span class='ocrx_word' id='word_1_487' title='bbox 2553 1201 2598 1226; x_wconf 76' lang='lat' dir='ltr'><strong>at—</strong></span> 
     </span>
     <span class='ocr_line' id='line_1_66' title="bbox 1537 1236 2598 1278; baseline 0.003 -11"><span class='ocrx_word' id='word_1_488' title='bbox 1537 1236 1676 1267; x_wconf 85' lang='lat' dir='ltr'><strong>tenditur</strong></span> <span class='ocrx_word' id='word_1_489' title='bbox 1698 1246 1755 1277; x_wconf 88' lang='lat' dir='ltr'><strong>per</strong></span> <span class='ocrx_word' id='word_1_490' title='bbox 1778 1238 2050 1277; x_wconf 90' lang='lat' dir='ltr'><strong>comparationem</strong></span> <span class='ocrx_word' id='word_1_491' title='bbox 2066 1236 2106 1268; x_wconf 88' lang='lat' dir='ltr'><strong>ad</strong></span> <span class='ocrx_word' id='word_1_492' title='bbox 2120 1237 2352 1278; x_wconf 88' lang='lat' dir='ltr'><strong>plenitudinem</strong></span> <span class='ocrx_word' id='word_1_493' title='bbox 2367 1236 2524 1270; x_wconf 87' lang='lat' dir='ltr'><strong>infinitam</strong></span> <span class='ocrx_word' id='word_1_494' title='bbox 2539 1239 2598 1270; x_wconf 88' lang='lat' dir='ltr'><strong>bo-</strong></span> 
     </span>
     <span class='ocr_line' id='line_1_67' title="bbox 1537 1279 2599 1323; baseline 0.003 -13"><span class='ocrx_word' id='word_1_495' title='bbox 1537 1281 1642 1311; x_wconf 89' lang='lat' dir='ltr'><strong>nitatis</strong></span> <span class='ocrx_word' id='word_1_496' title='bbox 1658 1279 1798 1311; x_wconf 90' lang='lat' dir='ltr'><strong>divinae:</strong></span> <span class='ocrx_word' id='word_1_497' title='bbox 1818 1299 1837 1316; x_wconf 71' lang='lat'><strong>-‚</strong></span> <span class='ocrx_word' id='word_1_498' title='bbox 1853 1285 1884 1311; x_wconf 89' lang='lat' dir='ltr'><strong>et</strong></span> <span class='ocrx_word' id='word_1_499' title='bbox 1898 1290 1966 1311; x_wconf 93' lang='lat' dir='ltr'><strong>non</strong></span> <span class='ocrx_word' id='word_1_500' title='bbox 1985 1280 2071 1317; x_wconf 85' lang='lat' dir='ltr'><strong>dixit,</strong></span> <span class='ocrx_word' id='word_1_501' title='bbox 2086 1281 2217 1323; x_wconf 83' lang='lat' dir='ltr'><strong>gratiae</strong></span> <span class='ocrx_word' id='word_1_502' title='bbox 2231 1280 2378 1319; x_wconf 52' lang='lat' dir='ltr'><strong>divina&amp;</strong></span> <span class='ocrx_word' id='word_1_503' title='bbox 2401 1281 2599 1314; x_wconf 88' lang='lat' dir='ltr'><strong>descendunt</strong></span> 
     </span>
     <span class='ocr_line' id='line_1_68' title="bbox 1538 1324 2598 1364; baseline 0.003 -10"><span class='ocrx_word' id='word_1_504' title='bbox 1538 1325 1624 1355; x_wconf 91' lang='lat' dir='ltr'><strong>enim</strong></span> <span class='ocrx_word' id='word_1_505' title='bbox 1646 1325 1762 1364; x_wconf 88' lang='lat' dir='ltr'><strong>gratiae</strong></span> <span class='ocrx_word' id='word_1_506' title='bbox 1781 1329 1940 1355; x_wconf 87' lang='lat' dir='ltr'><strong>creaturae</strong></span> <span class='ocrx_word' id='word_1_507' title='bbox 1963 1334 2031 1355; x_wconf 87' lang='lat' dir='ltr'><strong>non</strong></span> <span class='ocrx_word' id='word_1_508' title='bbox 2046 1334 2064 1355; x_wconf 85' lang='lat' dir='ltr'><strong>a</strong></span> <span class='ocrx_word' id='word_1_509' title='bbox 2079 1325 2177 1364; x_wconf 87' lang='lat' dir='ltr'><strong>gratia</strong></span> <span class='ocrx_word' id='word_1_510' title='bbox 2191 1325 2224 1355; x_wconf 90' lang='lat' dir='ltr'><strong>in</strong></span> <span class='ocrx_word' id='word_1_511' title='bbox 2241 1325 2323 1361; x_wconf 87' lang='lat' dir='ltr'><strong>Deo,</strong></span> <span class='ocrx_word' id='word_1_512' title='bbox 2347 1324 2403 1356; x_wconf 87' lang='lat' dir='ltr'><strong>sed</strong></span> <span class='ocrx_word' id='word_1_513' title='bbox 2423 1334 2441 1356; x_wconf 90' lang='lat' dir='ltr'><strong>a</strong></span> <span class='ocrx_word' id='word_1_514' title='bbox 2456 1326 2598 1358; x_wconf 80' lang='lat' dir='ltr'><strong>bonitate</strong></span> 
     </span>
     <span class='ocr_line' id='line_1_69' title="bbox 1537 1367 2599 1409; baseline 0.003 -11"><span class='ocrx_word' id='word_1_515' title='bbox 1537 1369 1570 1398; x_wconf 90' lang='lat' dir='ltr'><strong>in</strong></span> <span class='ocrx_word' id='word_1_516' title='bbox 1593 1368 1675 1398; x_wconf 91' lang='lat' dir='ltr'><strong>Deo.</strong></span> <span class='ocrx_word' id='word_1_517' title='bbox 1700 1368 1745 1398; x_wconf 85' lang='lat' dir='ltr'><strong>Ita</strong></span> <span class='ocrx_word' id='word_1_518' title='bbox 1763 1367 1853 1408; x_wconf 91' lang='lat' dir='ltr'><strong>quod</strong></span> <span class='ocrx_word' id='word_1_519' title='bbox 1871 1369 1952 1398; x_wconf 89' lang='lat' dir='ltr'><strong>inter</strong></span> <span class='ocrx_word' id='word_1_520' title='bbox 1967 1369 2097 1408; x_wconf 86' lang='lat' dir='ltr'><strong>gratiam</strong></span> <span class='ocrx_word' id='word_1_521' title='bbox 2113 1368 2296 1405; x_wconf 80' lang='lat' dir='ltr'><strong>formaliter,</strong></span> <span class='ocrx_word' id='word_1_522' title='bbox 2314 1374 2344 1399; x_wconf 88' lang='lat' dir='ltr'><strong>et</strong></span> <span class='ocrx_word' id='word_1_523' title='bbox 2359 1377 2409 1399; x_wconf 80' lang='lat' dir='ltr'><strong>res</strong></span> <span class='ocrx_word' id='word_1_524' title='bbox 2424 1377 2507 1409; x_wconf 84' lang='lat' dir='ltr'><strong>quae</strong></span> <span class='ocrx_word' id='word_1_525' title='bbox 2523 1373 2599 1401; x_wconf 84' lang='lat' dir='ltr'><strong>sunt</strong></span> 
     </span>
     <span class='ocr_line' id='line_1_70' title="bbox 1537 1411 2598 1453; baseline 0.003 -11"><span class='ocrx_word' id='word_1_526' title='bbox 1537 1411 1623 1442; x_wconf 87' lang='lat' dir='ltr'><strong>dona</strong></span> <span class='ocrx_word' id='word_1_527' title='bbox 1637 1413 1763 1452; x_wconf 85' lang='lat' dir='ltr'><strong>gratiae,</strong></span> <span class='ocrx_word' id='word_1_528' title='bbox 1787 1417 1911 1442; x_wconf 90' lang='lat' dir='ltr'><strong>tanturn</strong></span> <span class='ocrx_word' id='word_1_529' title='bbox 1926 1412 2054 1442; x_wconf 88' lang='lat' dir='ltr'><strong>interest</strong></span> <span class='ocrx_word' id='word_1_530' title='bbox 2070 1412 2159 1452; x_wconf 91' lang='lat' dir='ltr'><strong>quod</strong></span> <span class='ocrx_word' id='word_1_531' title='bbox 2175 1412 2261 1443; x_wconf 87' lang='lat' dir='ltr'><strong>dona</strong></span> <span class='ocrx_word' id='word_1_532' title='bbox 2274 1413 2400 1452; x_wconf 87' lang='lat' dir='ltr'><strong>gratiae,</strong></span> <span class='ocrx_word' id='word_1_533' title='bbox 2417 1414 2493 1453; x_wconf 82' lang='lat' dir='ltr'><strong>quia</strong></span> <span class='ocrx_word' id='word_1_534' title='bbox 2507 1422 2598 1445; x_wconf 84' lang='lat' dir='ltr'><strong>com·</strong></span> 
     </span>
     <span class='ocr_line' id='line_1_71' title="bbox 1536 1455 2598 1496; baseline 0.003 -11"><span class='ocrx_word' id='word_1_535' title='bbox 1536 1456 1647 1486; x_wconf 87' lang='lat' dir='ltr'><strong>munia</strong></span> <span class='ocrx_word' id='word_1_536' title='bbox 1662 1461 1735 1486; x_wconf 85' lang='lat' dir='ltr'><strong>sunt</strong></span> <span class='ocrx_word' id='word_1_537' title='bbox 1751 1455 1821 1486; x_wconf 90' lang='lat' dir='ltr'><strong>Deo</strong></span> <span class='ocrx_word' id='word_1_538' title='bbox 1838 1461 1870 1485; x_wconf 91' lang='lat' dir='ltr'><strong>et</strong></span> <span class='ocrx_word' id='word_1_539' title='bbox 1884 1461 2054 1492; x_wconf 88' lang='lat' dir='ltr'><strong>creaturae,</strong></span> <span class='ocrx_word' id='word_1_540' title='bbox 2078 1457 2104 1486; x_wconf 89' lang='lat' dir='ltr'><strong>si</strong></span> <span class='ocrx_word' id='word_1_541' title='bbox 2120 1455 2269 1487; x_wconf 89' lang='lat' dir='ltr'><strong>dicuntur</strong></span> <span class='ocrx_word' id='word_1_542' title='bbox 2284 1457 2378 1496; x_wconf 89' lang='lat' dir='ltr'><strong>plene</strong></span> <span class='ocrx_word' id='word_1_543' title='bbox 2393 1457 2496 1488; x_wconf 90' lang='lat' dir='ltr'><strong>inesse</strong></span> <span class='ocrx_word' id='word_1_544' title='bbox 2511 1466 2598 1488; x_wconf 82' lang='lat' dir='ltr'><strong>crea-</strong></span> 
     </span>
     <span class='ocr_line' id='line_1_72' title="bbox 1536 1499 2598 1539; baseline 0.003 -10"><span class='ocrx_word' id='word_1_545' title='bbox 1536 1505 1634 1534; x_wconf 89' lang='lat' dir='ltr'><strong>turae,</strong></span> <span class='ocrx_word' id='word_1_546' title='bbox 1658 1499 1842 1539; x_wconf 86' lang='lat' dir='ltr'><strong>intelligitur</strong></span> <span class='ocrx_word' id='word_1_547' title='bbox 1865 1499 2042 1530; x_wconf 87' lang='lat' dir='ltr'><strong>secundum</strong></span> <span class='ocrx_word' id='word_1_548' title='bbox 2066 1500 2272 1539; x_wconf 88' lang='lat' dir='ltr'><strong>capacitatem</strong></span> <span class='ocrx_word' id='word_1_549' title='bbox 2289 1506 2459 1535; x_wconf 84' lang='lat' dir='ltr'><strong>creaturae,</strong></span> <span class='ocrx_word' id='word_1_550' title='bbox 2484 1506 2515 1531; x_wconf 90' lang='lat' dir='ltr'><strong>et</strong></span> <span class='ocrx_word' id='word_1_551' title='bbox 2529 1510 2598 1532; x_wconf 82' lang='lat' dir='ltr'><strong>non</strong></span> 
     </span>
     <span class='ocr_line' id='line_1_73' title="bbox 1536 1542 2598 1585; baseline 0.003 -13"><span class='ocrx_word' id='word_1_552' title='bbox 1536 1542 1714 1573; x_wconf 90' lang='lat' dir='ltr'><strong>secundum</strong></span> <span class='ocrx_word' id='word_1_553' title='bbox 1737 1552 1809 1573; x_wconf 89' lang='lat' dir='ltr'><strong>suas</strong></span> <span class='ocrx_word' id='word_1_554' title='bbox 1827 1543 1965 1573; x_wconf 89' lang='lat' dir='ltr'><strong>rationes</strong></span> <span class='ocrx_word' id='word_1_555' title='bbox 1988 1542 2136 1573; x_wconf 81' lang='lat' dir='ltr'><strong>formales</strong></span> <span class='ocrx_word' id='word_1_556' title='bbox 2152 1543 2307 1579; x_wconf 88' lang='lat' dir='ltr'><strong>absolute,</strong></span> <span class='ocrx_word' id='word_1_557' title='bbox 2324 1543 2502 1575; x_wconf 88' lang='lat' dir='ltr'><strong>secundum</strong></span> <span class='ocrx_word' id='word_1_558' title='bbox 2518 1553 2598 1585; x_wconf 84' lang='lat' dir='ltr'><strong>quas</strong></span> 
     </span>
     <span class='ocr_line' id='line_1_74' title="bbox 1536 1585 2597 1628; baseline 0.003 -12"><span class='ocrx_word' id='word_1_559' title='bbox 1536 1586 1570 1616; x_wconf 92' lang='lat' dir='ltr'><strong>in</strong></span> <span class='ocrx_word' id='word_1_560' title='bbox 1593 1586 1660 1616; x_wconf 89' lang='lat' dir='ltr'><strong>sola</strong></span> <span class='ocrx_word' id='word_1_561' title='bbox 1683 1585 1789 1616; x_wconf 91' lang='lat' dir='ltr'><strong>divina</strong></span> <span class='ocrx_word' id='word_1_562' title='bbox 1811 1591 1886 1616; x_wconf 89' lang='lat' dir='ltr'><strong>sunt</strong></span> <span class='ocrx_word' id='word_1_563' title='bbox 1908 1587 2060 1616; x_wconf 87' lang='lat' dir='ltr'><strong>bonitate.</strong></span> <span class='ocrx_word' id='word_1_564' title='bbox 2086 1586 2194 1617; x_wconf 90' lang='lat' dir='ltr'><strong>Gratia</strong></span> <span class='ocrx_word' id='word_1_565' title='bbox 2208 1596 2285 1617; x_wconf 90' lang='lat' dir='ltr'><strong>vero</strong></span> <span class='ocrx_word' id='word_1_566' title='bbox 2302 1588 2327 1617; x_wconf 87' lang='lat' dir='ltr'><strong>si</strong></span> <span class='ocrx_word' id='word_1_567' title='bbox 2342 1588 2474 1627; x_wconf 91' lang='lat' dir='ltr'><strong>ponitur</strong></span> <span class='ocrx_word' id='word_1_568' title='bbox 2490 1588 2597 1628; x_wconf 84' lang='lat' dir='ltr'><strong>plene,</strong></span> 
     </span>
     <span class='ocr_line' id='line_1_75' title="bbox 1536 1629 2599 1672; baseline 0.003 -13"><span class='ocrx_word' id='word_1_569' title='bbox 1536 1629 1720 1669; x_wconf 88' lang='lat' dir='ltr'><strong>simpliciter</strong></span> <span class='ocrx_word' id='word_1_570' title='bbox 1743 1634 1774 1659; x_wconf 87' lang='lat' dir='ltr'><strong>et</strong></span> <span class='ocrx_word' id='word_1_571' title='bbox 1797 1629 1941 1660; x_wconf 86' lang='lat' dir='ltr'><strong>absolute</strong></span> <span class='ocrx_word' id='word_1_572' title='bbox 1963 1630 1998 1659; x_wconf 92' lang='lat' dir='ltr'><strong>in</strong></span> <span class='ocrx_word' id='word_1_573' title='bbox 2020 1635 2178 1666; x_wconf 87' lang='lat' dir='ltr'><strong>creatura,</strong></span> <span class='ocrx_word' id='word_1_574' title='bbox 2207 1640 2274 1661; x_wconf 91' lang='lat' dir='ltr'><strong>non</strong></span> <span class='ocrx_word' id='word_1_575' title='bbox 2299 1636 2426 1671; x_wconf 91' lang='lat' dir='ltr'><strong>oportet</strong></span> <span class='ocrx_word' id='word_1_576' title='bbox 2449 1631 2538 1672; x_wconf 93' lang='lat' dir='ltr'><strong>quod</strong></span> <span class='ocrx_word' id='word_1_577' title='bbox 2560 1632 2599 1662; x_wconf 91' lang='lat' dir='ltr'><strong>li-</strong></span> 
     </span>
     <span class='ocr_line' id='line_1_76' title="bbox 1536 1672 2599 1713; baseline 0.004 -10"><span class='ocrx_word' id='word_1_578' title='bbox 1536 1673 1659 1703; x_wconf 88' lang='lat' dir='ltr'><strong>mitatio</strong></span> <span class='ocrx_word' id='word_1_579' title='bbox 1676 1672 1759 1703; x_wconf 88' lang='lat' dir='ltr'><strong>dicta</strong></span> <span class='ocrx_word' id='word_1_580' title='bbox 1773 1673 2039 1713; x_wconf 86' lang='lat' dir='ltr'><strong>subintelligatur:</strong></span> <span class='ocrx_word' id='word_1_581' title='bbox 2056 1674 2131 1713; x_wconf 92' lang='lat' dir='ltr'><strong>quia</strong></span> <span class='ocrx_word' id='word_1_582' title='bbox 2147 1674 2324 1705; x_wconf 87' lang='lat' dir='ltr'><strong>secundum</strong></span> <span class='ocrx_word' id='word_1_583' title='bbox 2340 1684 2430 1706; x_wconf 88' lang='lat' dir='ltr'><strong>suam</strong></span> <span class='ocrx_word' id='word_1_584' title='bbox 2441 1676 2599 1707; x_wconf 82' lang='lat' dir='ltr'><strong>rationem</strong></span> 
     </span>
     <span class='ocr_line' id='line_1_77' title="bbox 1537 1717 2598 1758; baseline 0.005 -12"><span class='ocrx_word' id='word_1_585' title='bbox 1537 1722 1659 1747; x_wconf 88' lang='lat' dir='ltr'><strong>creatae</strong></span> <span class='ocrx_word' id='word_1_586' title='bbox 1681 1717 1726 1747; x_wconf 89' lang='lat' dir='ltr'><strong>rei</strong></span> <span class='ocrx_word' id='word_1_587' title='bbox 1749 1726 1871 1747; x_wconf 88' lang='lat' dir='ltr'><strong>nomen</strong></span> <span class='ocrx_word' id='word_1_588' title='bbox 1893 1722 1940 1748; x_wconf 88' lang='lat' dir='ltr'><strong>est</strong></span> <span class='ocrx_word' id='word_1_589' title='bbox 1962 1717 2138 1757; x_wconf 90' lang='lat' dir='ltr'><strong>proprium.</strong></span> <span class='ocrx_word' id='word_1_590' title='bbox 2164 1717 2325 1756; x_wconf 89' lang='lat' dir='ltr'><strong>Quocirca</strong></span> <span class='ocrx_word' id='word_1_591' title='bbox 2347 1718 2421 1750; x_wconf 89' lang='lat' dir='ltr'><strong>ideo</strong></span> <span class='ocrx_word' id='word_1_592' title='bbox 2444 1719 2477 1749; x_wconf 90' lang='lat' dir='ltr'><strong>in</strong></span> <span class='ocrx_word' id='word_1_593' title='bbox 2497 1719 2598 1758; x_wconf 74' lang='lat' dir='ltr'><strong>littera</strong></span> 
     </span>
     <span class='ocr_line' id='line_1_78' title="bbox 1536 1759 2599 1805; baseline 0.005 -15"><span class='ocrx_word' id='word_1_594' title='bbox 1536 1761 1753 1800; x_wconf 89' lang='lat' dir='ltr'><strong>responsionis</strong></span> <span class='ocrx_word' id='word_1_595' title='bbox 1775 1761 1870 1791; x_wconf 88' lang='lat' dir='ltr'><strong>huius</strong></span> <span class='ocrx_word' id='word_1_596' title='bbox 1893 1759 2038 1791; x_wconf 88' lang='lat' dir='ltr'><strong>distincta</strong></span> <span class='ocrx_word' id='word_1_597' title='bbox 2053 1766 2100 1792; x_wconf 89' lang='lat' dir='ltr'><strong>est</strong></span> <span class='ocrx_word' id='word_1_598' title='bbox 2121 1761 2289 1801; x_wconf 89' lang='lat' dir='ltr'><strong>plenitudo</strong></span> <span class='ocrx_word' id='word_1_599' title='bbox 2313 1761 2490 1794; x_wconf 89' lang='lat' dir='ltr'><strong>secundum</strong></span> <span class='ocrx_word' id='word_1_600' title='bbox 2505 1770 2599 1805; x_wconf 81' lang='lat' dir='ltr'><strong>capa-</strong></span> 
     </span>
     <span class='ocr_line' id='line_1_79' title="bbox 1537 1804 2599 1847; baseline 0.004 -13"><span class='ocrx_word' id='word_1_601' title='bbox 1537 1804 1664 1834; x_wconf 89' lang='lat' dir='ltr'><strong>citatem</strong></span> <span class='ocrx_word' id='word_1_602' title='bbox 1687 1809 1864 1840; x_wconf 86' lang='lat' dir='ltr'><strong>creaturae,</strong></span> <span class='ocrx_word' id='word_1_603' title='bbox 1897 1809 1928 1834; x_wconf 84' lang='lat' dir='ltr'><strong>et</strong></span> <span class='ocrx_word' id='word_1_604' title='bbox 1950 1804 2128 1835; x_wconf 90' lang='lat' dir='ltr'><strong>secundum</strong></span> <span class='ocrx_word' id='word_1_605' title='bbox 2158 1805 2248 1845; x_wconf 90' lang='lat' dir='ltr'><strong>quod</strong></span> <span class='ocrx_word' id='word_1_606' title='bbox 2276 1806 2311 1836; x_wconf 91' lang='lat' dir='ltr'><strong>in</strong></span> <span class='ocrx_word' id='word_1_607' title='bbox 2333 1805 2422 1843; x_wconf 89' lang='lat' dir='ltr'><strong>Deo,</strong></span> <span class='ocrx_word' id='word_1_608' title='bbox 2455 1807 2531 1847; x_wconf 81' lang='lat' dir='ltr'><strong>quia</strong></span> <span class='ocrx_word' id='word_1_609' title='bbox 2557 1806 2599 1838; x_wconf 79' lang='lat' dir='ltr'><strong>de</strong></span> 
     </span>
     <span class='ocr_line' id='line_1_80' title="bbox 1536 1847 2597 1891; baseline 0.004 -14"><span class='ocrx_word' id='word_1_610' title='bbox 1536 1847 1629 1877; x_wconf 89' lang='lat' dir='ltr'><strong>donis</strong></span> <span class='ocrx_word' id='word_1_611' title='bbox 1644 1848 1770 1887; x_wconf 86' lang='lat' dir='ltr'><strong>gratiae,</strong></span> <span class='ocrx_word' id='word_1_612' title='bbox 1791 1857 1874 1888; x_wconf 88' lang='lat' dir='ltr'><strong>quae</strong></span> <span class='ocrx_word' id='word_1_613' title='bbox 1890 1847 2085 1879; x_wconf 83' lang='lat' dir='ltr'><strong>descendunt</strong></span> <span class='ocrx_word' id='word_1_614' title='bbox 2099 1858 2119 1879; x_wconf 88' lang='lat' dir='ltr'><strong>a</strong></span> <span class='ocrx_word' id='word_1_615' title='bbox 2134 1849 2232 1880; x_wconf 88' lang='lat' dir='ltr'><strong>Patre</strong></span> <span class='ocrx_word' id='word_1_616' title='bbox 2247 1849 2413 1886; x_wconf 83' lang='lat' dir='ltr'><strong>luminum,</strong></span> <span class='ocrx_word' id='word_1_617' title='bbox 2438 1850 2597 1891; x_wconf 85' lang='lat' dir='ltr'><strong>agebatur.</strong></span> 
     </span>
    </p>
   </div>
   <div class='ocr_carea' id='block_1_15' title="bbox 942 1980 2079 2106">
    <p class='ocr_par' dir='ltr' id='par_1_18' title="bbox 942 1980 2079 2106">
     <span class='ocr_line' id='line_1_81' title="bbox 1211 1980 1808 2023; baseline 0 0"><span class='ocrx_word' id='word_1_618' title='bbox 1211 1981 1528 2023; x_wconf 88' lang='lat' dir='ltr'><strong>ARTICULUS</strong></span> <span class='ocrx_word' id='word_1_619' title='bbox 1557 1980 1808 2023; x_wconf 88' lang='lat' dir='ltr'>DECIMUS</span> 
     </span>
     <span class='ocr_line' id='line_1_82' title="bbox 942 2074 2079 2106; baseline 0 -1"><span class='ocrx_word' id='word_1_620' title='bbox 942 2075 1098 2105; x_wconf 87' lang='lat' dir='ltr'><strong>UTRUM</strong></span> <span class='ocrx_word' id='word_1_621' title='bbox 1121 2074 1371 2105; x_wconf 86' lang='lat' dir='ltr'><strong>PLENITUDO</strong></span> <span class='ocrx_word' id='word_1_622' title='bbox 1396 2074 1587 2105; x_wconf 86' lang='lat' dir='ltr'><strong>GRATIAE</strong></span> <span class='ocrx_word' id='word_1_623' title='bbox 1611 2074 1677 2104; x_wconf 85' lang='lat' dir='ltr'><strong>SIT</strong></span> <span class='ocrx_word' id='word_1_624' title='bbox 1699 2074 1883 2105; x_wconf 78' lang='lat' dir='ltr'>PROPRIA</span> <span class='ocrx_word' id='word_1_625' title='bbox 1907 2074 2079 2106; x_wconf 84' lang='lat' dir='ltr'>CHRISTI</span> 
     </span>
    </p>
   </div>
   <div class='ocr_carea' id='block_1_16' title="bbox 614 2150 2402 2253">
    <p class='ocr_par' dir='ltr' id='par_1_19' title="bbox 614 2150 2402 2253">
     <span class='ocr_line' id='line_1_83' title="bbox 695 2150 2326 2185; baseline 0.001 -8"><span class='ocrx_word' id='word_1_626' title='bbox 695 2152 768 2182; x_wconf 83' lang='lat' dir='ltr'><strong>Infra,</strong></span> <span class='ocrx_word' id='word_1_627' title='bbox 787 2160 832 2184; x_wconf 90' lang='lat' dir='ltr'><strong>qu.</strong></span> <span class='ocrx_word' id='word_1_628' title='bbox 850 2159 926 2181; x_wconf 85' lang='lat' dir='ltr'><strong>xxvn,</strong></span> <span class='ocrx_word' id='word_1_629' title='bbox 945 2155 990 2176; x_wconf 85' lang='lat' dir='ltr'><strong>art.</strong></span> <span class='ocrx_word' id='word_1_630' title='bbox 1011 2150 1034 2182; x_wconf 90' lang='grc'><strong>5,</strong></span> <span class='ocrx_word' id='word_1_631' title='bbox 1054 2151 1086 2176; x_wconf 84' lang='lat' dir='ltr'><strong>ad</strong></span> <span class='ocrx_word' id='word_1_632' title='bbox 1106 2158 1134 2181; x_wconf 89' lang='grc' dir='ltr'><strong>ι;</strong></span> <span class='ocrx_word' id='word_1_633' title='bbox 1153 2151 1184 2176; x_wconf 88' lang='lat'><strong>111</strong></span> <span class='ocrx_word' id='word_1_634' title='bbox 1204 2151 1287 2180; x_wconf 70' lang='lat' dir='ltr'><strong>Sent„</strong></span> <span class='ocrx_word' id='word_1_635' title='bbox 1307 2151 1365 2176; x_wconf 85' lang='lat' dir='ltr'><strong>dist.</strong></span> <span class='ocrx_word' id='word_1_636' title='bbox 1383 2157 1437 2181; x_wconf 84' lang='lat' dir='ltr'><strong>xm,</strong></span> <span class='ocrx_word' id='word_1_637' title='bbox 1456 2158 1500 2183; x_wconf 90' lang='lat' dir='ltr'><strong>qu.</strong></span> <span class='ocrx_word' id='word_1_638' title='bbox 1518 2158 1535 2181; x_wconf 87' lang='grc' dir='ltr'><strong>ι,</strong></span> <span class='ocrx_word' id='word_1_639' title='bbox 1556 2156 1601 2176; x_wconf 86' lang='lat' dir='ltr'><strong>art.</strong></span> <span class='ocrx_word' id='word_1_640' title='bbox 1621 2158 1645 2182; x_wconf 87' lang='lat'><strong>2,</strong></span> <span class='ocrx_word' id='word_1_641' title='bbox 1664 2151 1714 2183; x_wconf 69' lang='lat' dir='ltr'><strong>qu*</strong></span> <span class='ocrx_word' id='word_1_642' title='bbox 1734 2158 1758 2182; x_wconf 88' lang='lat'><strong>2,</strong></span> <span class='ocrx_word' id='word_1_643' title='bbox 1777 2151 1809 2176; x_wconf 83' lang='lat' dir='ltr'><strong>ad</strong></span> <span class='ocrx_word' id='word_1_644' title='bbox 1829 2158 1859 2180; x_wconf 84' lang='lat'><strong>2;</strong></span> <span class='ocrx_word' id='word_1_645' title='bbox 1881 2152 2023 2184; x_wconf 78' lang='lat' dir='ltr'><strong>compend.</strong></span> <span class='ocrx_word' id='word_1_646' title='bbox 2045 2151 2143 2181; x_wconf 68' lang='lat' dir='ltr'><strong>neat„</strong></span> <span class='ocrx_word' id='word_1_647' title='bbox 2161 2160 2217 2185; x_wconf 82' lang='lat' dir='ltr'><strong>cap.</strong></span> <span class='ocrx_word' id='word_1_648' title='bbox 2235 2159 2326 2184; x_wconf 75' lang='lat' dir='ltr'><strong>ecnv3</strong></span> 
     </span>
     <span class='ocr_line' id='line_1_84' title="bbox 614 2186 2402 2221; baseline 0.001 -9"><span class='ocrx_word' id='word_1_649' title='bbox 614 2188 715 2220; x_wconf 84' lang='lat' dir='ltr'><strong>Expos.</strong></span> <span class='ocrx_word' id='word_1_650' title='bbox 734 2194 813 2219; x_wconf 78' lang='lat' dir='ltr'><strong>super</strong></span> <span class='ocrx_word' id='word_1_651' title='bbox 832 2187 919 2211; x_wconf 87' lang='lat' dir='ltr'><strong>Salut.</strong></span> <span class='ocrx_word' id='word_1_652' title='bbox 938 2186 1049 2220; x_wconf 84' lang='lat' dir='ltr'><strong>Ange1.,·</strong></span> <span class='ocrx_word' id='word_1_653' title='bbox 1069 2186 1098 2211; x_wconf 84' lang='lat' dir='ltr'><strong>In</strong></span> <span class='ocrx_word' id='word_1_654' title='bbox 1119 2186 1202 2216; x_wconf 67' lang='lat' dir='ltr'><strong>loun„</strong></span> <span class='ocrx_word' id='word_1_655' title='bbox 1222 2194 1276 2218; x_wconf 83' lang='lat' dir='ltr'><strong>cap.</strong></span> <span class='ocrx_word' id='word_1_656' title='bbox 1295 2193 1313 2215; x_wconf 81' lang='grc' dir='ltr'><strong>ι,</strong></span> <span class='ocrx_word' id='word_1_657' title='bbox 1333 2187 1390 2211; x_wconf 89' lang='lat' dir='ltr'><strong>lect.</strong></span> <span class='ocrx_word' id='word_1_658' title='bbox 1408 2193 1467 2216; x_wconf 86' lang='lat' dir='ltr'><strong>v1u;</strong></span> <span class='ocrx_word' id='word_1_659' title='bbox 1486 2194 1541 2218; x_wconf 83' lang='lat' dir='ltr'><strong>cap.</strong></span> <span class='ocrx_word' id='word_1_660' title='bbox 1559 2194 1596 2216; x_wconf 83' lang='grc' dir='ltr'><strong>ιιι,</strong></span> <span class='ocrx_word' id='word_1_661' title='bbox 1616 2187 1674 2212; x_wconf 77' lang='lat' dir='ltr'><strong>lect.</strong></span> <span class='ocrx_word' id='word_1_662' title='bbox 1692 2193 1732 2217; x_wconf 67' lang='lat' dir='ltr'><strong>vu</strong></span> <span class='ocrx_word' id='word_1_663' title='bbox 1752 2186 1761 2210; x_wconf 95' lang='lat'><em>1</em></span> <span class='ocrx_word' id='word_1_664' title='bbox 1778 2186 1816 2211; x_wconf 81' lang='lat' dir='ltr'><strong>ad</strong></span> <span class='ocrx_word' id='word_1_665' title='bbox 1837 2187 1906 2215; x_wconf 70' lang='lat' dir='ltr'><strong>Cor„</strong></span> <span class='ocrx_word' id='word_1_666' title='bbox 1926 2195 1981 2220; x_wconf 79' lang='lat' dir='ltr'><strong>cap.</strong></span> <span class='ocrx_word' id='word_1_667' title='bbox 1999 2195 2032 2217; x_wconf 77' lang='lat' dir='ltr'><strong>xx,</strong></span> <span class='ocrx_word' id='word_1_668' title='bbox 2051 2187 2108 2213; x_wconf 86' lang='lat' dir='ltr'><strong>lect.</strong></span> <span class='ocrx_word' id='word_1_669' title='bbox 2126 2195 2149 2219; x_wconf 89' lang='lat'><strong>1;</strong></span> <span class='ocrx_word' id='word_1_670' title='bbox 2169 2195 2224 2221; x_wconf 87' lang='lat' dir='ltr'><strong>cap.</strong></span> <span class='ocrx_word' id='word_1_671' title='bbox 2242 2195 2286 2218; x_wconf 71' lang='grc' dir='ltr'><strong>ιιι,</strong></span> <span class='ocrx_word' id='word_1_672' title='bbox 2304 2189 2361 2213; x_wconf 82' lang='lat' dir='ltr'><strong>lect.</strong></span> <span class='ocrx_word' id='word_1_673' title='bbox 2379 2195 2388 2212; x_wconf 93' lang='lat'>1</span> <span class='ocrx_word' id='word_1_674' title='bbox 2395 2196 2402 2219; x_wconf 73' lang='grc' dir='ltr'><strong><em>ς</em></strong></span> 
     </span>
     <span class='ocr_line' id='line_1_85' title="bbox 1304 2221 1710 2253; baseline 0.002 -8"><span class='ocrx_word' id='word_1_675' title='bbox 1304 2221 1349 2246; x_wconf 79' lang='lat' dir='ltr'><strong>Ad</strong></span> <span class='ocrx_word' id='word_1_676' title='bbox 1369 2221 1476 2250; x_wconf 77' lang='lat' dir='ltr'><strong>Coloss„</strong></span> <span class='ocrx_word' id='word_1_677' title='bbox 1496 2229 1551 2253; x_wconf 86' lang='lat' dir='ltr'><strong>cap.</strong></span> <span class='ocrx_word' id='word_1_678' title='bbox 1569 2229 1590 2251; x_wconf 82' lang='grc' dir='ltr'><strong>ι,</strong></span> <span class='ocrx_word' id='word_1_679' title='bbox 1610 2222 1667 2246; x_wconf 89' lang='lat' dir='ltr'><strong>lect.</strong></span> <span class='ocrx_word' id='word_1_680' title='bbox 1686 2229 1710 2247; x_wconf 89' lang='lat' dir='ltr'><strong>v.</strong></span> 
     </span>
    </p>
   </div>
   <div class='ocr_carea' id='block_1_17' title="bbox 474 2319 595 2347">
    <p class='ocr_par' dir='ltr' id='par_1_20' title="bbox 474 2319 595 2347">
     <span class='ocr_line' id='line_1_86' title="bbox 474 2319 595 2347; baseline 0.008 -16"><span class='ocrx_word' id='word_1_681' title='bbox 474 2320 517 2335; x_wconf 46' lang='lat' dir='ltr'><strong>„Q</strong></span> <span class='ocrx_word' id='word_1_682' title='bbox 538 2319 595 2347; x_wconf 50' lang='lat' dir='ltr'><strong>§aa</strong></span> 
     </span>
    </p>
   </div>
   <div class='ocr_carea' id='block_1_18' title="bbox 423 2308 631 2506">
    <p class='ocr_par' dir='ltr' id='par_1_21' title="bbox 423 2308 631 2506">
     <span class='ocr_line' id='line_1_87' title="bbox 423 2308 631 2506; baseline 0 0"><span class='ocrx_word' id='word_1_683' title='bbox 423 2308 631 2506; x_wconf 95' lang='lat' dir='ltr'><strong>  </strong></span> 
     </span>
    </p>
   </div>
   <div class='ocr_carea' id='block_1_19' title="bbox 419 2333 1484 3347">
    <p class='ocr_par' dir='ltr' id='par_1_22' title="bbox 441 2333 1484 2463">
     <span class='ocr_line' id='line_1_88' title="bbox 455 2333 1484 2413; baseline -0.004 -20"><span class='ocrx_word' id='word_1_684' title='bbox 455 2333 609 2413; x_wconf 40' lang='lat' dir='ltr'><strong>&amp;Za</strong></span> <span class='ocrx_word' id='word_1_685' title='bbox 635 2355 833 2405; x_wconf 86' lang='lat' dir='ltr'><strong>plenitudo</strong></span> <span class='ocrx_word' id='word_1_686' title='bbox 861 2354 1000 2402; x_wconf 86' lang='lat' dir='ltr'><strong>gratiae</strong></span> <span class='ocrx_word' id='word_1_687' title='bbox 1028 2365 1109 2391; x_wconf 91' lang='lat' dir='ltr'><strong>non</strong></span> <span class='ocrx_word' id='word_1_688' title='bbox 1129 2353 1174 2390; x_wconf 90' lang='lat' dir='ltr'><strong>sit</strong></span> <span class='ocrx_word' id='word_1_689' title='bbox 1201 2353 1356 2402; x_wconf 89' lang='lat' dir='ltr'><strong>propria</strong></span> <span class='ocrx_word' id='word_1_690' title='bbox 1377 2353 1484 2390; x_wconf 92' lang='lat' dir='ltr'><strong>Chri-</strong></span> 
     </span>
     <span class='ocr_line' id='line_1_89' title="bbox 441 2391 1484 2463; baseline -0.003 -18"><span class='ocrx_word' id='word_1_691' title='bbox 441 2406 561 2463; x_wconf 50' lang='lat' dir='ltr'><strong>&#39;ss&#39;spva</strong></span> <span class='ocrx_word' id='word_1_692' title='bbox 571 2391 623 2454; x_wconf 45' lang='grc' dir='ltr'>ἦ</span> <span class='ocrx_word' id='word_1_693' title='bbox 636 2407 692 2444; x_wconf 91' lang='lat' dir='ltr'><strong>sti.</strong></span> <span class='ocrx_word' id='word_1_694' title='bbox 715 2407 833 2454; x_wconf 89' lang='lat' dir='ltr'><strong>Quod</strong></span> <span class='ocrx_word' id='word_1_695' title='bbox 853 2406 956 2443; x_wconf 91' lang='lat' dir='ltr'><strong>enim</strong></span> <span class='ocrx_word' id='word_1_696' title='bbox 976 2414 1031 2443; x_wconf 89' lang='lat' dir='ltr'><strong>est</strong></span> <span class='ocrx_word' id='word_1_697' title='bbox 1049 2405 1251 2455; x_wconf 90' lang='lat' dir='ltr'><strong>proprium</strong></span> <span class='ocrx_word' id='word_1_698' title='bbox 1270 2405 1393 2452; x_wconf 85' lang='lat' dir='ltr'><strong>alicui,</strong></span> <span class='ocrx_word' id='word_1_699' title='bbox 1414 2405 1484 2442; x_wconf 91' lang='lat' dir='ltr'><strong>sibi</strong></span> 
     </span>
    </p>

    <p class='ocr_par' dir='ltr' id='par_1_23' title="bbox 419 2433 1484 2772">
     <span class='ocr_line' id='line_1_90' title="bbox 480 2433 1484 2507; baseline 0 -13"><span class='ocrx_word' id='word_1_700' title='bbox 480 2433 570 2488; x_wconf 52' lang='lat'><strong>5⁴4&amp;</strong></span> <span class='ocrx_word' id='word_1_701' title='bbox 591 2451 706 2497; x_wconf 46' lang='lat' dir='ltr'><strong>&amp;soli</strong></span> <span class='ocrx_word' id='word_1_702' title='bbox 734 2459 924 2497; x_wconf 91' lang='lat' dir='ltr'><strong>convenit.</strong></span> <span class='ocrx_word' id='word_1_703' title='bbox 964 2459 1040 2496; x_wconf 91' lang='lat' dir='ltr'><strong>Sed</strong></span> <span class='ocrx_word' id='word_1_704' title='bbox 1068 2470 1150 2495; x_wconf 90' lang='lat' dir='ltr'><strong>esse</strong></span> <span class='ocrx_word' id='word_1_705' title='bbox 1181 2459 1341 2507; x_wconf 90' lang='lat' dir='ltr'><strong>plenum</strong></span> <span class='ocrx_word' id='word_1_706' title='bbox 1367 2458 1484 2505; x_wconf 85' lang='lat' dir='ltr'><strong>gratia</strong></span> 
     </span>
     <span class='ocr_line' id='line_1_91' title="bbox 425 2509 1483 2562; baseline -0.005 -12"><span class='ocrx_word' id='word_1_707' title='bbox 425 2513 658 2562; x_wconf 89' lang='lat' dir='ltr'><strong>quibusdam</strong></span> <span class='ocrx_word' id='word_1_708' title='bbox 677 2512 756 2549; x_wconf 89' lang='lat' dir='ltr'><strong>aliis</strong></span> <span class='ocrx_word' id='word_1_709' title='bbox 775 2511 1004 2549; x_wconf 87' lang='lat' dir='ltr'><strong>attribuitur:</strong></span> <span class='ocrx_word' id='word_1_710' title='bbox 1031 2511 1166 2548; x_wconf 90' lang='lat' dir='ltr'><strong>dicitur</strong></span> <span class='ocrx_word' id='word_1_711' title='bbox 1184 2509 1300 2557; x_wconf 85' lang='lat' dir='ltr'><strong>enim,</strong></span> <span class='ocrx_word' id='word_1_712' title='bbox 1315 2511 1409 2546; x_wconf 89' lang='lat' dir='ltr'><strong>Luc.</strong></span> <span class='ocrx_word' id='word_1_713' title='bbox 1426 2522 1436 2546; x_wconf 87' lang='lat'>1</span> <span class='ocrx_word' id='word_1_714' title='bbox 1452 2510 1483 2557; x_wconf 80' lang='grc'><strong>*,</strong></span> 
     </span>
     <span class='ocr_line' id='line_1_92' title="bbox 426 2564 1483 2614; baseline -0.004 -11"><span class='ocrx_word' id='word_1_715' title='bbox 426 2567 564 2603; x_wconf 88' lang='lat' dir='ltr'><strong>Beatae</strong></span> <span class='ocrx_word' id='word_1_716' title='bbox 592 2565 754 2613; x_wconf 86' lang='lat' dir='ltr'><strong>Virgini,</strong></span> <span class='ocrx_word' id='word_1_717' title='bbox 790 2566 888 2610; x_wconf 83' lang='lat' dir='ltr'><strong>Ave,</strong></span> <span class='ocrx_word' id='word_1_718' title='bbox 919 2566 1045 2614; x_wconf 81' lang='lat' dir='ltr'><strong>gratia</strong></span> <span class='ocrx_word' id='word_1_719' title='bbox 1071 2564 1202 2612; x_wconf 85' lang='lat' dir='ltr'><strong>plena:</strong></span> <span class='ocrx_word' id='word_1_720' title='bbox 1227 2564 1411 2600; x_wconf 84' lang='lat' dir='ltr'><strong>Dominus</strong></span> <span class='ocrx_word' id='word_1_721' title='bbox 1435 2569 1483 2599; x_wconf 87' lang='lat' dir='ltr'><strong>te-</strong></span> 
     </span>
     <span class='ocr_line' id='line_1_93' title="bbox 425 2616 1483 2665; baseline -0.004 -10"><span class='ocrx_word' id='word_1_722' title='bbox 425 2631 509 2655; x_wconf 90' lang='lat' dir='ltr'><strong>cum</strong></span> <span class='ocrx_word' id='word_1_723' title='bbox 530 2624 564 2664; x_wconf 80' lang='lat'><strong>‘²3</strong></span> <span class='ocrx_word' id='word_1_724' title='bbox 594 2617 730 2655; x_wconf 88' lang='lat' dir='ltr'><strong>dicitur</strong></span> <span class='ocrx_word' id='word_1_725' title='bbox 757 2617 888 2662; x_wconf 86' lang='lat' dir='ltr'><strong>etiam,</strong></span> <span class='ocrx_word' id='word_1_726' title='bbox 916 2620 997 2654; x_wconf 89' lang='lat' dir='ltr'><strong>Act.</strong></span> <span class='ocrx_word' id='word_1_727' title='bbox 1018 2628 1051 2653; x_wconf 89' lang='lat' dir='ltr'><strong>Vl</strong></span> <span class='ocrx_word' id='word_1_728' title='bbox 1071 2616 1102 2663; x_wconf 67' lang='lat'><strong>²¹⁸,</strong></span> <span class='ocrx_word' id='word_1_729' title='bbox 1132 2616 1335 2665; x_wconf 85' lang='lat' dir='ltr'><strong>Stephanus</strong></span> <span class='ocrx_word' id='word_1_730' title='bbox 1362 2621 1483 2652; x_wconf 89' lang='lat' dir='ltr'><strong>autem</strong></span> 
     </span>
     <span class='ocr_line' id='line_1_94' title="bbox 419 2667 1484 2720; baseline -0.004 -12"><span class='ocrx_word' id='word_1_731' title='bbox 419 2671 552 2720; x_wconf 86' lang='lat' dir='ltr'><strong>plenus</strong></span> <span class='ocrx_word' id='word_1_732' title='bbox 569 2671 694 2720; x_wconf 79' lang='lat' dir='ltr'><strong>gratia</strong></span> <span class='ocrx_word' id='word_1_733' title='bbox 714 2676 747 2706; x_wconf 91' lang='lat' dir='ltr'><strong>et</strong></span> <span class='ocrx_word' id='word_1_734' title='bbox 754 2669 985 2717; x_wconf 86' lang='lat' dir='ltr'><strong>fortitudine.</strong></span> <span class='ocrx_word' id='word_1_735' title='bbox 1009 2669 1110 2716; x_wconf 87' lang='lat' dir='ltr'><strong>Ergo</strong></span> <span class='ocrx_word' id='word_1_736' title='bbox 1129 2667 1326 2718; x_wconf 89' lang='lat' dir='ltr'><strong>plenitudo</strong></span> <span class='ocrx_word' id='word_1_737' title='bbox 1345 2667 1484 2714; x_wconf 87' lang='lat' dir='ltr'><strong>gratiae</strong></span> 
     </span>
     <span class='ocr_line' id='line_1_95' title="bbox 424 2721 949 2772; baseline -0.006 -12"><span class='ocrx_word' id='word_1_738' title='bbox 424 2736 504 2760; x_wconf 91' lang='lat' dir='ltr'><strong>non</strong></span> <span class='ocrx_word' id='word_1_739' title='bbox 533 2731 588 2759; x_wconf 88' lang='lat' dir='ltr'><strong>est</strong></span> <span class='ocrx_word' id='word_1_740' title='bbox 615 2722 770 2772; x_wconf 87' lang='lat' dir='ltr'><strong>propria</strong></span> <span class='ocrx_word' id='word_1_741' title='bbox 799 2721 949 2759; x_wconf 89' lang='lat' dir='ltr'><strong>Christi.</strong></span> 
     </span>
    </p>

    <p class='ocr_par' dir='ltr' id='par_1_24' title="bbox 425 2772 1484 3085">
     <span class='ocr_line' id='line_1_96' title="bbox 480 2772 1484 2823; baseline -0.003 -11"><span class='ocrx_word' id='word_1_742' title='bbox 480 2787 514 2812; x_wconf 89' lang='lat'><strong>2.</strong></span> <span class='ocrx_word' id='word_1_743' title='bbox 536 2777 765 2821; x_wconf 77' lang='lat' dir='ltr'><strong>PRAETEREA,</strong></span> <span class='ocrx_word' id='word_1_744' title='bbox 782 2774 821 2811; x_wconf 91' lang='lat' dir='ltr'><strong>id</strong></span> <span class='ocrx_word' id='word_1_745' title='bbox 840 2774 946 2823; x_wconf 92' lang='lat' dir='ltr'><strong>quod</strong></span> <span class='ocrx_word' id='word_1_746' title='bbox 965 2781 1089 2822; x_wconf 84' lang='lat' dir='ltr'><strong>potest</strong></span> <span class='ocrx_word' id='word_1_747' title='bbox 1108 2772 1385 2810; x_wconf 90' lang='lat' dir='ltr'><strong>communicari</strong></span> <span class='ocrx_word' id='word_1_748' title='bbox 1404 2772 1484 2809; x_wconf 87' lang='lat' dir='ltr'><strong>aliis</strong></span> 
     </span>
     <span class='ocr_line' id='line_1_97' title="bbox 425 2825 1483 2877; baseline -0.004 -12"><span class='ocrx_word' id='word_1_749' title='bbox 425 2841 494 2877; x_wconf 91' lang='lat' dir='ltr'><strong>per</strong></span> <span class='ocrx_word' id='word_1_750' title='bbox 509 2828 716 2874; x_wconf 87' lang='lat' dir='ltr'><strong>Christum,</strong></span> <span class='ocrx_word' id='word_1_751' title='bbox 737 2839 816 2864; x_wconf 93' lang='lat' dir='ltr'><strong>non</strong></span> <span class='ocrx_word' id='word_1_752' title='bbox 835 2826 987 2863; x_wconf 88' lang='lat' dir='ltr'><strong>videtur</strong></span> <span class='ocrx_word' id='word_1_753' title='bbox 1005 2825 1206 2875; x_wconf 83' lang='lat' dir='ltr'><strong>proprium</strong></span> <span class='ocrx_word' id='word_1_754' title='bbox 1223 2825 1384 2862; x_wconf 85' lang='lat' dir='ltr'><strong>Christo.</strong></span> <span class='ocrx_word' id='word_1_755' title='bbox 1407 2825 1483 2862; x_wconf 92' lang='lat' dir='ltr'><strong>Sed</strong></span> 
     </span>
     <span class='ocr_line' id='line_1_98' title="bbox 425 2877 1483 2930; baseline -0.003 -13"><span class='ocrx_word' id='word_1_756' title='bbox 425 2880 622 2930; x_wconf 88' lang='lat' dir='ltr'><strong>plenitudo</strong></span> <span class='ocrx_word' id='word_1_757' title='bbox 650 2879 788 2928; x_wconf 88' lang='lat' dir='ltr'><strong>gratiae</strong></span> <span class='ocrx_word' id='word_1_758' title='bbox 823 2886 946 2928; x_wconf 87' lang='lat' dir='ltr'><strong>potest</strong></span> <span class='ocrx_word' id='word_1_759' title='bbox 974 2877 1251 2915; x_wconf 86' lang='lat' dir='ltr'><strong>communicari</strong></span> <span class='ocrx_word' id='word_1_760' title='bbox 1279 2889 1348 2927; x_wconf 90' lang='lat' dir='ltr'><strong>per</strong></span> <span class='ocrx_word' id='word_1_761' title='bbox 1376 2877 1483 2914; x_wconf 86' lang='lat' dir='ltr'><strong>Chri-</strong></span> 
     </span>
     <span class='ocr_line' id='line_1_99' title="bbox 426 2929 1484 2980; baseline -0.003 -10"><span class='ocrx_word' id='word_1_762' title='bbox 426 2941 527 2977; x_wconf 81' lang='lat' dir='ltr'><strong>stum</strong></span> <span class='ocrx_word' id='word_1_763' title='bbox 547 2932 643 2969; x_wconf 89' lang='lat' dir='ltr'><strong>aliis:</strong></span> <span class='ocrx_word' id='word_1_764' title='bbox 674 2932 762 2970; x_wconf 89' lang='lat' dir='ltr'><strong>dicit</strong></span> <span class='ocrx_word' id='word_1_765' title='bbox 781 2931 885 2968; x_wconf 90' lang='lat' dir='ltr'><strong>enim</strong></span> <span class='ocrx_word' id='word_1_766' title='bbox 905 2932 1124 2980; x_wconf 90' lang='lat' dir='ltr'><strong>Apostolus,</strong></span> <span class='ocrx_word' id='word_1_767' title='bbox 1144 2931 1276 2980; x_wconf 87' lang='lat' dir='ltr'><strong>Ephes.</strong></span> <span class='ocrx_word' id='word_1_768' title='bbox 1292 2942 1324 2967; x_wconf 89' lang='lat'><strong>111</strong></span> <span class='ocrx_word' id='word_1_769' title='bbox 1339 2929 1354 2959; x_wconf 73' lang='grc' dir='ltr'><strong>β</strong></span> <span class='ocrx_word' id='word_1_770' title='bbox 1367 2929 1403 2967; x_wconf 80' lang='grc'><strong>*;</strong></span> <span class='ocrx_word' id='word_1_771' title='bbox 1439 2931 1484 2968; x_wconf 87' lang='lat' dir='ltr'><strong>Ut</strong></span> 
     </span>
     <span class='ocr_line' id='line_1_100' title="bbox 426 2983 1483 3034; baseline -0.003 -12"><span class='ocrx_word' id='word_1_772' title='bbox 426 2986 654 3034; x_wconf 83' lang='lat' dir='ltr'><strong>impleamini</strong></span> <span class='ocrx_word' id='word_1_773' title='bbox 671 2987 706 3022; x_wconf 88' lang='lat' dir='ltr'><strong>in</strong></span> <span class='ocrx_word' id='word_1_774' title='bbox 728 2997 876 3022; x_wconf 89' lang='lat' dir='ltr'><strong>omnem</strong></span> <span class='ocrx_word' id='word_1_775' title='bbox 890 2984 1155 3034; x_wconf 86' lang='lat' dir='ltr'><strong>plenitudinem</strong></span> <span class='ocrx_word' id='word_1_776' title='bbox 1174 2985 1256 3020; x_wconf 84' lang='lat' dir='ltr'><strong>Dei.</strong></span> <span class='ocrx_word' id='word_1_777' title='bbox 1286 2983 1387 3030; x_wconf 87' lang='lat' dir='ltr'><strong>Ergo</strong></span> <span class='ocrx_word' id='word_1_778' title='bbox 1406 2983 1483 3031; x_wconf 91' lang='lat' dir='ltr'><strong>ple-</strong></span> 
     </span>
     <span class='ocr_line' id='line_1_101' title="bbox 425 3035 1290 3085; baseline -0.002 -11"><span class='ocrx_word' id='word_1_779' title='bbox 425 3037 559 3074; x_wconf 90' lang='lat' dir='ltr'><strong>nitudo</strong></span> <span class='ocrx_word' id='word_1_780' title='bbox 588 3038 725 3085; x_wconf 87' lang='lat' dir='ltr'><strong>gratiae</strong></span> <span class='ocrx_word' id='word_1_781' title='bbox 755 3050 833 3074; x_wconf 92' lang='lat' dir='ltr'><strong>non</strong></span> <span class='ocrx_word' id='word_1_782' title='bbox 863 3045 917 3073; x_wconf 92' lang='lat' dir='ltr'><strong>est</strong></span> <span class='ocrx_word' id='word_1_783' title='bbox 944 3036 1099 3085; x_wconf 88' lang='lat' dir='ltr'><strong>propria</strong></span> <span class='ocrx_word' id='word_1_784' title='bbox 1129 3035 1290 3072; x_wconf 83' lang='lat' dir='ltr'><strong>Christo.</strong></span> 
     </span>
    </p>

    <p class='ocr_par' dir='ltr' id='par_1_25' title="bbox 426 3087 1482 3347">
     <span class='ocr_line' id='line_1_102' title="bbox 481 3087 1482 3137; baseline -0.002 -11"><span class='ocrx_word' id='word_1_785' title='bbox 481 3091 514 3126; x_wconf 87' lang='lat'><strong>3.</strong></span> <span class='ocrx_word' id='word_1_786' title='bbox 545 3091 774 3135; x_wconf 71' lang='lat' dir='ltr'><strong>PRAETEREA,</strong></span> <span class='ocrx_word' id='word_1_787' title='bbox 795 3097 911 3126; x_wconf 87' lang='lat' dir='ltr'><strong>status</strong></span> <span class='ocrx_word' id='word_1_788' title='bbox 930 3089 1013 3125; x_wconf 87' lang='lat' dir='ltr'><strong>viae</strong></span> <span class='ocrx_word' id='word_1_789' title='bbox 1033 3088 1184 3125; x_wconf 85' lang='lat' dir='ltr'><strong>videtur</strong></span> <span class='ocrx_word' id='word_1_790' title='bbox 1202 3087 1482 3137; x_wconf 86' lang='lat' dir='ltr'><strong>proportionari</strong></span> 
     </span>
     <span class='ocr_line' id='line_1_103' title="bbox 427 3140 1482 3191; baseline -0.002 -12"><span class='ocrx_word' id='word_1_791' title='bbox 427 3142 536 3179; x_wconf 87' lang='lat' dir='ltr'><strong>statui</strong></span> <span class='ocrx_word' id='word_1_792' title='bbox 564 3141 718 3191; x_wconf 86' lang='lat' dir='ltr'><strong>patriae.</strong></span> <span class='ocrx_word' id='word_1_793' title='bbox 750 3142 826 3179; x_wconf 91' lang='lat' dir='ltr'><strong>Sed</strong></span> <span class='ocrx_word' id='word_1_794' title='bbox 848 3141 886 3178; x_wconf 89' lang='lat' dir='ltr'><strong>in</strong></span> <span class='ocrx_word' id='word_1_795' title='bbox 906 3149 1003 3178; x_wconf 89' lang='lat' dir='ltr'><strong>statu</strong></span> <span class='ocrx_word' id='word_1_796' title='bbox 1025 3140 1166 3190; x_wconf 88' lang='lat' dir='ltr'><strong>patriae</strong></span> <span class='ocrx_word' id='word_1_797' title='bbox 1195 3140 1263 3177; x_wconf 92' lang='lat' dir='ltr'><strong>erit</strong></span> <span class='ocrx_word' id='word_1_798' title='bbox 1291 3140 1482 3189; x_wconf 88' lang='lat' dir='ltr'><strong>quaedam</strong></span> 
     </span>
     <span class='ocr_line' id='line_1_104' title="bbox 426 3193 1481 3243; baseline -0.001 -12"><span class='ocrx_word' id='word_1_799' title='bbox 426 3193 641 3243; x_wconf 87' lang='lat' dir='ltr'><strong>plenitudo:</strong></span> <span class='ocrx_word' id='word_1_800' title='bbox 672 3193 762 3241; x_wconf 89' lang='lat' dir='ltr'><strong>quia</strong></span> <span class='ocrx_word' id='word_1_801' title='bbox 790 3195 826 3230; x_wconf 90' lang='lat' dir='ltr'><strong>in</strong></span> <span class='ocrx_word' id='word_1_802' title='bbox 847 3194 910 3230; x_wconf 88' lang='lat' dir='ltr'><strong>illa</strong></span> <span class='ocrx_word' id='word_1_803' title='bbox 928 3194 1074 3230; x_wconf 88' lang='lat' dir='ltr'><strong>caelesti</strong></span> <span class='ocrx_word' id='word_1_804' title='bbox 1086 3195 1223 3242; x_wconf 87' lang='lat' dir='ltr'><strong>patria,</strong></span> <span class='ocrx_word' id='word_1_805' title='bbox 1253 3194 1316 3230; x_wconf 88' lang='lat' dir='ltr'><strong>ubi</strong></span> <span class='ocrx_word' id='word_1_806' title='bbox 1335 3198 1385 3229; x_wconf 88' lang='lat' dir='ltr'><strong>est</strong></span> <span class='ocrx_word' id='word_1_807' title='bbox 1405 3193 1481 3242; x_wconf 88' lang='lat' dir='ltr'><strong>ple-</strong></span> 
     </span>
     <span class='ocr_line' id='line_1_105' title="bbox 427 3245 1482 3294; baseline -0.001 -11"><span class='ocrx_word' id='word_1_808' title='bbox 427 3246 551 3283; x_wconf 86' lang='lat' dir='ltr'><strong>nitudo</strong></span> <span class='ocrx_word' id='word_1_809' title='bbox 579 3246 700 3283; x_wconf 85' lang='lat' dir='ltr'><strong>omnis</strong></span> <span class='ocrx_word' id='word_1_810' title='bbox 726 3247 824 3290; x_wconf 86' lang='lat' dir='ltr'><strong>boni,</strong></span> <span class='ocrx_word' id='word_1_811' title='bbox 853 3246 933 3282; x_wconf 89' lang='lat' dir='ltr'><strong>licet</strong></span> <span class='ocrx_word' id='word_1_812' title='bbox 961 3246 1140 3294; x_wconf 84' lang='lat' dir='ltr'><strong>quaedam</strong></span> <span class='ocrx_word' id='word_1_813' title='bbox 1169 3246 1254 3282; x_wconf 85' lang='lat' dir='ltr'><strong>data</strong></span> <span class='ocrx_word' id='word_1_814' title='bbox 1272 3247 1343 3282; x_wconf 88' lang='lat' dir='ltr'><strong>sint</strong></span> <span class='ocrx_word' id='word_1_815' title='bbox 1362 3245 1482 3282; x_wconf 88' lang='lat' dir='ltr'><strong>excel—</strong></span> 
     </span>
     <span class='ocr_line' id='line_1_106' title="bbox 427 3298 1482 3347; baseline -0.001 -12"><span class='ocrx_word' id='word_1_816' title='bbox 427 3299 552 3344; x_wconf 87' lang='lat' dir='ltr'><strong>lenter,</strong></span> <span class='ocrx_word' id='word_1_817' title='bbox 574 3298 663 3334; x_wconf 85' lang='lat' dir='ltr'><strong>nihil</strong></span> <span class='ocrx_word' id='word_1_818' title='bbox 681 3303 802 3334; x_wconf 88' lang='lat' dir='ltr'><strong>tamen</strong></span> <span class='ocrx_word' id='word_1_819' title='bbox 817 3298 1024 3346; x_wconf 80' lang='lat' dir='ltr'><strong>possidetur</strong></span> <span class='ocrx_word' id='word_1_820' title='bbox 1043 3299 1292 3347; x_wconf 80' lang='lat' dir='ltr'><strong>singulariter,</strong></span> <span class='ocrx_word' id='word_1_821' title='bbox 1312 3305 1354 3335; x_wconf 91' lang='lat' dir='ltr'><strong>ut</strong></span> <span class='ocrx_word' id='word_1_822' title='bbox 1381 3305 1482 3346; x_wconf 84' lang='lat' dir='ltr'><strong>patet</strong></span> 
     </span>
    </p>
   </div>
   <div class='ocr_carea' id='block_1_20' title="bbox 427 3348 1479 3399">
    <p class='ocr_par' dir='ltr' id='par_1_26' title="bbox 427 3348 1479 3399">
     <span class='ocr_line' id='line_1_107' title="bbox 427 3348 1479 3399; baseline 0 -12"><span class='ocrx_word' id='word_1_823' title='bbox 427 3363 495 3399; x_wconf 92' lang='lat' dir='ltr'><strong>per</strong></span> <span class='ocrx_word' id='word_1_824' title='bbox 523 3349 763 3398; x_wconf 86' lang='lat' dir='ltr'><strong>Gregorium,</strong></span> <span class='ocrx_word' id='word_1_825' title='bbox 784 3349 822 3385; x_wconf 92' lang='lat' dir='ltr'><strong>in</strong></span> <span class='ocrx_word' id='word_1_826' title='bbox 851 3348 1017 3385; x_wconf 87' lang='lat' dir='ltr'><strong>Homilia</strong></span> <span class='ocrx_word' id='word_1_827' title='bbox 1045 3349 1090 3385; x_wconf 83' lang='lat' dir='ltr'><strong>de</strong></span> <span class='ocrx_word' id='word_1_828' title='bbox 1111 3351 1265 3387; x_wconf 87' lang='lat' dir='ltr'><strong>Centum</strong></span> <span class='ocrx_word' id='word_1_829' title='bbox 1297 3351 1431 3388; x_wconf 84' lang='lat' dir='ltr'><strong>Ovibus</strong></span> <span class='ocrx_word' id='word_1_830' title='bbox 1448 3349 1479 3387; x_wconf 84' lang='lat'><strong>*.</strong></span> 
     </span>
    </p>
   </div>
   <div class='ocr_carea' id='block_1_21' title="bbox 432 3450 1483 3599">
    <p class='ocr_par' dir='ltr' id='par_1_27' title="bbox 432 3450 1483 3599">
     <span class='ocr_line' id='line_1_108' title="bbox 484 3450 1367 3494; baseline 0.001 -8"><span class='ocrx_word' id='word_1_831' title='bbox 484 3461 511 3494; x_wconf 81' lang='grc' dir='ltr'><strong>α)</strong></span> <span class='ocrx_word' id='word_1_832' title='bbox 532 3462 662 3487; x_wconf 76' lang='lat' dir='ltr'><strong>Dominus</strong></span> <span class='ocrx_word' id='word_1_833' title='bbox 681 3465 774 3487; x_wconf 81' lang='lat' dir='ltr'><strong>tecum.</strong></span> <span class='ocrx_word' id='word_1_834' title='bbox 792 3474 811 3479; x_wconf 94' lang='lat'>-</span> <span class='ocrx_word' id='word_1_835' title='bbox 829 3460 889 3485; x_wconf 89' lang='lat' dir='ltr'><strong>Om.</strong></span> <span class='ocrx_word' id='word_1_836' title='bbox 909 3460 994 3489; x_wconf 75' lang='lat' dir='ltr'><strong>tertia:</strong></span> <span class='ocrx_word' id='word_1_837' title='bbox 1013 3450 1102 3484; x_wconf 71' lang='lat' dir='ltr'><strong>eadem</strong></span> <span class='ocrx_word' id='word_1_838' title='bbox 1121 3468 1180 3485; x_wconf 85' lang='lat' dir='ltr'><strong>mox</strong></span> <span class='ocrx_word' id='word_1_839' title='bbox 1198 3469 1251 3487; x_wconf 89' lang='lat' dir='ltr'><strong>om.</strong></span> <span class='ocrx_word' id='word_1_840' title='bbox 1269 3465 1367 3488; x_wconf 78' lang='lat' dir='ltr'><strong>autem.</strong></span> 
     </span>
     <span class='ocr_line' id='line_1_109' title="bbox 432 3494 1483 3555; baseline 0 -33"><span class='ocrx_word' id='word_1_841' title='bbox 432 3530 459 3555; x_wconf 80' lang='lat' dir='ltr'><em>D</em></span> <span class='ocrx_word' id='word_1_842' title='bbox 478 3495 509 3537; x_wconf 54' lang='lat' dir='ltr'><strong>fb)</strong></span> <span class='ocrx_word' id='word_1_843' title='bbox 531 3497 624 3529; x_wconf 75' lang='lat' dir='ltr'><strong>Ephes.</strong></span> <span class='ocrx_word' id='word_1_844' title='bbox 646 3503 698 3522; x_wconf 80' lang='grc' dir='ltr'><strong>ιιι.</strong></span> <span class='ocrx_word' id='word_1_845' title='bbox 716 3510 734 3515; x_wconf 83' lang='lat'>—</span> <span class='ocrx_word' id='word_1_846' title='bbox 754 3496 788 3527; x_wconf 77' lang='lat' dir='ltr'><strong>P;</strong></span> <span class='ocrx_word' id='word_1_847' title='bbox 808 3494 903 3527; x_wconf 75' lang='lat' dir='ltr'><strong>Ephes.</strong></span> <span class='ocrx_word' id='word_1_848' title='bbox 921 3502 947 3519; x_wconf 79' lang='lat' dir='ltr'><strong>tv</strong></span> <span class='ocrx_word' id='word_1_849' title='bbox 965 3499 1047 3519; x_wconf 78' lang='lat' dir='ltr'><strong>cetera</strong></span> <span class='ocrx_word' id='word_1_850' title='bbox 1066 3494 1151 3525; x_wconf 83' lang='lat' dir='ltr'><strong>tertia,</strong></span> <span class='ocrx_word' id='word_1_851' title='bbox 1171 3495 1238 3520; x_wconf 84' lang='lat' dir='ltr'><strong>idem</strong></span> <span class='ocrx_word' id='word_1_852' title='bbox 1258 3496 1339 3528; x_wconf 81' lang='lat' dir='ltr'><strong>prima</strong></span> <span class='ocrx_word' id='word_1_853' title='bbox 1358 3497 1404 3522; x_wconf 82' lang='lat' dir='ltr'><strong>sed</strong></span> <span class='ocrx_word' id='word_1_854' title='bbox 1423 3502 1483 3531; x_wconf 78' lang='lat' dir='ltr'><strong>post</strong></span> 
     </span>
     <span class='ocr_line' id='line_1_110' title="bbox 460 3537 1482 3599; baseline 0 -8"><span class='ocrx_word' id='word_1_855' title='bbox 460 3537 511 3599; x_wconf 46' lang='lat' dir='ltr'><strong>eus)</strong></span> <span class='ocrx_word' id='word_1_856' title='bbox 529 3570 568 3591; x_wconf 73' lang='lat' dir='ltr'><strong>est</strong></span> <span class='ocrx_word' id='word_1_857' title='bbox 583 3566 698 3598; x_wconf 76' lang='lat' dir='ltr'><strong>propria</strong></span> <span class='ocrx_word' id='word_1_858' title='bbox 719 3565 850 3591; x_wconf 74' lang='lat' dir='ltr'><strong>Christo...</strong></span> <span class='ocrx_word' id='word_1_859' title='bbox 865 3564 1012 3597; x_wconf 77' lang='lat' dir='ltr'><strong>plenitudo.</strong></span> <span class='ocrx_word' id='word_1_860' title='bbox 1023 3578 1042 3583; x_wconf 86' lang='lat'>—</span> <span class='ocrx_word' id='word_1_861' title='bbox 1054 3564 1096 3588; x_wconf 79' lang='lat' dir='ltr'><strong>EF</strong></span> <span class='ocrx_word' id='word_1_862' title='bbox 1110 3569 1134 3588; x_wconf 80' lang='lat' dir='ltr'><strong>et</strong></span> <span class='ocrx_word' id='word_1_863' title='bbox 1151 3564 1223 3589; x_wconf 77' lang='lat' dir='ltr'><strong>tertia</strong></span> <span class='ocrx_word' id='word_1_864' title='bbox 1241 3570 1274 3595; x_wconf 75' lang='lat' dir='ltr'><strong>et,</strong></span> <span class='ocrx_word' id='word_1_865' title='bbox 1293 3566 1392 3590; x_wconf 70' lang='lat' dir='ltr'><strong>omisso</strong></span> <span class='ocrx_word' id='word_1_866' title='bbox 1411 3572 1482 3595; x_wconf 71' lang='lat' dir='ltr'><strong>vero,</strong></span> 
     </span>
    </p>
   </div>
   <div class='ocr_carea' id='block_1_22' title="bbox 635 2298 2597 2352">
    <p class='ocr_par' dir='ltr' id='par_1_28' title="bbox 635 2298 2597 2352">
     <span class='ocr_line' id='line_1_111' title="bbox 635 2298 2597 2352; baseline 0.001 -12"><span class='ocrx_word' id='word_1_867' title='bbox 635 2316 657 2340; x_wconf 86' lang='grc' dir='ltr'><strong>ι)</strong></span> <span class='ocrx_word' id='word_1_868' title='bbox 686 2315 845 2340; x_wconf 69' lang='lat' dir='ltr'><strong>Damnum</strong></span> <span class='ocrx_word' id='word_1_869' title='bbox 865 2314 915 2339; x_wconf 87' lang='lat' dir='ltr'><strong>s1c</strong></span> <span class='ocrx_word' id='word_1_870' title='bbox 936 2313 1169 2338; x_wconf 77' lang='lat' dir='ltr'><strong>PROCEDITUR.</strong></span> <span class='ocrx_word' id='word_1_871' title='bbox 1199 2300 1360 2338; x_wconf 91' lang='lat' dir='ltr'><strong>Videtur</strong></span> <span class='ocrx_word' id='word_1_872' title='bbox 1377 2301 1484 2349; x_wconf 91' lang='lat' dir='ltr'><strong>quod</strong></span> <span class='ocrx_word' id='word_1_873' title='bbox 1509 2298 1512 2339; x_wconf 98' lang='grc' dir='ltr'>Ι</span> <span class='ocrx_word' id='word_1_874' title='bbox 1539 2302 1640 2349; x_wconf 85' lang='lat' dir='ltr'><strong>Ergo</strong></span> <span class='ocrx_word' id='word_1_875' title='bbox 1676 2300 1715 2338; x_wconf 94' lang='lat' dir='ltr'><strong>in</strong></span> <span class='ocrx_word' id='word_1_876' title='bbox 1743 2309 1840 2338; x_wconf 88' lang='lat' dir='ltr'><strong>statu</strong></span> <span class='ocrx_word' id='word_1_877' title='bbox 1868 2301 1953 2339; x_wconf 90' lang='lat' dir='ltr'><strong>viae</strong></span> <span class='ocrx_word' id='word_1_878' title='bbox 1987 2302 2126 2350; x_wconf 88' lang='lat' dir='ltr'><strong>gratiae</strong></span> <span class='ocrx_word' id='word_1_879' title='bbox 2158 2302 2357 2352; x_wconf 89' lang='lat' dir='ltr'><strong>plenitudo</strong></span> <span class='ocrx_word' id='word_1_880' title='bbox 2385 2303 2548 2342; x_wconf 87' lang='lat' dir='ltr'><strong>habetur</strong></span> <span class='ocrx_word' id='word_1_881' title='bbox 2573 2317 2597 2342; x_wconf 86' lang='lat' dir='ltr'><strong>a</strong></span> 
     </span>
    </p>
   </div>
   <div class='ocr_carea' id='block_1_23' title="bbox 1535 2353 2595 3400">
    <p class='ocr_par' dir='ltr' id='par_1_29' title="bbox 1538 2353 2595 2455">
     <span class='ocr_line' id='line_1_112' title="bbox 1538 2353 2595 2405; baseline 0.005 -15"><span class='ocrx_word' id='word_1_882' title='bbox 1538 2353 1693 2401; x_wconf 86' lang='lat' dir='ltr'><strong>singulis</strong></span> <span class='ocrx_word' id='word_1_883' title='bbox 1721 2354 1955 2391; x_wconf 90' lang='lat' dir='ltr'><strong>hominibus.</strong></span> <span class='ocrx_word' id='word_1_884' title='bbox 1990 2356 2038 2392; x_wconf 91' lang='lat' dir='ltr'><strong>Et</strong></span> <span class='ocrx_word' id='word_1_885' title='bbox 2056 2355 2106 2392; x_wconf 89' lang='lat' dir='ltr'><strong>ita</strong></span> <span class='ocrx_word' id='word_1_886' title='bbox 2133 2355 2332 2405; x_wconf 89' lang='lat' dir='ltr'><strong>plenitudo</strong></span> <span class='ocrx_word' id='word_1_887' title='bbox 2356 2356 2496 2403; x_wconf 87' lang='lat' dir='ltr'><strong>gratiae</strong></span> <span class='ocrx_word' id='word_1_888' title='bbox 2515 2368 2595 2395; x_wconf 89' lang='lat' dir='ltr'><strong>non</strong></span> 
     </span>
     <span class='ocr_line' id='line_1_113' title="bbox 1539 2406 1968 2455; baseline 0.005 -13"><span class='ocrx_word' id='word_1_889' title='bbox 1539 2413 1594 2442; x_wconf 91' lang='lat' dir='ltr'><strong>est</strong></span> <span class='ocrx_word' id='word_1_890' title='bbox 1621 2406 1776 2455; x_wconf 88' lang='lat' dir='ltr'><strong>propria</strong></span> <span class='ocrx_word' id='word_1_891' title='bbox 1806 2407 1968 2444; x_wconf 90' lang='lat' dir='ltr'><strong>Christo.</strong></span> 
     </span>
    </p>

    <p class='ocr_par' dir='ltr' id='par_1_30' title="bbox 1536 2459 2595 2810">
     <span class='ocr_line' id='line_1_114' title="bbox 1593 2459 2595 2509; baseline 0.003 -14"><span class='ocrx_word' id='word_1_892' title='bbox 1593 2459 1666 2495; x_wconf 78' lang='lat' dir='ltr'><strong>SED</strong></span> <span class='ocrx_word' id='word_1_893' title='bbox 1695 2471 1838 2496; x_wconf 77' lang='lat' dir='ltr'>CONTRA</span> <span class='ocrx_word' id='word_1_894' title='bbox 1866 2472 1931 2496; x_wconf 84' lang='lat' dir='ltr'><strong>EST</strong></span> <span class='ocrx_word' id='word_1_895' title='bbox 1966 2460 2072 2509; x_wconf 92' lang='lat' dir='ltr'><strong>quod</strong></span> <span class='ocrx_word' id='word_1_896' title='bbox 2105 2460 2304 2509; x_wconf 90' lang='lat' dir='ltr'><strong>plenitudo</strong></span> <span class='ocrx_word' id='word_1_897' title='bbox 2331 2460 2469 2508; x_wconf 85' lang='lat' dir='ltr'><strong>gratiae</strong></span> <span class='ocrx_word' id='word_1_898' title='bbox 2497 2461 2595 2500; x_wconf 81' lang='lat' dir='ltr'><strong>attri-</strong></span> 
     </span>
     <span class='ocr_line' id='line_1_115' title="bbox 1538 2510 2593 2560; baseline 0.004 -13"><span class='ocrx_word' id='word_1_899' title='bbox 1538 2510 1668 2548; x_wconf 86' lang='lat' dir='ltr'><strong>buitur</strong></span> <span class='ocrx_word' id='word_1_900' title='bbox 1688 2511 1839 2548; x_wconf 89' lang='lat' dir='ltr'><strong>Christo</strong></span> <span class='ocrx_word' id='word_1_901' title='bbox 1859 2511 2088 2560; x_wconf 88' lang='lat' dir='ltr'><strong>inquantum</strong></span> <span class='ocrx_word' id='word_1_902' title='bbox 2108 2520 2163 2549; x_wconf 90' lang='lat' dir='ltr'><strong>est</strong></span> <span class='ocrx_word' id='word_1_903' title='bbox 2182 2512 2405 2560; x_wconf 87' lang='lat' dir='ltr'><strong>Unigenitus</strong></span> <span class='ocrx_word' id='word_1_904' title='bbox 2424 2525 2447 2550; x_wconf 89' lang='lat' dir='ltr'><strong>a</strong></span> <span class='ocrx_word' id='word_1_905' title='bbox 2465 2514 2593 2551; x_wconf 89' lang='lat' dir='ltr'><strong>Patre:</strong></span> 
     </span>
     <span class='ocr_line' id='line_1_116' title="bbox 1538 2563 2595 2615; baseline 0.005 -16"><span class='ocrx_word' id='word_1_906' title='bbox 1538 2564 1753 2600; x_wconf 89' lang='lat' dir='ltr'><strong>secundum</strong></span> <span class='ocrx_word' id='word_1_907' title='bbox 1773 2563 1864 2600; x_wconf 91' lang='lat' dir='ltr'><strong>illud</strong></span> <span class='ocrx_word' id='word_1_908' title='bbox 1883 2565 1986 2601; x_wconf 90' lang='lat' dir='ltr'><strong>Ioan.</strong></span> <span class='ocrx_word' id='word_1_909' title='bbox 2003 2576 2012 2600; x_wconf 95' lang='lat'>1</span> <span class='ocrx_word' id='word_1_910' title='bbox 2031 2563 2067 2600; x_wconf 76' lang='grc' dir='ltr'><strong>*ε</strong></span> <span class='ocrx_word' id='word_1_911' title='bbox 2092 2565 2254 2602; x_wconf 86' lang='lat' dir='ltr'><strong>Vidimus</strong></span> <span class='ocrx_word' id='word_1_912' title='bbox 2273 2577 2370 2611; x_wconf 88' lang='lat' dir='ltr'><strong>eum,</strong></span> <span class='ocrx_word' id='word_1_913' title='bbox 2386 2567 2492 2615; x_wconf 87' lang='lat' dir='ltr'><strong>quasi</strong></span> <span class='ocrx_word' id='word_1_914' title='bbox 2509 2567 2595 2604; x_wconf 88' lang='lat' dir='ltr'><strong>Uni-</strong></span> 
     </span>
     <span class='ocr_line' id='line_1_117' title="bbox 1536 2617 2595 2666; baseline 0.005 -14"><span class='ocrx_word' id='word_1_915' title='bbox 1536 2618 1702 2666; x_wconf 83' lang='lat' dir='ltr'><strong>genitum</strong></span> <span class='ocrx_word' id='word_1_916' title='bbox 1731 2629 1754 2653; x_wconf 90' lang='lat' dir='ltr'><strong>a</strong></span> <span class='ocrx_word' id='word_1_917' title='bbox 1772 2618 1894 2662; x_wconf 87' lang='lat' dir='ltr'><strong>Patre,</strong></span> <span class='ocrx_word' id='word_1_918' title='bbox 1917 2617 2071 2666; x_wconf 90' lang='lat' dir='ltr'><strong>plenum</strong></span> <span class='ocrx_word' id='word_1_919' title='bbox 2098 2619 2245 2666; x_wconf 82' lang='lat' dir='ltr'><strong>gratiae</strong></span> <span class='ocrx_word' id='word_1_920' title='bbox 2263 2624 2296 2654; x_wconf 90' lang='lat' dir='ltr'><strong>et</strong></span> <span class='ocrx_word' id='word_1_921' title='bbox 2318 2620 2488 2656; x_wconf 79' lang='lat' dir='ltr'><strong>veritatis.</strong></span> <span class='ocrx_word' id='word_1_922' title='bbox 2518 2619 2595 2661; x_wconf 84' lang='lat' dir='ltr'><strong>Sed</strong></span> 
     </span>
     <span class='ocr_line' id='line_1_118' title="bbox 1538 2668 2593 2719; baseline 0.005 -15"><span class='ocrx_word' id='word_1_923' title='bbox 1538 2680 1619 2704; x_wconf 88' lang='lat' dir='ltr'><strong>esse</strong></span> <span class='ocrx_word' id='word_1_924' title='bbox 1648 2668 1887 2716; x_wconf 87' lang='lat' dir='ltr'><strong>unigenitum</strong></span> <span class='ocrx_word' id='word_1_925' title='bbox 1921 2681 1944 2705; x_wconf 93' lang='lat' dir='ltr'><strong>a</strong></span> <span class='ocrx_word' id='word_1_926' title='bbox 1971 2669 2080 2706; x_wconf 87' lang='lat' dir='ltr'><strong>Patre</strong></span> <span class='ocrx_word' id='word_1_927' title='bbox 2114 2677 2170 2706; x_wconf 90' lang='lat' dir='ltr'><strong>est</strong></span> <span class='ocrx_word' id='word_1_928' title='bbox 2201 2669 2402 2719; x_wconf 92' lang='lat' dir='ltr'><strong>proprium</strong></span> <span class='ocrx_word' id='word_1_929' title='bbox 2431 2668 2593 2715; x_wconf 66' lang='lat' dir='ltr'><strong>Christo.</strong></span> 
     </span>
     <span class='ocr_line' id='line_1_119' title="bbox 1538 2720 2574 2772; baseline 0.006 -15"><span class='ocrx_word' id='word_1_930' title='bbox 1538 2721 1639 2768; x_wconf 87' lang='lat' dir='ltr'><strong>Ergo</strong></span> <span class='ocrx_word' id='word_1_931' title='bbox 1674 2729 1710 2757; x_wconf 91' lang='lat' dir='ltr'><strong>et</strong></span> <span class='ocrx_word' id='word_1_932' title='bbox 1737 2720 1808 2758; x_wconf 90' lang='lat' dir='ltr'><strong>sibi</strong></span> <span class='ocrx_word' id='word_1_933' title='bbox 1834 2721 2036 2770; x_wconf 88' lang='lat' dir='ltr'><strong>proprium</strong></span> <span class='ocrx_word' id='word_1_934' title='bbox 2064 2730 2119 2758; x_wconf 91' lang='lat' dir='ltr'><strong>est</strong></span> <span class='ocrx_word' id='word_1_935' title='bbox 2153 2734 2235 2759; x_wconf 90' lang='lat' dir='ltr'><strong>esse</strong></span> <span class='ocrx_word' id='word_1_936' title='bbox 2270 2724 2430 2772; x_wconf 90' lang='lat' dir='ltr'><strong>plenum</strong></span> <span class='ocrx_word' id='word_1_937' title='bbox 2455 2723 2574 2771; x_wconf 70' lang='lat' dir='ltr'><strong>gratia</strong></span> 
     </span>
     <span class='ocr_line' id='line_1_120' title="bbox 1537 2781 2553 2810; baseline 0.003 -1"><span class='ocrx_word' id='word_1_938' title='bbox 1537 2781 1573 2809; x_wconf 89' lang='lat' dir='ltr'><strong>et</strong></span> <span class='ocrx_word' id='word_1_939' title='bbox 1600 2781 1776 2810; x_wconf 76' lang='lat' dir='ltr'><strong>vernans,</strong></span> <span class='ocrx_word' id='word_1_940' title='bbox 2551 2791 2553 2793; x_wconf 96' lang='lat'>·</span> 
     </span>
    </p>

    <p class='ocr_par' dir='ltr' id='par_1_31' title="bbox 1535 2826 2595 3400">
     <span class='ocr_line' id='line_1_121' title="bbox 1590 2826 2595 2877; baseline 0.004 -15"><span class='ocrx_word' id='word_1_941' title='bbox 1590 2826 1812 2862; x_wconf 82' lang='lat' dir='ltr'>RESPONDEO</span> <span class='ocrx_word' id='word_1_942' title='bbox 1849 2838 2029 2864; x_wconf 70' lang='lat' dir='ltr'><strong>ulcannuu</strong></span> <span class='ocrx_word' id='word_1_943' title='bbox 2070 2828 2177 2876; x_wconf 91' lang='lat' dir='ltr'><strong>quod</strong></span> <span class='ocrx_word' id='word_1_944' title='bbox 2218 2827 2416 2877; x_wconf 86' lang='lat' dir='ltr'><strong>plenitudo</strong></span> <span class='ocrx_word' id='word_1_945' title='bbox 2456 2827 2595 2877; x_wconf 75' lang='lat' dir='ltr'><strong>gratiae</strong></span> 
     </span>
     <span class='ocr_line' id='line_1_122' title="bbox 1537 2878 2594 2931; baseline 0.006 -18"><span class='ocrx_word' id='word_1_946' title='bbox 1537 2885 1660 2927; x_wconf 91' lang='lat' dir='ltr'><strong>potest</strong></span> <span class='ocrx_word' id='word_1_947' title='bbox 1694 2878 1834 2915; x_wconf 91' lang='lat' dir='ltr'><strong>attendi</strong></span> <span class='ocrx_word' id='word_1_948' title='bbox 1869 2878 2084 2928; x_wconf 90' lang='lat' dir='ltr'><strong>dupliciter:</strong></span> <span class='ocrx_word' id='word_1_949' title='bbox 2123 2891 2204 2917; x_wconf 92' lang='lat' dir='ltr'><strong>uno</strong></span> <span class='ocrx_word' id='word_1_950' title='bbox 2239 2881 2376 2927; x_wconf 89' lang='lat' dir='ltr'><strong>modo,</strong></span> <span class='ocrx_word' id='word_1_951' title='bbox 2411 2891 2458 2918; x_wconf 89' lang='lat' dir='ltr'><strong>ex</strong></span> <span class='ocrx_word' id='word_1_952' title='bbox 2486 2887 2594 2931; x_wconf 83' lang='lat' dir='ltr'><strong>parte</strong></span> 
     </span>
     <span class='ocr_line' id='line_1_123' title="bbox 1536 2927 2593 2983; baseline 0.005 -17"><span class='ocrx_word' id='word_1_953' title='bbox 1536 2930 1654 2979; x_wconf 89' lang='lat' dir='ltr'><strong>ipsius</strong></span> <span class='ocrx_word' id='word_1_954' title='bbox 1681 2929 1838 2978; x_wconf 88' lang='lat' dir='ltr'><strong>gratiae;</strong></span> <span class='ocrx_word' id='word_1_955' title='bbox 1868 2931 1941 2967; x_wconf 89' lang='lat' dir='ltr'><strong>alio</strong></span> <span class='ocrx_word' id='word_1_956' title='bbox 1970 2932 2111 2978; x_wconf 85' lang='lat' dir='ltr'><strong>modo,¹</strong></span> <span class='ocrx_word' id='word_1_957' title='bbox 2131 2945 2178 2969; x_wconf 89' lang='lat' dir='ltr'><strong>ex</strong></span> <span class='ocrx_word' id='word_1_958' title='bbox 2196 2941 2302 2983; x_wconf 88' lang='lat' dir='ltr'><strong>parte</strong></span> <span class='ocrx_word' id='word_1_959' title='bbox 2321 2931 2494 2970; x_wconf 88' lang='lat' dir='ltr'><strong>habentis</strong></span> <span class='ocrx_word' id='word_1_960' title='bbox 2510 2927 2593 2981; x_wconf 68' lang='lat' dir='ltr'><strong>gra-</strong></span> 
     </span>
     <span class='ocr_line' id='line_1_124' title="bbox 1535 2982 2591 3034; baseline 0.003 -15"><span class='ocrx_word' id='word_1_961' title='bbox 1535 2982 1638 3019; x_wconf 88' lang='lat' dir='ltr'><strong>tiam.</strong></span> <span class='ocrx_word' id='word_1_962' title='bbox 1669 2983 1727 3019; x_wconf 89' lang='lat' dir='ltr'><strong>Ex</strong></span> <span class='ocrx_word' id='word_1_963' title='bbox 1745 2991 1850 3032; x_wconf 85' lang='lat' dir='ltr'><strong>parte</strong></span> <span class='ocrx_word' id='word_1_964' title='bbox 1870 2983 2029 3032; x_wconf 90' lang='lat' dir='ltr'><strong>quidem</strong></span> <span class='ocrx_word' id='word_1_965' title='bbox 2049 2984 2167 3034; x_wconf 88' lang='lat' dir='ltr'><strong>ipsius</strong></span> <span class='ocrx_word' id='word_1_966' title='bbox 2185 2985 2336 3033; x_wconf 85' lang='lat' dir='ltr'><strong>gratiae,</strong></span> <span class='ocrx_word' id='word_1_967' title='bbox 2355 2984 2492 3025; x_wconf 82' lang='lat' dir='ltr'><strong>dicitur</strong></span> <span class='ocrx_word' id='word_1_968' title='bbox 2509 2997 2591 3022; x_wconf 92' lang='lat' dir='ltr'><strong>esse</strong></span> 
     </span>
     <span class='ocr_line' id='line_1_125' title="bbox 1536 3035 2592 3086; baseline 0.003 -15"><span class='ocrx_word' id='word_1_969' title='bbox 1536 3035 1733 3084; x_wconf 88' lang='lat' dir='ltr'><strong>plenitudo</strong></span> <span class='ocrx_word' id='word_1_970' title='bbox 1762 3048 1808 3072; x_wconf 83' lang='lat' dir='ltr'><strong>ex</strong></span> <span class='ocrx_word' id='word_1_971' title='bbox 1836 3048 1883 3072; x_wconf 92' lang='lat' dir='ltr'><strong>eo</strong></span> <span class='ocrx_word' id='word_1_972' title='bbox 1911 3037 2019 3085; x_wconf 93' lang='lat' dir='ltr'><strong>quod</strong></span> <span class='ocrx_word' id='word_1_973' title='bbox 2046 3037 2182 3086; x_wconf 89' lang='lat' dir='ltr'><strong>aliquis</strong></span> <span class='ocrx_word' id='word_1_974' title='bbox 2213 3037 2387 3086; x_wconf 86' lang='lat' dir='ltr'><strong>pertingit</strong></span> <span class='ocrx_word' id='word_1_975' title='bbox 2412 3037 2461 3074; x_wconf 81' lang='lat' dir='ltr'><strong>ad</strong></span> <span class='ocrx_word' id='word_1_976' title='bbox 2489 3049 2592 3074; x_wconf 91' lang='lat' dir='ltr'><strong>sum-</strong></span> 
     </span>
     <span class='ocr_line' id='line_1_126' title="bbox 1536 3087 2592 3139; baseline 0.004 -16"><span class='ocrx_word' id='word_1_977' title='bbox 1536 3099 1646 3124; x_wconf 91' lang='lat' dir='ltr'><strong>mum</strong></span> <span class='ocrx_word' id='word_1_978' title='bbox 1674 3087 1813 3135; x_wconf 86' lang='lat' dir='ltr'><strong>gratiae</strong></span> <span class='ocrx_word' id='word_1_979' title='bbox 1841 3096 1877 3125; x_wconf 90' lang='lat' dir='ltr'><strong>et</strong></span> <span class='ocrx_word' id='word_1_980' title='bbox 1905 3097 2093 3138; x_wconf 90' lang='lat' dir='ltr'><strong>quantum</strong></span> <span class='ocrx_word' id='word_1_981' title='bbox 2113 3089 2162 3127; x_wconf 86' lang='lat' dir='ltr'><strong>ad</strong></span> <span class='ocrx_word' id='word_1_982' title='bbox 2181 3089 2381 3127; x_wconf 80' lang='lat' dir='ltr'><strong>essentiam</strong></span> <span class='ocrx_word' id='word_1_983' title='bbox 2408 3096 2445 3126; x_wconf 90' lang='lat' dir='ltr'><strong>et</strong></span> <span class='ocrx_word' id='word_1_984' title='bbox 2471 3100 2592 3139; x_wconf 87' lang='lat' dir='ltr'><strong>quan-</strong></span> 
     </span>
     <span class='ocr_line' id='line_1_127' title="bbox 1536 3139 2593 3191; baseline 0.003 -15"><span class='ocrx_word' id='word_1_985' title='bbox 1536 3148 1618 3177; x_wconf 90' lang='lat' dir='ltr'><strong>tum</strong></span> <span class='ocrx_word' id='word_1_986' title='bbox 1647 3141 1695 3177; x_wconf 89' lang='lat' dir='ltr'><strong>ad</strong></span> <span class='ocrx_word' id='word_1_987' title='bbox 1723 3140 1919 3178; x_wconf 87' lang='lat' dir='ltr'><strong>virtutem:</strong></span> <span class='ocrx_word' id='word_1_988' title='bbox 1950 3141 2041 3191; x_wconf 89' lang='lat' dir='ltr'><strong>quia</strong></span> <span class='ocrx_word' id='word_1_989' title='bbox 2068 3141 2206 3180; x_wconf 88' lang='lat' dir='ltr'><strong>scilicet</strong></span> <span class='ocrx_word' id='word_1_990' title='bbox 2231 3141 2346 3181; x_wconf 86' lang='lat' dir='ltr'><strong>habet</strong></span> <span class='ocrx_word' id='word_1_991' title='bbox 2370 3139 2529 3189; x_wconf 82' lang='lat' dir='ltr'><strong>gratiam</strong></span> <span class='ocrx_word' id='word_1_992' title='bbox 2556 3150 2593 3179; x_wconf 88' lang='lat' dir='ltr'><strong>et</strong></span> 
     </span>
     <span class='ocr_line' id='line_1_128' title="bbox 1536 3192 2591 3244; baseline 0.003 -15"><span class='ocrx_word' id='word_1_993' title='bbox 1536 3192 1574 3229; x_wconf 92' lang='lat' dir='ltr'><strong>in</strong></span> <span class='ocrx_word' id='word_1_994' title='bbox 1603 3192 1771 3229; x_wconf 85' lang='lat' dir='ltr'><strong>maxima</strong></span> <span class='ocrx_word' id='word_1_995' title='bbox 1799 3193 2016 3231; x_wconf 87' lang='lat' dir='ltr'><strong>excellentia</strong></span> <span class='ocrx_word' id='word_1_996' title='bbox 2050 3206 2128 3244; x_wconf 86' lang='lat' dir='ltr'><strong>qua</strong></span> <span class='ocrx_word' id='word_1_997' title='bbox 2155 3201 2278 3244; x_wconf 87' lang='lat' dir='ltr'><strong>potest</strong></span> <span class='ocrx_word' id='word_1_998' title='bbox 2304 3192 2453 3241; x_wconf 87' lang='lat' dir='ltr'><strong>haberi,</strong></span> <span class='ocrx_word' id='word_1_999' title='bbox 2489 3202 2526 3231; x_wconf 91' lang='lat' dir='ltr'><strong>et</strong></span> <span class='ocrx_word' id='word_1_1000' title='bbox 2551 3194 2591 3232; x_wconf 90' lang='lat' dir='ltr'><strong>in</strong></span> 
     </span>
     <span class='ocr_line' id='line_1_129' title="bbox 1536 3244 2592 3294; baseline 0.002 -12"><span class='ocrx_word' id='word_1_1001' title='bbox 1536 3244 1703 3282; x_wconf 84' lang='lat' dir='ltr'><strong>maxima</strong></span> <span class='ocrx_word' id='word_1_1002' title='bbox 1730 3246 1950 3283; x_wconf 85' lang='lat' dir='ltr'><strong>extensione</strong></span> <span class='ocrx_word' id='word_1_1003' title='bbox 1969 3247 2018 3284; x_wconf 86' lang='lat' dir='ltr'><strong>ad</strong></span> <span class='ocrx_word' id='word_1_1004' title='bbox 2036 3258 2173 3284; x_wconf 88' lang='lat' dir='ltr'><strong>omnes</strong></span> <span class='ocrx_word' id='word_1_1005' title='bbox 2189 3245 2328 3294; x_wconf 81' lang='lat' dir='ltr'><strong>gratiae</strong></span> <span class='ocrx_word' id='word_1_1006' title='bbox 2346 3245 2514 3284; x_wconf 85' lang='lat' dir='ltr'><strong>effectus.</strong></span> <span class='ocrx_word' id='word_1_1007' title='bbox 2544 3247 2592 3284; x_wconf 89' lang='lat' dir='ltr'><strong>Et</strong></span> 
     </span>
     <span class='ocr_line' id='line_1_130' title="bbox 1535 3297 2591 3348; baseline 0.003 -14"><span class='ocrx_word' id='word_1_1008' title='bbox 1535 3297 1616 3334; x_wconf 85' lang='lat' dir='ltr'><strong>talis</strong></span> <span class='ocrx_word' id='word_1_1009' title='bbox 1642 3298 1780 3345; x_wconf 87' lang='lat' dir='ltr'><strong>gratiae</strong></span> <span class='ocrx_word' id='word_1_1010' title='bbox 1800 3298 1997 3347; x_wconf 89' lang='lat' dir='ltr'><strong>plenitudo</strong></span> <span class='ocrx_word' id='word_1_1011' title='bbox 2025 3306 2079 3336; x_wconf 91' lang='lat' dir='ltr'><strong>est</strong></span> <span class='ocrx_word' id='word_1_1012' title='bbox 2105 3298 2259 3348; x_wconf 85' lang='lat' dir='ltr'><strong>propria</strong></span> <span class='ocrx_word' id='word_1_1013' title='bbox 2276 3297 2450 3335; x_wconf 87' lang='lat' dir='ltr'><strong>Christo.</strong></span> <span class='ocrx_word' id='word_1_1014' title='bbox 2478 3320 2504 3326; x_wconf 97' lang='lat'><em>-</em></span> <span class='ocrx_word' id='word_1_1015' title='bbox 2533 3300 2591 3337; x_wconf 87' lang='lat' dir='ltr'><strong>Ex</strong></span> 
     </span>
     <span class='ocr_line' id='line_1_131' title="bbox 1536 3349 2591 3400; baseline 0.002 -14"><span class='ocrx_word' id='word_1_1016' title='bbox 1536 3357 1641 3400; x_wconf 86' lang='lat' dir='ltr'><strong>parte</strong></span> <span class='ocrx_word' id='word_1_1017' title='bbox 1676 3362 1769 3387; x_wconf 90' lang='lat' dir='ltr'><strong>vero</strong></span> <span class='ocrx_word' id='word_1_1018' title='bbox 1803 3350 1976 3400; x_wconf 88' lang='lat' dir='ltr'><strong>subiecti,</strong></span> <span class='ocrx_word' id='word_1_1019' title='bbox 2011 3350 2147 3388; x_wconf 89' lang='lat' dir='ltr'><strong>dicitur</strong></span> <span class='ocrx_word' id='word_1_1020' title='bbox 2180 3349 2318 3398; x_wconf 70' lang='lat' dir='ltr'><strong>gratiae</strong></span> <span class='ocrx_word' id='word_1_1021' title='bbox 2353 3350 2551 3400; x_wconf 87' lang='lat' dir='ltr'><strong>plenitudo</strong></span> <span class='ocrx_word' id='word_1_1022' title='bbox 2575 3357 2591 3381; x_wconf 73' lang='grc' dir='ltr'>Υ</span> 
     </span>
    </p>
   </div>
   <div class='ocr_carea' id='block_1_24' title="bbox 1533 3458 2591 3600">
    <p class='ocr_par' dir='ltr' id='par_1_32' title="bbox 1533 3458 2591 3600">
     <span class='ocr_line' id='line_1_132' title="bbox 1536 3458 2590 3497; baseline 0.002 -10"><span class='ocrx_word' id='word_1_1023' title='bbox 1536 3468 1610 3487; x_wconf 81' lang='lat' dir='ltr'><strong>vetus</strong></span> <span class='ocrx_word' id='word_1_1024' title='bbox 1634 3458 1780 3492; x_wconf 71' lang='lat' dir='ltr'><strong>Escurialiiz.</strong></span> <span class='ocrx_word' id='word_1_1025' title='bbox 1799 3463 1826 3488; x_wconf 82' lang='lat' dir='ltr'><strong>in</strong></span> <span class='ocrx_word' id='word_1_1026' title='bbox 1843 3470 1897 3496; x_wconf 87' lang='lat' dir='ltr'><strong>quo</strong></span> <span class='ocrx_word' id='word_1_1027' title='bbox 1919 3467 2006 3488; x_wconf 72' lang='lat' dir='ltr'><strong>tamen</strong></span> <span class='ocrx_word' id='word_1_1028' title='bbox 2028 3461 2128 3487; x_wconf 79' lang='lat' dir='ltr'><strong>deletur</strong></span> <span class='ocrx_word' id='word_1_1029' title='bbox 2145 3468 2191 3494; x_wconf 79' lang='lat' dir='ltr'><strong>per</strong></span> <span class='ocrx_word' id='word_1_1030' title='bbox 2209 3465 2302 3492; x_wconf 66' lang='lat' dir='ltr'><strong>uasat,-</strong></span> <span class='ocrx_word' id='word_1_1031' title='bbox 2324 3469 2377 3488; x_wconf 88' lang='lat' dir='ltr'><strong>om.</strong></span> <span class='ocrx_word' id='word_1_1032' title='bbox 2396 3462 2474 3493; x_wconf 58' lang='lat' dir='ltr'><strong>AB&amp;</strong></span> <span class='ocrx_word' id='word_1_1033' title='bbox 2487 3463 2545 3497; x_wconf 76' lang='lat' dir='ltr'><strong>fuit</strong></span> <span class='ocrx_word' id='word_1_1034' title='bbox 2564 3464 2590 3489; x_wconf 84' lang='lat' dir='ltr'><strong>in</strong></span> 
     </span>
     <span class='ocr_line' id='line_1_133' title="bbox 1538 3496 2590 3531; baseline 0.003 -10"><span class='ocrx_word' id='word_1_1035' title='bbox 1538 3497 1652 3528; x_wconf 78' lang='lat' dir='ltr'><strong>Christo,</strong></span> <span class='ocrx_word' id='word_1_1036' title='bbox 1662 3505 1700 3522; x_wconf 79' lang='lat' dir='ltr'><strong>ex</strong></span> <span class='ocrx_word' id='word_1_1037' title='bbox 1713 3501 1794 3530; x_wconf 82' lang='lat' dir='ltr'><strong>parte</strong></span> <span class='ocrx_word' id='word_1_1038' title='bbox 1806 3497 1925 3523; x_wconf 57' lang='lat' dir='ltr'><strong>habent&amp;</strong></span> <span class='ocrx_word' id='word_1_1039' title='bbox 1942 3496 2093 3522; x_wconf 73' lang='lat' dir='ltr'><strong>attenditur</strong></span> <span class='ocrx_word' id='word_1_1040' title='bbox 2104 3496 2211 3530; x_wconf 78' lang='lat' dir='ltr'><strong>gratiae</strong></span> <span class='ocrx_word' id='word_1_1041' title='bbox 2225 3496 2365 3530; x_wconf 80' lang='lat' dir='ltr'><strong>pIenitudo</strong></span> <span class='ocrx_word' id='word_1_1042' title='bbox 2378 3497 2408 3526; x_wconf 91' lang='lat' dir='ltr'><strong>D,</strong></span> <span class='ocrx_word' id='word_1_1043' title='bbox 2422 3501 2461 3523; x_wconf 74' lang='lat' dir='ltr'><strong>est</strong></span> <span class='ocrx_word' id='word_1_1044' title='bbox 2476 3499 2590 3531; x_wconf 80' lang='lat' dir='ltr'><strong>propria</strong></span> 
     </span>
     <span class='ocr_line' id='line_1_134' title="bbox 1539 3530 2591 3566; baseline 0.004 -11"><span class='ocrx_word' id='word_1_1045' title='bbox 1539 3531 1652 3561; x_wconf 79' lang='lat' dir='ltr'><strong>Chr-iseo,</strong></span> <span class='ocrx_word' id='word_1_1046' title='bbox 1665 3533 1721 3557; x_wconf 78' lang='lat' dir='ltr'><strong>alia</strong></span> <span class='ocrx_word' id='word_1_1047' title='bbox 1739 3535 1780 3558; x_wconf 74' lang='lat' dir='ltr'><strong>est</strong></span> <span class='ocrx_word' id='word_1_1048' title='bbox 1797 3532 1903 3566; x_wconf 70' lang='lat' dir='ltr'><strong>gratiae</strong></span> <span class='ocrx_word' id='word_1_1049' title='bbox 1915 3530 2056 3564; x_wconf 73' lang='lat' dir='ltr'><strong>plenitudo</strong></span> <span class='ocrx_word' id='word_1_1050' title='bbox 2073 3538 2112 3556; x_wconf 73' lang='lat' dir='ltr'><strong>ex</strong></span> <span class='ocrx_word' id='word_1_1051' title='bbox 2124 3533 2206 3564; x_wconf 75' lang='lat' dir='ltr'><strong>parte</strong></span> <span class='ocrx_word' id='word_1_1052' title='bbox 2223 3531 2342 3557; x_wconf 77' lang='lat' dir='ltr'><strong>habentis</strong></span> <span class='ocrx_word' id='word_1_1053' title='bbox 2359 3532 2478 3565; x_wconf 72' lang='lat' dir='ltr'><strong>gratiam</strong></span> <span class='ocrx_word' id='word_1_1054' title='bbox 2496 3533 2539 3563; x_wconf 80' lang='lat' dir='ltr'><strong>sC.</strong></span> <span class='ocrx_word' id='word_1_1055' title='bbox 2552 3537 2591 3559; x_wconf 77' lang='lat' dir='ltr'><strong>est</strong></span> 
     </span>
     <span class='ocr_line' id='line_1_135' title="bbox 1533 3565 2590 3600; baseline 0.004 -9"><span class='ocrx_word' id='word_1_1056' title='bbox 1533 3567 1647 3598; x_wconf 76' lang='lat' dir='ltr'><strong>propria</strong></span> <span class='ocrx_word' id='word_1_1057' title='bbox 1663 3567 1776 3596; x_wconf 76' lang='lat' dir='ltr'><strong>Christo,</strong></span> <span class='ocrx_word' id='word_1_1058' title='bbox 1789 3574 1827 3592; x_wconf 81' lang='lat' dir='ltr'><strong>ex</strong></span> <span class='ocrx_word' id='word_1_1059' title='bbox 1836 3570 1918 3599; x_wconf 76' lang='lat' dir='ltr'><strong>parte</strong></span> <span class='ocrx_word' id='word_1_1060' title='bbox 1934 3570 2023 3592; x_wconf 75' lang='lat' dir='ltr'><strong>autem</strong></span> <span class='ocrx_word' id='word_1_1061' title='bbox 2042 3566 2160 3592; x_wconf 72' lang='lat' dir='ltr'><strong>habenti:</strong></span> <span class='ocrx_word' id='word_1_1062' title='bbox 2176 3565 2276 3592; x_wconf 74' lang='lat' dir='ltr'><strong>dicitur</strong></span> <span class='ocrx_word' id='word_1_1063' title='bbox 2289 3573 2344 3592; x_wconf 68' lang='lat' dir='ltr'><strong>esse</strong></span> <span class='ocrx_word' id='word_1_1064' title='bbox 2359 3568 2499 3600; x_wconf 74' lang='lat' dir='ltr'><strong>plenitudo</strong></span> <span class='ocrx_word' id='word_1_1065' title='bbox 2511 3570 2551 3595; x_wconf 83' lang='lat' dir='ltr'><strong>ed.</strong></span> <span class='ocrx_word' id='word_1_1066' title='bbox 2564 3576 2590 3595; x_wconf 84' lang='lat' dir='ltr'><strong>a.</strong></span> 
     </span>
    </p>
   </div>
   <div class='ocr_carea' id='block_1_25' title="bbox 2625 715 2850 746">
    <p class='ocr_par' dir='ltr' id='par_1_33' title="bbox 2625 715 2850 746">
     <span class='ocr_line' id='line_1_136' title="bbox 2625 715 2850 746; baseline 0 -8"><span class='ocrx_word' id='word_1_1067' title='bbox 2625 717 2635 727; x_wconf 79' lang='lat'>⁸</span> <span class='ocrx_word' id='word_1_1068' title='bbox 2650 715 2685 739; x_wconf 79' lang='lat' dir='ltr'><strong>Cf.</strong></span> <span class='ocrx_word' id='word_1_1069' title='bbox 2701 719 2752 739; x_wconf 85' lang='lat' dir='ltr'><strong>not.</strong></span> <span class='ocrx_word' id='word_1_1070' title='bbox 2765 718 2788 742; x_wconf 77' lang='grc' dir='ltr'><strong>ο.</strong></span> <span class='ocrx_word' id='word_1_1071' title='bbox 2845 741 2850 746; x_wconf 17' lang='grc' dir='ltr'><strong>Ὗ,</strong></span> 
     </span>
    </p>
   </div>
   <div class='ocr_carea' id='block_1_26' title="bbox 2623 2570 2767 2599">
    <p class='ocr_par' dir='ltr' id='par_1_34' title="bbox 2623 2570 2767 2599">
     <span class='ocr_line' id='line_1_137' title="bbox 2623 2570 2767 2599; baseline 0.014 -7"><span class='ocrx_word' id='word_1_1072' title='bbox 2623 2570 2713 2594; x_wconf 71' lang='lat' dir='ltr'><strong>&#39;Vei-a.</strong></span> <span class='ocrx_word' id='word_1_1073' title='bbox 2730 2578 2767 2599; x_wconf 71' lang='grc'><strong>14.</strong></span> 
     </span>
    </p>
   </div>
   <div class='ocr_carea' id='block_1_27' title="bbox 2812 0 2872 3970">
    <p class='ocr_par' dir='ltr' id='par_1_35' title="bbox 2812 0 2872 3970">
     <span class='ocr_line' id='line_1_138' title="bbox 2812 0 2872 3970; baseline 0 0"><span class='ocrx_word' id='word_1_1074' title='bbox 2812 0 2872 3970; x_wconf 95' lang='lat' dir='ltr'><strong> </strong></span> 
     </span>
    </p>
   </div>
  </div>
 </body>
</html>
