2872 3970
961 309 1225 356 QUAESTIO
1255 311 1359 357 XIX,
1389 310 1680 348 ARTICULUS
1707 312 1738 348 II
2353 312 2426 360 243

264 441 358 478 aliae
386 440 639 490 operationeS,
660 452 760 489 quae
788 451 868 475 non
897 447 985 475 sunt
1002 439 1155 488 proprie
1185 440 1320 476 huma-

263 504 348 538 nae,
369 493 465 530 sicut
483 493 626 530 dictum
649 499 714 529 est.
736 492 813 529 Sed
832 491 871 528 in
890 491 1049 528 homine
1069 493 1154 528 Iesu
1170 491 1320 528 Christo

259 543 392 583 minus
419 553 498 583 erat
516 553 645 583 motus
673 544 873 581 sensitivae
899 544 1014 593 partis
1034 544 1100 593 qui
1119 556 1199 581 non
1225 551 1322 580 esset

264 595 462 636 ordinatus
482 611 505 635 a
523 597 681 634 ratione.
719 599 826 646 Ipsae
853 596 968 634 etiam
995 598 1237 645 operationes
1256 609 1322 633 na-

262 652 402 688 turales
430 658 467 687 et
493 651 711 699 corporales
739 649 949 698 aliqualiter
976 649 1024 686 ad
1048 649 1130 687 eius
1147 650 1322 686 volunta-

262 710 342 741 tem
368 702 619 752 pertinebant,
644 702 875 752 inquantum
902 703 1107 740 voluntatis
1136 703 1217 740 eius
1245 709 1324 739 erat

263 761 303 793 ut
337 767 428 793 caro
465 757 542 792 eius
578 761 708 805 ageret
741 761 775 792 et
795 761 987 804 pateretur
1014 768 1108 806 quae
1140 762 1223 793 sunt
1255 757 1325 792 sihi

161 818 237 863 ¹¹²3·
257 810 419 859 propria
426 837 452 855 ‚‚
466 816 509 846 ut
536 808 682 845 dictum
718 815 774 845 est
800 820 917 856 supra
934 808 964 845 ²¹⁸.
1003 810 1052 846 Et
1079 808 1166 846 ideo
1202 810 1323 846 multo

261 860 384 909 magis
411 869 467 898 est
493 873 573 898 una
591 861 762 909 operatio
781 861 822 898 in
841 861 992 899 Christo
1022 874 1141 910 quam
1169 861 1209 898 in
1228 874 1323 910 quo-

263 925 432 962 cumque
460 913 534 951 alio
562 914 732 951 homine.

316 967 373 1003 An
401 978 536 1004 ptumum
564 978 663 1004 ERGO
691 979 872 1004 meramnum
891 967 998 1016 quod
1018 967 1188 1016 operatio
1207 967 1324 1016 partis

263 1018 464 1056 sensitivae
502 1026 538 1056 et
565 1019 767 1056 nutritivae
803 1032 884 1057 non
922 1028 977 1056 est
1003 1019 1157 1069 proprie
1185 1020 1322 1057 huma-

315 1149 338 1184 ε)
357 1153 468 1181 tempus.
485 1163 506 1168 —
523 1152 550 1174 et
568 1149 643 1174 aliud
662 1153 764 1182 tempus
783 1150 826 1180 Ec,
840 1154 867 1175 et
883 1150 960 1175 aliud
977 1150 1183 1175 instrumentum
1203 1151 1237 1181 P;
1251 1150 1282 1175 cf.
1301 1150 1323 1179 ζ.

260 1221 376 1254 ,ιριῡιιω
388 1228 500 1245 vacuum
515 1228 560 1245 sex
573 1221 698 1246 linearum
705 1229 712 1251 ;
731 1229 830 1254 margo,
843 1229 858 1246 a
868 1221 993 1254 scriptore
1006 1227 1034 1246 ut
1046 1222 1163 1246 videtur:
1181 1221 1224 1247 hic
1237 1222 1326 1254 deficit

1376 443 1482 479 modi
1511 443 1751 492 operationes
1774 443 1928 479 fuerunt
1954 444 2073 492 magis
2101 445 2293 481 humanae
2313 456 2429 493 quam

1376 494 1416 531 in
1444 495 1535 532 aliis.

1429 548 1486 584 An
1515 560 1703 585 SECUNDUM
1730 560 1911 585 mCENDUM
1939 549 2046 597 quod
2080 549 2270 597 potentiae
2303 557 2339 585 et
2366 550 2432 586 ha-

1376 599 1477 637 bitus
1505 600 1808 637 diversificantur
1835 613 1905 649 per
1932 602 2259 650 comparationem
2289 602 2336 638 ad
2365 602 2431 638 ob—

1377 652 1492 689 iecta:
1522 661 1559 689 et
1586 653 1673 689 ideo
1693 653 1890 690 diversitas
1919 654 2187 702 operationum
2214 655 2289 690 hoc
2312 654 2431 690 modo

1377 705 1582 754 respondet
1622 705 1780 742 diversis
1820 706 1997 754 potentiis
2034 714 2070 743 et
2105 701 2296 743 habitibus
2338 706 2432 742 sicut

1377 757 1491 794 etiarn
1519 759 1724 807 respondet
1751 758 1908 795 diversis
1936 759 2102 796 obiectis.
2139 760 2276 796 Talem
2304 766 2432 795 autem

1377 810 1633 847 diversitatem
1661 811 1930 859 operationum
1949 824 2028 848 non
2048 812 2280 849 intendimus
2308 813 2432 848 exclu-

1377 862 1467 899 dere
1495 863 1543 899 ab
1572 863 1807 900 humanitate
1837 864 1986 910 Christi,
2008 864 2103 901 sicut
2130 877 2201 901 nec
2228 877 2315 901 eam
2334 877 2432 913 quae

1377 923 1431 952 est
1459 916 1674 952 secundum
1701 916 1804 952 aliud
1831 923 1984 965 tempus
2002 922 2032 954 ²:
2071 917 2137 953 sed
2166 919 2292 954 solum
2330 917 2431 953 illam

1378 980 1477 1017 quae
1497 976 1552 1004 est
1571 969 1786 1005 secundum
1814 969 1984 1018 primum
2003 969 2231 1019 principium
2253 969 2431 1015 activum,

1378 1027 1420 1056 ut
1447 1020 1592 1057 dictum
1620 1029 1675 1058 est
1694 1021 1706 1046 ζ
1724 1021 1754 1058 ³¹⁶.

1379 1151 1475 1176 solutio
1500 1152 1574 1176 tertii
1596 1153 1750 1185 argumenti
1767 1161 1845 1185 quam
1871 1152 2023 1186 nus(-quam
2049 1154 2170 1187 recisum)
2190 1156 2278 1187 reperi
2302 1156 2327 1180 in
2347 1156 2435 1188 aliquo

256 1191 258 1193 ’
314 1185 340 1219 ζ)
359 1188 406 1210 est.
423 1199 443 1204 —
464 1185 539 1210 Unde
553 1187 631 1216 patet
649 1186 785 1217 responsio
803 1185 840 1210 ad
858 1186 966 1210 tertium
986 1186 1057 1210 addit
1070 1186 1102 1216 Ρ;
1121 1186 1147 1210 in
1165 1187 1189 1210 G
1207 1187 1325 1218 sequitur
1379 1187 1531 1218 exemplari
1536 1195 1545 1216 ‚·
1564 1195 1654 1219 margo
1673 1187 1693 1212 E
1713 1195 1726 1212 a
1745 1196 1823 1212 manu
1841 1189 1937 1221 antiqui
1956 1190 2122 1214 correctoris:
2142 1191 2228 1223 deficit
2246 1192 2381 1223 responsio
2400 1192 2436 1216 ad

1382 1219 1406 1247 3
1425 1222 1452 1246 in
1471 1223 1630 1253 exemplari.

937 1310 1272 1342 commentaria
1294 1309 1545 1341 Cardinalis
1567 1310 1769 1343 Caietani

323 1408 431 1428 nunus
447 1407 485 1428 ex
499 1397 702 1437 praecedenti
718 1397 818 1427 clarus
835 1402 891 1427 est.
901 1415 924 1420 -
939 1397 974 1427 In
996 1406 1131 1437 corpore
1153 1397 1212 1427 tria
1233 1396 1325 1427 fiunt.

266 1410 442 1479 TPn‘mo,
459 1441 634 1472 declaratur
648 1442 683 1472 in
703 1442 870 1472 communi
893 1441 971 1481 quid
994 1447 1025 1472 et
1047 1451 1130 1481 quae
1153 1442 1193 1471 sit
1215 1451 1326 1481 opera-

263 1487 309 1518 tio
325 1487 466 1517 humana
480 1487 530 1516 vel
546 1496 614 1516 non
628 1486 785 1516 humana:
811 1490 842 1515 et
857 1485 999 1515 similiter
1018 1495 1083 1515 una
1097 1485 1148 1515 vel
1163 1485 1292 1515 multae.
1305 1503 1328 1506 —

204 1544 211 1550 ·
264 1530 414 1562 Secundo
430 1531 457 1566 ⁴⁹,
474 1529 672 1560 declarantur
690 1530 769 1560 haec
785 1529 897 1559 eadem
919 1530 952 1559 in
967 1539 1051 1569 puro
1067 1530 1210 1565 homine,
1227 1529 1328 1568 appli-

265 1574 367 1606 cando
392 1574 431 1604 ad
453 1583 571 1614 purum
594 1574 760 1604 hominem
784 1574 997 1603 communiter
1020 1573 1188 1613 praedicta.
1203 1591 1227 1595 κ
1249 1573 1328 1603 Ter-

263 1620 310 1650 tio
326 1620 353 1655 *‚
370 1617 561 1658 applicando
584 1618 623 1648 ad
643 1617 816 1653 Christum,
832 1617 1043 1657 respondetur
1066 1618 1210 1657 quaesito
1233 1618 1328 1661 unica

265 1662 490 1694 conclusione:
515 1662 554 1692 In
574 1662 702 1692 Christo
725 1666 772 1692 est
795 1671 861 1692 una
876 1662 1018 1692 humana
1041 1662 1202 1702 operatio,
1227 1661 1327 1691 multo

265 1706 372 1748 magis
393 1715 490 1747 quam
513 1706 546 1736 in
570 1715 769 1746 quocumque
790 1705 928 1736 homine.

321 1751 358 1781 11.
383 1749 501 1788 Quoad
523 1750 674 1790 primum,
692 1750 767 1789 quia
785 1750 895 1780 titulus
919 1750 1001 1780 duos
1023 1750 1176 1780 terminos
1200 1749 1328 1784 claudit,

266 1795 387 1826 scilicet
398 1794 616 1834 operationem
633 1794 816 1829 humanam,
830 1799 861 1824 et
873 1794 1027 1824 unitatem
1040 1794 1089 1824 vel
1095 1793 1328 1833 pluralitatem,

265 1838 341 1870 ideo
371 1839 495 1869 Auctor
523 1839 629 1878 primo
661 1838 881 1877 operationem
911 1837 1048 1868 elucidat
1077 1838 1268 1873 humanari„
1300 1840 1331 1867 et'

267 1882 382 1914 deinde
404 1882 490 1912 illius
505 1883 660 1912 unitatem
675 1882 726 1912 vel
741 1881 980 1912 multitudinem
995 1882 1029 1912 in
1046 1882 1221 1911 communi.
1246 1882 1331 1911 Dicit

268 1936 343 1967 ergo
366 1926 434 1956 tria.

322 1971 476 2001 Primum.
494 1969 647 2010 Operatio
663 1970 804 1999 humana
819 1969 1003 2009 simpliciter
1019 1975 1066 1999 est
1081 1979 1163 2009 quae
1179 1979 1197 1999 a
1208 1969 1331 1999 ratione

267 2014 414 2055 procedit
436 2013 614 2044 secundum
637 2014 852 2044 voluntatem:
878 2014 954 2053 quia
976 2014 1077 2043 homo
1097 2019 1144 2043 est
1158 2014 1259 2043 homo
1275 2023 1332 2053 per

267 2059 435 2090 rationem.
447 2059 498 2094 Et,
510 2067 568 2098 per
580 2058 778 2098 oppositum,
790 2058 931 2097 reliquae
948 2058 1149 2097 operationes
1165 2058 1331 2087 attributae

267 2103 393 2134 homini
407 2112 477 2132 non
491 2102 651 2132 humanae
673 2102 734 2131 nisi
754 2101 933 2132 secundum
955 2107 1079 2142 partem
1095 2107 1178 2132 sunt.
1202 2102 1243 2131 Et
1258 2107 1332 2132 sunt

267 2147 399 2187 triplicis
430 2146 568 2177 ordinis:
603 2145 724 2176 scilicet
753 2155 791 2176 ex
818 2151 931 2176 natura
961 2146 1126 2182 elementi,
1158 2155 1196 2176 ex
1227 2146 1333 2176 anima

267 2191 454 2232 vegetativa,
479 2199 517 2220 ex
540 2190 646 2220 anima
668 2189 824 2220 sensitiva.

324 2234 520 2266 Secundum.
544 2233 729 2264 Differentia
743 2234 826 2264 inter
841 2235 1042 2274 operationes
1061 2234 1199 2264 hominis
1219 2243 1332 2264 seeun-

269 2278 348 2310 dum
362 2284 486 2319 partem
500 2283 631 2308 naturae
646 2279 804 2308 humanae
821 2283 868 2308 est
883 2278 973 2318 quod
993 2278 1150 2318 quaedam
1174 2283 1248 2308 sunt
1262 2288 1333 2318 par-

269 2323 430 2363 ticipative
454 2322 650 2362 quandoque
673 2323 847 2358 humanae,
875 2328 911 2352 ut
935 2331 1016 2362 quae
1047 2328 1120 2352 sunt
1143 2322 1238 2362 partis
1262 2331 1333 2352 sen—

270 2367 395 2397 siu'vae:
420 2371 452 2396 et
467 2366 626 2406 quaedam
646 2376 725 2402 non,
742 2371 779 2396 ut
794 2375 876 2406 quae
897 2372 971 2396 sunt
985 2366 1081 2406 partis
1096 2366 1279 2406 vegetabilis
1303 2372 1334 2396 et

271 2410 480 2442 elementaris.

326 2454 482 2485 Tertium.
507 2453 795 2485 Subordinatorum
823 2454 985 2494 agentium
1007 2454 1144 2494 propriis
1166 2454 1334 2484 virtutibus

273 2499 474 2539 operationes
497 2503 572 2528 sunt
593 2498 731 2529 multae:
761 2498 924 2538 agentium
946 2507 1023 2528 vero
1046 2507 1111 2528 una
1134 2499 1248 2528 virtute
1271 2507 1335 2528 una

273 2548 320 2573 est
342 2543 496 2583 operatio.

328 2586 379 2616 111.
402 2586 488 2616 Nota
510 2586 562 2617 hic
585 2586 662 2616 duo.
690 2586 798 2626 Primo
822 2585 925 2626 quod,
951 2586 1025 2626 quia
1047 2587 1137 2621 ratio,
1162 2592 1198 2616 ut
1221 2585 1335 2616 dicitur

264 2630 317 2667 >IX
331 2631 512 2672 Metaphys.
529 2631 556 2667 *‚
581 2636 628 2661 est
649 2630 689 2660 ad
712 2631 870 2670 opposita,
888 2635 919 2660 et
941 2631 980 2660 ab
1004 2630 1170 2666 electione,
1188 2640 1269 2670 quae
1289 2636 1336 2661 est

273 2679 361 2705 actus
384 2674 565 2710 voluntatis,
590 2674 826 2710 determinatur,
850 2674 924 2704 ideo
947 2675 1027 2704 ratio
1051 2679 1083 2704 et
1104 2674 1252 2704 voluntas
1275 2684 1334 2714 pro

271 2718 370 2749 unico
385 2719 544 2760 principio
561 2719 755 2758 operationis
773 2719 932 2748 humanae
957 2724 1177 2758 computatur:
1203 2724 1234 2748 et
1249 2718 1335 2748 idem

274 2767 321 2793 est
343 2763 564 2802 operationem
594 2772 662 2793 esse
685 2772 703 2792 a
724 2763 857 2798 ratione,
883 2767 914 2792 et
936 2772 955 2792 a
976 2762 1158 2798 voluntate,
1183 2772 1264 2802 quae
1289 2768 1336 2792 est

273 2807 432 2847 appetitus
454 2807 584 2837 rationis
608 2806 876 2837 determinativus.

328 2850 478 2882 Secundo
513 2850 620 2890 quod,
656 2860 731 2881 cum
763 2851 798 2881 in
830 2851 933 2880 littera
966 2850 1080 2880 dicitur
1114 2851 1334 2890 operationem

266 2895 412 2926 hominis
434 2904 502 2925 non
524 2894 753 2934 procedentem
776 2904 795 2924 a
816 2895 981 2925 voluntate
1011 2895 1183 2924 convenire
1210 2895 1335 2925 homini

273 2937 451 2970 secundum
474 2938 614 2978 aliquam
636 2944 759 2978 partem
782 2939 940 2968 humanae
960 2943 1101 2974 naturae,
1119 2944 1150 2968 et
1165 2939 1334 2969 subdistin-

267 2980 381 3023 [guitur
402 2991 473 3022 pars
491 2983 650 3013 humanae
673 2987 804 3013 naturae
818 2983 852 3012 in
869 2982 1103 3018 elementarem,
1126 2983 1335 3022 vegetabilem

274 3031 306 3057 et
327 3026 525 3062 sensibilem,
550 3026 684 3056 dubium
715 3026 813 3065 surgit
840 3025 879 3056 de
906 3026 1011 3065 primo
1042 3031 1115 3055 actu
1145 3026 1333 3062 intellectus,

267 3070 331 3111 vqui
353 3075 400 3101 est
421 3070 571 3106 hominis,
592 3075 623 3100 et
644 3079 713 3100 non
729 3079 746 3099 a
761 3070 926 3099 voluntate
948 3079 1009 3099 nec
1032 3070 1070 3099 ab
1094 3069 1200 3109 aliqua
1222 3071 1333 3100 harum

273 3115 422 3155 partium.
445 3113 539 3145 Unde
563 3113 730 3153 dupliciter
753 3118 859 3152 potest
885 3113 1018 3152 intelligi
1046 3113 1148 3143 littera
1176 3123 1333 3153 praesens.

268 3158 392 3194 >Primo,
409 3163 446 3188 ut
461 3159 499 3188 sit
515 3167 620 3188 sermo
636 3156 675 3187 de
689 3166 810 3198 genere
825 3157 1037 3196 operationis:
1062 3157 1105 3186 ita
1121 3157 1210 3197 quod
1225 3167 1334 3187 sensus

275 3207 339 3237 est:
364 3201 399 3232 Si
414 3201 500 3243 quod
513 3211 619 3242 genus
642 3200 839 3241 operationis
857 3205 904 3230 est
919 3200 1110 3230 conveniens
1124 3201 1256 3236 homini,
1273 3206 1332 3231 etc.

267 3243 317 3277 ⁴Et
338 3251 416 3277 tunc
445 3251 529 3276 caret
558 3245 709 3285 scrupulo
739 3245 849 3275 littera.
881 3243 974 3282 Quia,
998 3242 1072 3274 licet
1101 3245 1279 3274 inveniatur
1301 3245 1334 3275 in

269 3289 407 3329 homine
437 3290 543 3330 aliqua
573 3289 716 3329 operatio
743 3298 811 3318 non
834 3298 852 3318 a
874 3288 1038 3318 voluntate
1068 3297 1128 3318 nec
1158 3287 1334 3318 secundum

268 3333 344 3364 *illas
358 3339 463 3373 partes
484 3339 664 3364 numeratas
680 3333 713 3362 in
728 3333 839 3367 littera,
857 3337 892 3362 ut
907 3332 1028 3371 primus
1044 3336 1131 3361 actus
1146 3331 1333 3367 intellectus,

268 3386 376 3418 >quem
398 3383 526 3418 oportet
548 3387 616 3408 esse
638 3376 824 3412 naturalem,
841 3381 954 3415 utpote
978 3380 1050 3405 ante
1073 3384 1204 3405 omnem
1228 3380 1334 3405 actum

269 3421 464 3456 voluntatis:
488 3431 556 3452 non
571 3427 680 3452 tamen
702 3421 861 3451 invenitur
879 3418 1010 3459 aliquod
1025 3428 1125 3458 genus
1141 3419 1334 3458 operationis

277 3464 312 3495 in
333 3465 465 3497 homine
488 3464 578 3505 quod
600 3475 667 3496 non
691 3465 729 3495 sit
745 3475 763 3494 a
777 3464 941 3494 voluntate
964 3468 1019 3493 aut
1041 3463 1079 3492 ab
1102 3462 1207 3503 aliqua
1229 3463 1334 3493 nomi-

270 3504 422 3540 'natarum
454 3509 602 3549 partium.
637 3508 813 3548 Intelligere
848 3508 934 3538 enim
967 3506 1122 3542 hominis,
1158 3506 1334 3537 seeundum

279 3561 373 3582 suum
402 3562 512 3592 genus,
537 3558 584 3583 est
606 3563 624 3583 a
645 3553 826 3583 voluntate:
858 3551 1002 3592 quamvis
1031 3551 1132 3590 prima
1162 3550 1334 3581 intellectio

278 3595 318 3626 sit
340 3601 480 3637 excepta.

1435 1398 1509 1428 Alio
1525 1398 1624 1429 modo
1641 1405 1746 1439 potest
1761 1401 1893 1441 intelligi
1912 1407 1948 1431 ut
1963 1402 2064 1432 littera
2079 1403 2270 1442 intelligatur
2285 1409 2320 1433 ut
2332 1410 2436 1433 sonat:

1380 1442 1500 1472 scilicet
1529 1443 1618 1482 quod
1642 1445 1785 1483 operatio
1813 1445 1952 1475 hominis
1975 1456 2042 1476 non
2065 1457 2083 1476 a
2106 1447 2278 1483 voluntate,
2302 1457 2369 1477 non
2393 1454 2439 1477 est

1381 1486 1564 1526 simpliciter
1579 1487 1727 1523 humana,
1741 1488 1795 1518 sed
1808 1490 1958 1519 convenit
1972 1490 2095 1520 homini
2111 1491 2287 1521 secundum
2299 1492 2437 1531 aliquam

1380 1536 1503 1570 partem
1525 1531 1683 1561 humanae
1709 1537 1849 1569 naturae,
1870 1539 1901 1563 et
1923 1534 1974 1564 hic
1997 1535 2181 1564 terminetur
2204 1536 2372 1572 sententia;
2396 1537 2439 1565 ita

1382 1575 1471 1614 quod
1487 1585 1623 1615 sequens
1643 1576 1801 1607 distinctio
1817 1587 1884 1607 non
1900 1583 2078 1617 apponatur
2094 1584 2128 1608 ut
2144 1580 2325 1609 evacuativa
2343 1581 2439 1619 partis

1381 1619 1540 1651 humanae
1555 1625 1695 1656 naturae,
1708 1620 1763 1650 sed
1774 1626 1811 1651 ut
1821 1622 1974 1651 narrativa
1988 1623 2126 1662 partium
2141 1623 2297 1653 humanae
2309 1629 2438 1654 naturae

1383 1669 1638 1703 opportunarum
1654 1664 1693 1694 ad
1707 1666 1919 1704 propositum.
1944 1666 2025 1696 Dico
2049 1672 2155 1696 autem
2178 1668 2251 1703 hoc,
2269 1668 2343 1707 quia
2357 1668 2439 1698 inter

1382 1712 1486 1746 partes
1509 1708 1667 1738 humanae
1694 1714 1823 1739 naturae
1847 1714 1894 1739 est
1916 1710 2131 1749 computanda
2157 1711 2346 1741 intellectiva
2368 1721 2440 1752 pars

1382 1756 1419 1781 ut
1441 1756 1567 1781 natura:
1592 1752 1674 1781 sicut
1696 1753 1851 1788 sensitiva,
1870 1755 2044 1792 vegetativa
2063 1759 2094 1784 et
2110 1754 2316 1785 elementaris.
2340 1755 2381 1785 Et
2395 1756 2439 1785 sic

1383 1795 1486 1824 multo
1510 1796 1620 1834 magis,
1637 1796 1704 1825 sine
1723 1796 1788 1826 ulla
1810 1797 1924 1836 glossa,
1941 1797 2042 1827 littera
2065 1804 2149 1828 caret
2171 1799 2331 1838 scrupulo.
2355 1799 2440 1836 Quia

1383 1839 1505 1878 primus
1529 1844 1617 1868 actus
1632 1839 1810 1870 intellectus
1826 1850 1893 1870 non
1909 1846 1956 1870 est
1970 1842 2098 1880 proprie
2117 1843 2293 1872 humanus:
2318 1848 2349 1873 et
2364 1852 2442 1873 con-

1383 1883 1471 1912 venit
1493 1883 1618 1912 homini
1633 1883 1811 1914 secundum
1830 1890 1952 1924 partem
1967 1885 2191 1916 intellectivam
2213 1887 2371 1916 humanae
2386 1896 2442 1916 na-

1384 1931 1483 1956 turae.
1508 1925 1658 1966 Sequitur
1680 1928 1766 1957 enim
1782 1933 1869 1958 actus
1892 1928 1944 1958 ille
1968 1928 2006 1958 ad
2025 1934 2146 1968 partem
2169 1930 2391 1965 intellectivam
2407 1936 2443 1960 ut

1385 1975 1497 2000 natura
1513 1970 1670 2009 quaedam
1693 1977 1750 2007 est,
1767 1972 1848 2002 sicut
1871 1972 1911 2002 ad
1932 1981 2026 2012 grave
2042 1974 2185 2013 sequitur
2207 1975 2329 2004 moveri
2351 1974 2443 2004 deor-

1386 2023 1474 2044 sum:
1499 2019 1633 2054 uterque
1650 2015 1736 2045 enirn
1758 2021 1866 2046 motus
1883 2022 1929 2046 est
1951 2026 1969 2046 a
1989 2023 2168 2056 generante,
2186 2017 2327 2048 deductis
2342 2019 2443 2057 impe-

1386 2058 1544 2088 dimentis
1575 2059 1616 2088 Et
1638 2068 1709 2098 pars
1732 2059 1939 2095 intellectiva,
1963 2066 1999 2090 ut
2021 2066 2132 2091 natura
2155 2067 2297 2101 sumpta,
2323 2063 2443 2102 optime

1387 2102 1589 2141 distinguitur
1605 2108 1714 2132 contra
1730 2104 1886 2134 rationem
1901 2105 2044 2143 appetitu
2057 2104 2295 2136 determinatam
2311 2106 2350 2136 ad
2366 2115 2443 2145 ope-

1386 2146 1537 2181 randum,
1569 2147 1650 2176 sicut
1680 2156 1775 2186 agens
1798 2148 1939 2178 naturale
1964 2154 2074 2178 contra
2101 2159 2196 2188 agens
2220 2160 2237 2179 a
2257 2151 2443 2190 proposito,

1385 2195 1421 2220 ut
1443 2195 1538 2229 patet.

1441 2234 1493 2264 IV.
1518 2234 1634 2272 Quoad
1650 2234 1827 2265 secundum
1842 2236 1868 2271 *‚
1885 2235 2050 2266 conclusio
2067 2241 2128 2266 est:
2153 2237 2191 2267 In
2208 2237 2347 2278 quolibet
2355 2247 2442 2278 puro

1385 2278 1513 2308 homine
1536 2283 1582 2308 est
1604 2283 1727 2308 tantum
1751 2288 1816 2309 una
1840 2279 1984 2319 operatio
2007 2280 2165 2316 humana,
2196 2282 2316 2311 multae
2338 2286 2443 2312 autem

1387 2331 1452 2352 non
1476 2323 1644 2352 humanae.
1669 2323 1852 2353 Declaratur
1875 2323 2079 2354 discurrendo
2098 2325 2279 2364 singillatim
2294 2334 2350 2365 per
2366 2334 2443 2365 qua-

1387 2372 1461 2396 tuor
1485 2372 1682 2397 enumeratas
1700 2372 1804 2406 partes
1819 2367 1977 2397 humanae
1999 2373 2145 2398 naturae:
2170 2369 2289 2399 scilicet
2305 2369 2443 2400 elemen-

1387 2415 1503 2447 tarem,
1534 2410 1758 2450 vegetabilem,
1789 2411 1970 2441 sensitivam
2001 2416 2032 2441 et
2062 2412 2258 2442 rationalem.
2292 2413 2374 2442 Nam
2405 2422 2443 2443 ex

1388 2454 1571 2484 elementari
1594 2460 1625 2484 et
1647 2455 1813 2494 vegetabili
1842 2460 1928 2494 patet
1950 2455 2088 2486 secunda
2110 2465 2181 2495 pars
2209 2455 2441 2487 conclusionis:

1389 2499 1464 2538 quia
1486 2498 1545 2528 alia
1562 2504 1592 2528 et
1608 2499 1667 2528 alia
1691 2504 1736 2528 est
1752 2499 1894 2538 operatio
1917 2499 2030 2529 harum
2052 2499 2198 2538 partium,
2215 2504 2246 2529 et
2261 2499 2441 2530 voluntatis.

1388 2543 1435 2572 Ex
1464 2543 1610 2572 sensitiva
1639 2552 1733 2578 vero,
1762 2542 1984 2582 distinguendo
2008 2543 2173 2582 proprium
2201 2553 2218 2572 a
2244 2544 2440 2583 participato,

1388 2591 1475 2626 patet
1498 2586 1587 2626 quod
1610 2586 1786 2616 secundum
1815 2587 1943 2626 propria
1971 2587 2066 2616 habet
2095 2587 2189 2616 eu‘am
2215 2587 2307 2616 aliam
2331 2596 2442 2626 opera-

1388 2631 1526 2661 tionem:
1551 2631 1768 2670 participative
1784 2636 1891 2660 autem
1906 2636 2036 2660 unamet
2051 2636 2097 2660 est
2112 2631 2210 2670 ipsius
2226 2636 2256 2660 et
2271 2630 2441 2661 voluntatis

1389 2675 1543 2714 operatio.
1563 2675 1611 2704 Ex
1626 2674 1771 2704 rationali
1794 2680 1910 2711 autem,
1927 2674 2159 2714 distinguendo,
2176 2684 2233 2704 seu
2247 2675 2440 2714 replicando,

1389 2718 1428 2748 de
1452 2718 1538 2758 quali
1561 2718 1680 2748 unitate
1704 2719 1896 2758 operationis
1919 2723 1966 2748 est
1988 2728 2102 2754 sermo,
2119 2718 2238 2748 scilicet
2254 2727 2351 2757 penes
2370 2719 2441 2749 uni-

1388 2767 1485 2792 tatem
1508 2762 1655 2802 principii
1677 2763 1804 2802 propria
1827 2763 1951 2797 virtute,
1967 2762 2099 2792 habetur
2122 2761 2210 2801 quod
2233 2771 2296 2792 una
2318 2767 2441 2793 tantum

1389 2811 1436 2836 est
1455 2806 1597 2845 operatio
1621 2806 1759 2836 humana
1782 2806 1815 2835 in
1837 2815 1904 2835 uno
1927 2806 2058 2835 homine
2082 2806 2176 2845 (quae
2193 2811 2239 2835 est
2253 2806 2355 2844 prima
2370 2815 2441 2845 pars

1389 2850 1628 2889 conclusionis),
1643 2850 1717 2889 quia
1732 2859 1835 2879 unum
1850 2855 1973 2879 tanturn
1989 2855 2035 2879 est
2045 2850 2221 2879 humanum
2236 2849 2440 2889 principium,

1388 2893 1507 2923 scilicet
1529 2894 1691 2923 voluntas:
1720 2893 1863 2932 quamvis
1893 2892 2052 2922 diversitas
2074 2893 2114 2922 sit
2135 2893 2359 2931 operationum
2381 2894 2440 2924 hu-

1387 2947 1553 2967 manarum
1582 2946 1680 2976 penes
1710 2937 1848 2972 obiecta,
1877 2945 1958 2975 quae
1985 2941 2116 2966 vocatur
2138 2945 2239 2976 penes
2268 2942 2400 2976 operata
2423 2948 2441 2968 a

1389 2981 1589 3020 quibusdam.
1614 2981 1661 3010 Ex
1684 2981 1799 3019 quibus
1823 2980 1971 3009 omnibus
1986 2985 2073 3019 patet
2095 2979 2183 3019 quod
2205 2981 2347 3020 sequitur
2363 2990 2440 3011 con-

1389 3024 1488 3054 clusio
1520 3023 1626 3063 quoad
1656 3029 1823 3063 utramque
1853 3023 1902 3053 sui
1928 3028 2059 3062 partem.
2089 3023 2171 3053 Nam
2198 3033 2236 3053 ex
2261 3024 2324 3054 hoc
2352 3025 2440 3065 quod

1387 3068 1474 3098 nulla
1496 3070 1567 3107 pars
1589 3068 1747 3097 humanae
1776 3072 1905 3096 naturae
1928 3067 2117 3106 multiplicat
2139 3068 2358 3107 operationem
2380 3069 2440 3099 hu-

1387 3121 1514 3141 manam
1537 3112 1570 3141 in
1593 3120 1660 3141 uno
1683 3120 1765 3150 puro
1794 3111 1936 3146 homine,
1958 3111 2092 3141 habetur
2120 3111 2208 3150 quod
2230 3121 2294 3142 una
2316 3117 2439 3143 tantum

1388 3161 1434 3185 est
1457 3155 1598 3194 operatio
1629 3155 1768 3184 humana
1789 3155 1823 3184 in
1845 3164 1912 3184 uno
1941 3155 2090 3185 homine:
2119 3160 2150 3185 et
2172 3165 2211 3186 ex
2233 3165 2272 3186 eo
2296 3156 2385 3195 quod
2406 3157 2439 3187 in

1388 3198 1503 3229 eodem
1527 3198 1703 3228 secundum
1726 3198 1860 3228 diversas
1883 3198 2040 3229 humanae
2063 3204 2192 3229 naturae
2214 3205 2317 3239 partes
2332 3200 2440 3230 multi-

1387 3243 1544 3282 plicantur
1567 3243 1768 3282 operationes
1782 3252 1850 3272 non
1865 3242 2032 3278 humanae,
2049 3242 2182 3273 habetur
2205 3242 2302 3283 quod,
2318 3249 2441 3284 praeter

1387 3287 1560 3316 humanam
1584 3286 1813 3325 operationem,
1837 3291 1910 3316 sunt
1925 3287 1958 3316 in
1974 3296 2040 3317 uno
2063 3295 2145 3326 puro
2167 3287 2299 3318 homine
2321 3287 2439 3318 multae

1388 3330 1589 3369 operationes
1611 3339 1679 3360 non
1701 3330 1869 3360 humanae.

1442 3374 1561 3404 Notato
1585 3374 1636 3404 hic
1660 3373 1749 3413 quod
1771 3375 1846 3405 hinc
1869 3380 1998 3414 apparet
2019 3383 2086 3405 non
2109 3383 2176 3404 esse
2191 3375 2244 3404 hic
2259 3382 2440 3405 sermonem

1388 3417 1427 3448 de
1450 3418 1570 3448 unitate
1593 3418 1757 3454 numerali,
1782 3424 1836 3455 aut
1858 3428 1937 3459 pure
1959 3418 2106 3458 specifica
2130 3419 2341 3458 operationis:
2365 3428 2440 3450 cum

1388 3461 1470 3492 clare
1493 3467 1617 3492 constet
1631 3462 1664 3492 in
1680 3471 1748 3492 uno
1771 3462 1951 3502 eodemque
1973 3462 2104 3492 homine
2124 3471 2200 3498 esse,
2218 3462 2345 3493 diversis
2360 3468 2440 3494 tem-

1387 3505 1528 3546 poribus,
1545 3505 1699 3536 humanas
1723 3507 1923 3546 operationes
1945 3506 2059 3535 multas
2078 3506 2255 3536 secundum
2269 3516 2439 3537 numerum

1387 3550 1426 3579 ab
1450 3549 1565 3580 eodem
1588 3550 1745 3590 principio
1770 3550 1872 3580 activo
1895 3551 2046 3580 human0.
2071 3549 2133 3580 Sed
2156 3551 2231 3590 quia
2254 3551 2357 3580 omnis
2380 3551 2439 3580 hu-

1388 3603 1481 3624 mana
1504 3594 1646 3634 operatio
1663 3594 1695 3624 in
1712 3603 1778 3624 uno
1802 3594 1932 3624 homine
1949 3594 1987 3623 ab
2003 3593 2117 3623 eodem
2136 3600 2183 3624 est
2196 3594 2338 3624 humano
2353 3594 2439 3634 prin-

255 391 322 426 ·ter
347 400 467 438 quam
494 395 624 425 tamen
651 394 740 424 sunt
757 386 797 423 in
816 386 974 423 homine
1002 398 1102 435 puro
1128 387 1320 435 quaedam
1346 388 1349 441 Ι
1375 401 1436 434 na,
1458 390 1554 427 sicut
1571 390 1716 426 dictum
1735 398 1790 426 est
1803 390 1833 426 ²¹⁸.
1855 391 1903 427 Et
1921 397 2049 428 tamen
2073 391 2111 428 in
2132 391 2282 428 Christo
2302 390 2430 428 huius—
2459 397 2467 407 ·
2482 395 2507 417 ¹¹¹
2522 401 2628 423 “wore-

2461 1028 2471 1039 ⁴
2485 1027 2543 1049 lbid.

2473 2240 2482 2250 ⁸
2497 2239 2533 2260 Cf.
2549 2244 2612 2260 num.
2627 2245 2643 2260 1.
