<?xml version="1.0" encoding="UTF-8"?>
<!DOCTYPE html PUBLIC "-//W3C//DTD XHTML 1.0 Transitional//EN"
    "http://www.w3.org/TR/xhtml1/DTD/xhtml1-transitional.dtd">
<html xmlns="http://www.w3.org/1999/xhtml" xml:lang="en" lang="en">
 <head>
  <title>
</title>
<meta http-equiv="Content-Type" content="text/html;charset=utf-8" />
  <meta name='ocr-system' content='tesseract 3.04.00' />
  <meta name='ocr-capabilities' content='ocr_page ocr_carea ocr_par ocr_line ocrx_word'/>
</head>
<body>
  <div class='ocr_page' id='page_1' title='image "./operaomniaiussui11thom/operaomniaiussui11thom_0507.png"; bbox 0 0 2872 3970; ppageno 0'>
   <div class='ocr_carea' id='block_1_1' title="bbox 0 0 172 3970">
    <p class='ocr_par' dir='ltr' id='par_1_1' title="bbox 0 0 172 3970">
     <span class='ocr_line' id='line_1_1' title="bbox 0 0 172 3970; baseline 0 0"><span class='ocrx_word' id='word_1_1' title='bbox 0 0 172 3970; x_wconf 95' lang='lat' dir='ltr'>   </span> 
     </span>
    </p>
   </div>
   <div class='ocr_carea' id='block_1_2' title="bbox 863 277 1695 325">
    <p class='ocr_par' dir='ltr' id='par_1_2' title="bbox 863 277 1695 325">
     <span class='ocr_line' id='line_1_2' title="bbox 863 277 1695 325; baseline -0.002 -10"><span class='ocrx_word' id='word_1_2' title='bbox 863 277 1126 325; x_wconf 92' lang='lat' dir='ltr'>QUAESTIO</span> <span class='ocrx_word' id='word_1_3' title='bbox 1156 278 1295 325; x_wconf 86' lang='lat' dir='ltr'>XLVI,</span> <span class='ocrx_word' id='word_1_4' title='bbox 1325 277 1617 314; x_wconf 92' lang='lat' dir='ltr'>ARTICULUS</span> <span class='ocrx_word' id='word_1_5' title='bbox 1645 277 1695 313; x_wconf 94' lang='lat' dir='ltr'>XI</span> 
     </span>
    </p>
   </div>
   <div class='ocr_carea' id='block_1_3' title="bbox 125 356 1254 577">
    <p class='ocr_par' dir='ltr' id='par_1_3' title="bbox 117 354 1253 465">
     <span class='ocr_line' id='line_1_3' title="bbox 191 356 1253 412; baseline -0.007 -12.521"><span class='ocrx_word' id='word_1_6' title='bbox 191 362 398 412; x_wconf 77' lang='lat' dir='ltr'>sepultum‘</span> <span class='ocrx_word' id='word_1_7' title='bbox 425 362 530 398; x_wconf 89' lang='lat' dir='ltr'>iuxta</span> <span class='ocrx_word' id='word_1_8' title='bbox 552 361 724 404; x_wconf 83' lang='lat' dir='ltr'>Hebron</span> <span class='ocrx_word' id='word_1_9' title='bbox 745 359 781 394; x_wconf 89' lang='lat' dir='ltr'>in</span> <span class='ocrx_word' id='word_1_10' title='bbox 809 357 903 394; x_wconf 86' lang='lat' dir='ltr'>libro</span> <span class='ocrx_word' id='word_1_11' title='bbox 928 358 1012 393; x_wconf 89' lang='lat' dir='ltr'>Iesu</span> <span class='ocrx_word' id='word_1_12' title='bbox 1037 357 1116 405; x_wconf 90' lang='lat' dir='ltr'>filii</span> <span class='ocrx_word' id='word_1_13' title='bbox 1141 356 1253 394; x_wconf 87' lang='lat' dir='ltr'>Nave</span> 
     </span>
     <span class='ocr_line' id='line_1_4' title="bbox 125 415 360 472; baseline -0.013 -19"><span class='ocrx_word' id='word_1_14' title='bbox 125 438 128 445; x_wconf 46' lang='grc' dir='ltr'>ι</span> <span class='ocrx_word' id='word_1_15' title='bbox 194 415 360 472; x_wconf 81' lang='lat' dir='ltr'>legimus.</span> 
     </span>
    </p>

    <p class='ocr_par' dir='ltr' id='par_1_4' title="bbox 115 460 1254 577">
     <span class='ocr_line' id='line_1_5' title="bbox 125 460 1253 514; baseline -0.007 -9.063"><span class='ocrx_word' id='word_1_16' title='bbox 125 500 128 501; x_wconf 22' lang='lat'><em>⁷</em></span> <span class='ocrx_word' id='word_1_17' title='bbox 218 464 368 514; x_wconf 79' lang='lat' dir='ltr'>Magis</span> <span class='ocrx_word' id='word_1_18' title='bbox 387 472 518 503; x_wconf 89' lang='lat' dir='ltr'>autem</span> <span class='ocrx_word' id='word_1_19' title='bbox 532 463 706 502; x_wconf 87' lang='lat' dir='ltr'>Christus</span> <span class='ocrx_word' id='word_1_20' title='bbox 725 461 1006 510; x_wconf 85' lang='lat' dir='ltr'>crucifigendus</span> <span class='ocrx_word' id='word_1_21' title='bbox 1020 468 1099 498; x_wconf 90' lang='lat' dir='ltr'>erat</span> <span class='ocrx_word' id='word_1_22' title='bbox 1113 460 1152 497; x_wconf 92' lang='lat' dir='ltr'>in</span> <span class='ocrx_word' id='word_1_23' title='bbox 1166 462 1253 498; x_wconf 91' lang='lat' dir='ltr'>loco</span> 
     </span>
     <span class='ocr_line' id='line_1_6' title="bbox 139 513 1254 577; baseline -0.009 -18.211"><span class='ocrx_word' id='word_1_24' title='bbox 139 536 165 577; x_wconf 45' lang='lat'>,3</span> <span class='ocrx_word' id='word_1_25' title='bbox 194 517 401 558; x_wconf 72' lang='lat' dir='ltr'>communi</span> <span class='ocrx_word' id='word_1_26' title='bbox 431 517 704 555; x_wconf 87' lang='lat' dir='ltr'>damnatorum</span> <span class='ocrx_word' id='word_1_27' title='bbox 742 526 861 563; x_wconf 83' lang='lat' dir='ltr'>quam</span> <span class='ocrx_word' id='word_1_28' title='bbox 895 513 1000 551; x_wconf 86' lang='lat' dir='ltr'>iuxta</span> <span class='ocrx_word' id='word_1_29' title='bbox 1033 515 1254 562; x_wconf 87' lang='lat' dir='ltr'>sepulcrum</span> 
     </span>
    </p>
   </div>
   <div class='ocr_carea' id='block_1_4' title="bbox 130 644 1255 725">
    <p class='ocr_par' dir='ltr' id='par_1_5' title="bbox 130 644 1255 725">
     <span class='ocr_line' id='line_1_7' title="bbox 134 644 1255 682; baseline -0.007 -7"><span class='ocrx_word' id='word_1_30' title='bbox 134 667 145 677; x_wconf 63' lang='lat'><strong><em>„</em></strong></span> <span class='ocrx_word' id='word_1_31' title='bbox 196 653 200 657; x_wconf 84' lang='lat'><em>&#39;</em></span> <span class='ocrx_word' id='word_1_32' title='bbox 234 646 268 682; x_wconf 66' lang='grc' dir='ltr'>ι)</span> <span class='ocrx_word' id='word_1_33' title='bbox 284 647 447 680; x_wconf 76' lang='lat' dir='ltr'>sepultum-</span> <span class='ocrx_word' id='word_1_34' title='bbox 457 646 514 677; x_wconf 69' lang='lat' dir='ltr'>EF?</span> <span class='ocrx_word' id='word_1_35' title='bbox 532 651 592 679; x_wconf 79' lang='lat' dir='ltr'>post</span> <span class='ocrx_word' id='word_1_36' title='bbox 609 645 722 678; x_wconf 76' lang='lat' dir='ltr'>legimus</span> <span class='ocrx_word' id='word_1_37' title='bbox 734 645 807 677; x_wconf 84' lang='lat' dir='ltr'>ponit</span> <span class='ocrx_word' id='word_1_38' title='bbox 819 651 844 674; x_wconf 85' lang='lat' dir='ltr'>a,</span> <span class='ocrx_word' id='word_1_39' title='bbox 858 649 970 677; x_wconf 85' lang='lat' dir='ltr'>utroque</span> <span class='ocrx_word' id='word_1_40' title='bbox 986 644 1043 668; x_wconf 87' lang='lat' dir='ltr'>loco</span> <span class='ocrx_word' id='word_1_41' title='bbox 1057 644 1153 668; x_wconf 86' lang='lat' dir='ltr'>habent</span> <span class='ocrx_word' id='word_1_42' title='bbox 1165 644 1255 668; x_wconf 85' lang='lat' dir='ltr'>ABCD</span> 
     </span>
     <span class='ocr_line' id='line_1_8' title="bbox 130 653 1255 725; baseline -0.004 -17"><span class='ocrx_word' id='word_1_43' title='bbox 130 683 143 725; x_wconf 53' lang='lat'>3*</span> <span class='ocrx_word' id='word_1_44' title='bbox 195 688 222 708; x_wconf 74' lang='lat' dir='ltr'>et</span> <span class='ocrx_word' id='word_1_45' title='bbox 233 682 257 708; x_wconf 89' lang='lat' dir='ltr'>G</span> <span class='ocrx_word' id='word_1_46' title='bbox 269 683 314 716; x_wconf 84' lang='lat' dir='ltr'>qui</span> <span class='ocrx_word' id='word_1_47' title='bbox 297 653 423 707; x_wconf 60' lang='lat' dir='ltr'>epomittit</span> <span class='ocrx_word' id='word_1_48' title='bbox 440 682 467 706; x_wconf 79' lang='lat' dir='ltr'>in</span> <span class='ocrx_word' id='word_1_49' title='bbox 486 681 569 710; x_wconf 60' lang='lat' dir='ltr'>libro,-</span> <span class='ocrx_word' id='word_1_50' title='bbox 587 680 625 705; x_wconf 78' lang='lat' dir='ltr'>sG</span> <span class='ocrx_word' id='word_1_51' title='bbox 645 680 706 713; x_wconf 80' lang='lat' dir='ltr'>legit</span> <span class='ocrx_word' id='word_1_52' title='bbox 722 680 811 705; x_wconf 79' lang='lat' dir='ltr'>Adam</span> <span class='ocrx_word' id='word_1_53' title='bbox 831 687 892 704; x_wconf 90' lang='lat' dir='ltr'>vero</span> <span class='ocrx_word' id='word_1_54' title='bbox 907 680 1037 712; x_wconf 80' lang='lat' dir='ltr'>sepultum</span> <span class='ocrx_word' id='word_1_55' title='bbox 1053 679 1134 704; x_wconf 78' lang='lat' dir='ltr'>iuxta</span> <span class='ocrx_word' id='word_1_56' title='bbox 1146 679 1255 704; x_wconf 79' lang='lat' dir='ltr'><em>Hebron</em></span> 
     </span>
    </p>
   </div>
   <div class='ocr_carea' id='block_1_5' title="bbox 139 714 1256 756">
    <p class='ocr_par' dir='ltr' id='par_1_6' title="bbox 127 714 1256 756">
     <span class='ocr_line' id='line_1_9' title="bbox 139 714 1256 756; baseline -0.006 -11.074"><span class='ocrx_word' id='word_1_57' title='bbox 139 742 166 756; x_wconf 47' lang='lat' dir='ltr'><em>w</em></span> <span class='ocrx_word' id='word_1_58' title='bbox 194 718 241 750; x_wconf 67' lang='lat' dir='ltr'>cibi</span> <span class='ocrx_word' id='word_1_59' title='bbox 257 718 342 743; x_wconf 77' lang='lat' dir='ltr'>Iesum</span> <span class='ocrx_word' id='word_1_60' title='bbox 359 717 450 751; x_wconf 78' lang='lat' dir='ltr'>fllium</span> <span class='ocrx_word' id='word_1_61' title='bbox 473 717 549 742; x_wconf 77' lang='lat' dir='ltr'>Nave</span> <span class='ocrx_word' id='word_1_62' title='bbox 573 716 704 748; x_wconf 79' lang='lat' dir='ltr'>sepultum</span> <span class='ocrx_word' id='word_1_63' title='bbox 729 715 856 748; x_wconf 75' lang='lat' dir='ltr'>legimus5</span> <span class='ocrx_word' id='word_1_64' title='bbox 880 720 965 740; x_wconf 69' lang='lat' dir='ltr'>cetera</span> <span class='ocrx_word' id='word_1_65' title='bbox 989 714 1063 739; x_wconf 79' lang='lat' dir='ltr'>tertia</span> <span class='ocrx_word' id='word_1_66' title='bbox 1080 714 1168 739; x_wconf 77' lang='lat' dir='ltr'>Adam</span> <span class='ocrx_word' id='word_1_67' title='bbox 1194 721 1256 739; x_wconf 85' lang='lat' dir='ltr'>vero</span> 
     </span>
    </p>
   </div>
   <div class='ocr_carea' id='block_1_6' title="bbox 1275 354 1283 564">
    <p class='ocr_par' dir='ltr' id='par_1_7' title="bbox 1275 354 1283 564">
     <span class='ocr_line' id='line_1_10' title="bbox 1275 354 1283 564; baseline 0 3406"><span class='ocrx_word' id='word_1_68' title='bbox 1275 354 1283 564; x_wconf 95' lang='lat' dir='ltr'> </span> 
     </span>
    </p>
   </div>
   <div class='ocr_carea' id='block_1_7' title="bbox 1280 644 1284 747">
    <p class='ocr_par' dir='ltr' id='par_1_8' title="bbox 1280 644 1284 747">
     <span class='ocr_line' id='line_1_11' title="bbox 1280 644 1284 747; baseline 0 3223"><span class='ocrx_word' id='word_1_69' title='bbox 1280 644 1284 747; x_wconf 95' lang='lat' dir='ltr'> </span> 
     </span>
    </p>
   </div>
   <div class='ocr_carea' id='block_1_8' title="bbox 2286 279 2358 325">
    <p class='ocr_par' dir='ltr' id='par_1_9' title="bbox 2286 279 2358 325">
     <span class='ocr_line' id='line_1_12' title="bbox 2286 279 2358 325; baseline 0 -11"><span class='ocrx_word' id='word_1_70' title='bbox 2286 279 2358 325; x_wconf 86' lang='lat'>451</span> 
     </span>
    </p>
   </div>
   <div class='ocr_carea' id='block_1_9' title="bbox 1306 355 2367 550">
    <p class='ocr_par' dir='ltr' id='par_1_10' title="bbox 1306 355 2367 550">
     <span class='ocr_line' id='line_1_13' title="bbox 1306 355 2366 403; baseline 0.001 -12"><span class='ocrx_word' id='word_1_71' title='bbox 1306 356 1433 400; x_wconf 89' lang='lat' dir='ltr'>Adae,</span> <span class='ocrx_word' id='word_1_72' title='bbox 1463 363 1505 392; x_wconf 91' lang='lat' dir='ltr'>ut</span> <span class='ocrx_word' id='word_1_73' title='bbox 1542 355 1807 392; x_wconf 87' lang='lat' dir='ltr'>ostenderetur</span> <span class='ocrx_word' id='word_1_74' title='bbox 1841 356 1946 403; x_wconf 90' lang='lat' dir='ltr'>quod</span> <span class='ocrx_word' id='word_1_75' title='bbox 1983 367 2075 392; x_wconf 90' lang='lat' dir='ltr'>crux</span> <span class='ocrx_word' id='word_1_76' title='bbox 2113 355 2251 392; x_wconf 87' lang='lat' dir='ltr'><strong>Christi</strong></span> <span class='ocrx_word' id='word_1_77' title='bbox 2287 368 2366 394; x_wconf 91' lang='lat' dir='ltr'>non</span> 
     </span>
     <span class='ocr_line' id='line_1_14' title="bbox 1307 407 2366 457; baseline 0 -12"><span class='ocrx_word' id='word_1_78' title='bbox 1307 409 1434 445; x_wconf 91' lang='lat' dir='ltr'>solum</span> <span class='ocrx_word' id='word_1_79' title='bbox 1470 416 1549 445; x_wconf 86' lang='lat' dir='ltr'>erat</span> <span class='ocrx_word' id='word_1_80' title='bbox 1577 407 1615 444; x_wconf 91' lang='lat' dir='ltr'>in</span> <span class='ocrx_word' id='word_1_81' title='bbox 1644 407 1860 444; x_wconf 91' lang='lat' dir='ltr'>remedium</span> <span class='ocrx_word' id='word_1_82' title='bbox 1893 415 2024 444; x_wconf 91' lang='lat' dir='ltr'>contra</span> <span class='ocrx_word' id='word_1_83' title='bbox 2057 416 2257 457; x_wconf 88' lang='lat' dir='ltr'>peccatum</span> <span class='ocrx_word' id='word_1_84' title='bbox 2285 420 2366 457; x_wconf 92' lang='lat' dir='ltr'>per-</span> 
     </span>
     <span class='ocr_line' id='line_1_15' title="bbox 1307 459 2367 509; baseline -0.001 -11"><span class='ocrx_word' id='word_1_85' title='bbox 1307 462 1437 498; x_wconf 85' lang='lat' dir='ltr'>sonale</span> <span class='ocrx_word' id='word_1_86' title='bbox 1465 460 1588 506; x_wconf 87' lang='lat' dir='ltr'>Adae,</span> <span class='ocrx_word' id='word_1_87' title='bbox 1616 460 1684 496; x_wconf 91' lang='lat' dir='ltr'>sed</span> <span class='ocrx_word' id='word_1_88' title='bbox 1713 459 1828 496; x_wconf 89' lang='lat' dir='ltr'>etiam</span> <span class='ocrx_word' id='word_1_89' title='bbox 1861 468 1992 496; x_wconf 89' lang='lat' dir='ltr'>contra</span> <span class='ocrx_word' id='word_1_90' title='bbox 2019 468 2219 509; x_wconf 88' lang='lat' dir='ltr'>peccatum</span> <span class='ocrx_word' id='word_1_91' title='bbox 2253 460 2367 498; x_wconf 90' lang='lat' dir='ltr'>totius</span> 
     </span>
     <span class='ocr_line' id='line_1_16' title="bbox 1308 513 1459 550; baseline -0.007 0"><span class='ocrx_word' id='word_1_92' title='bbox 1308 513 1459 550; x_wconf 89' lang='lat' dir='ltr'>mundi.</span> 
     </span>
    </p>
   </div>
   <div class='ocr_carea' id='block_1_10' title="bbox 1308 642 2370 677">
    <p class='ocr_par' dir='ltr' id='par_1_11' title="bbox 1308 642 2370 677">
     <span class='ocr_line' id='line_1_17' title="bbox 1308 642 2370 677; baseline 0.001 -9"><span class='ocrx_word' id='word_1_93' title='bbox 1308 645 1439 676; x_wconf 82' lang='lat' dir='ltr'>sepultum</span> <span class='ocrx_word' id='word_1_94' title='bbox 1459 644 1539 669; x_wconf 82' lang='lat' dir='ltr'>iuxta</span> <span class='ocrx_word' id='word_1_95' title='bbox 1553 644 1660 669; x_wconf 82' lang='lat' dir='ltr'>Hebron</span> <span class='ocrx_word' id='word_1_96' title='bbox 1675 643 1713 676; x_wconf 81' lang='lat' dir='ltr'>(et</span> <span class='ocrx_word' id='word_1_97' title='bbox 1724 644 1810 668; x_wconf 81' lang='lat' dir='ltr'>Arbee</span> <span class='ocrx_word' id='word_1_98' title='bbox 1822 643 1890 668; x_wconf 82' lang='lat' dir='ltr'>addit</span> <span class='ocrx_word' id='word_1_99' title='bbox 1903 643 1933 677; x_wconf 86' lang='grc' dir='ltr'>Ρ)</span> <span class='ocrx_word' id='word_1_100' title='bbox 1948 652 1973 668; x_wconf 86' lang='lat' dir='ltr'>m</span> <span class='ocrx_word' id='word_1_101' title='bbox 1990 644 2047 669; x_wconf 87' lang='lat' dir='ltr'>Iesu</span> <span class='ocrx_word' id='word_1_102' title='bbox 2063 642 2163 675; x_wconf 84' lang='lat' dir='ltr'><em>(XIIII</em></span> <span class='ocrx_word' id='word_1_103' title='bbox 2178 644 2253 669; x_wconf 84' lang='lat' dir='ltr'>Iosue</span> <span class='ocrx_word' id='word_1_104' title='bbox 2272 645 2298 669; x_wconf 88' lang='lat' dir='ltr'>in</span> <span class='ocrx_word' id='word_1_105' title='bbox 2311 644 2370 677; x_wconf 86' lang='lat' dir='ltr'>fine</span> 
     </span>
    </p>
   </div>
   <div class='ocr_carea' id='block_1_11' title="bbox 1310 678 2369 748">
    <p class='ocr_par' dir='ltr' id='par_1_12' title="bbox 1310 678 2369 748">
     <span class='ocr_line' id='line_1_18' title="bbox 1310 678 2369 712; baseline 0.001 -9"><span class='ocrx_word' id='word_1_106' title='bbox 1310 680 1406 703; x_wconf 83' lang='lat' dir='ltr'>addunt</span> <span class='ocrx_word' id='word_1_107' title='bbox 1426 678 1533 712; x_wconf 82' lang='lat' dir='ltr'>bc)fllii</span> <span class='ocrx_word' id='word_1_108' title='bbox 1551 679 1627 704; x_wconf 87' lang='lat' dir='ltr'>Nave</span> <span class='ocrx_word' id='word_1_109' title='bbox 1650 678 1759 712; x_wconf 80' lang='lat' dir='ltr'>(addunt</span> <span class='ocrx_word' id='word_1_110' title='bbox 1779 679 1908 711; x_wconf 80' lang='lat' dir='ltr'>scriptum</span> <span class='ocrx_word' id='word_1_111' title='bbox 1929 680 1964 711; x_wconf 87' lang='lat' dir='ltr'>pl,</span> <span class='ocrx_word' id='word_1_112' title='bbox 1983 679 2118 711; x_wconf 76' lang='lat' dir='ltr'>scriptura</span> <span class='ocrx_word' id='word_1_113' title='bbox 2137 680 2169 709; x_wconf 77' lang='lat' dir='ltr'>sl,</span> <span class='ocrx_word' id='word_1_114' title='bbox 2188 680 2319 704; x_wconf 88' lang='lat' dir='ltr'>volumine</span> <span class='ocrx_word' id='word_1_115' title='bbox 2338 679 2369 712; x_wconf 81' lang='grc' dir='ltr'>Ρ)</span> 
     </span>
     <span class='ocr_line' id='line_1_19' title="bbox 1310 713 1621 748; baseline -0.003 -9"><span class='ocrx_word' id='word_1_116' title='bbox 1310 714 1409 747; x_wconf 78' lang='lat' dir='ltr'>Iegitur</span> <span class='ocrx_word' id='word_1_117' title='bbox 1427 713 1551 748; x_wconf 80' lang='lat' dir='ltr'>(legimus</span> <span class='ocrx_word' id='word_1_118' title='bbox 1571 714 1621 747; x_wconf 83' lang='lat' dir='ltr'>Pl).</span> 
     </span>
    </p>
   </div>
   <div class='ocr_carea' id='block_1_12' title="bbox 866 792 1697 826">
    <p class='ocr_par' dir='ltr' id='par_1_13' title="bbox 866 792 1697 826">
     <span class='ocr_line' id='line_1_20' title="bbox 866 792 1697 826; baseline -0.002 0"><span class='ocrx_word' id='word_1_119' title='bbox 866 793 1200 826; x_wconf 67' lang='lat' dir='ltr'>Commentario.</span> <span class='ocrx_word' id='word_1_120' title='bbox 1222 792 1474 825; x_wconf 75' lang='lat' dir='ltr'>Cardinalis</span> <span class='ocrx_word' id='word_1_121' title='bbox 1495 793 1697 826; x_wconf 74' lang='lat' dir='ltr'>Caietam</span> 
     </span>
    </p>
   </div>
   <div class='ocr_carea' id='block_1_13' title="bbox 139 864 1258 957">
    <p class='ocr_par' dir='ltr' id='par_1_14' title="bbox 126 864 1258 957">
     <span class='ocr_line' id='line_1_21' title="bbox 187 864 1256 913; baseline -0.004 -7.27"><span class='ocrx_word' id='word_1_122' title='bbox 187 864 189 866; x_wconf 70' lang='lat'>,</span> <span class='ocrx_word' id='word_1_123' title='bbox 254 884 362 905; x_wconf 73' lang='lat' dir='ltr'>mus</span> <span class='ocrx_word' id='word_1_124' title='bbox 392 874 503 905; x_wconf 83' lang='lat' dir='ltr'>clarus.</span> <span class='ocrx_word' id='word_1_125' title='bbox 525 892 548 896; x_wconf 89' lang='lat'>-</span> <span class='ocrx_word' id='word_1_126' title='bbox 572 873 607 903; x_wconf 89' lang='lat' dir='ltr'>In</span> <span class='ocrx_word' id='word_1_127' title='bbox 637 882 772 913; x_wconf 85' lang='lat' dir='ltr'>corpore</span> <span class='ocrx_word' id='word_1_128' title='bbox 801 882 867 903; x_wconf 91' lang='lat' dir='ltr'>una</span> <span class='ocrx_word' id='word_1_129' title='bbox 893 872 1075 903; x_wconf 88' lang='lat' dir='ltr'>conclusio:</span> <span class='ocrx_word' id='word_1_130' title='bbox 1109 871 1256 901; x_wconf 85' lang='lat' dir='ltr'>Christus</span> 
     </span>
     <span class='ocr_line' id='line_1_22' title="bbox 139 886 1258 957; baseline -0.004 -7"><span class='ocrx_word' id='word_1_131' title='bbox 139 918 146 925; x_wconf 55' lang='lat'>²</span> <span class='ocrx_word' id='word_1_132' title='bbox 197 886 289 950; x_wconf 70' lang='lat' dir='ltr'>Tin</span> <span class='ocrx_word' id='word_1_133' title='bbox 312 919 384 949; x_wconf 88' lang='lat' dir='ltr'>loco</span> <span class='ocrx_word' id='word_1_134' title='bbox 407 917 609 949; x_wconf 76' lang='lat' dir='ltr'>convenienti</span> <span class='ocrx_word' id='word_1_135' title='bbox 626 926 744 957; x_wconf 81' lang='lat' dir='ltr'>passus</span> <span class='ocrx_word' id='word_1_136' title='bbox 762 922 817 947; x_wconf 86' lang='lat' dir='ltr'>est.</span> <span class='ocrx_word' id='word_1_137' title='bbox 845 917 1009 947; x_wconf 87' lang='lat' dir='ltr'>Probatur.</span> <span class='ocrx_word' id='word_1_138' title='bbox 1040 915 1125 953; x_wconf 86' lang='lat' dir='ltr'><strong>Quia</strong></span> <span class='ocrx_word' id='word_1_139' title='bbox 1148 916 1258 945; x_wconf 88' lang='lat' dir='ltr'>omnia</span> 
     </span>
    </p>
   </div>
   <div class='ocr_carea' id='block_1_14' title="bbox 123 950 1257 1048">
    <p class='ocr_par' dir='ltr' id='par_1_15' title="bbox 123 950 1257 1054">
     <span class='ocr_line' id='line_1_23' title="bbox 123 950 1257 1006; baseline -0.004 -12"><span class='ocrx_word' id='word_1_140' title='bbox 123 950 129 974; x_wconf 70' lang='lat'>1.</span> <span class='ocrx_word' id='word_1_141' title='bbox 168 1000 176 1006; x_wconf 62' lang='lat'>.</span> <span class='ocrx_word' id='word_1_142' title='bbox 195 958 332 1005; x_wconf 68' lang='lat' dir='ltr'>propriis</span> <span class='ocrx_word' id='word_1_143' title='bbox 347 962 427 993; x_wconf 86' lang='lat' dir='ltr'>locis</span> <span class='ocrx_word' id='word_1_144' title='bbox 444 967 476 992; x_wconf 87' lang='lat' dir='ltr'>et</span> <span class='ocrx_word' id='word_1_145' title='bbox 490 961 688 1001; x_wconf 87' lang='lat' dir='ltr'>temporibus</span> <span class='ocrx_word' id='word_1_146' title='bbox 703 961 808 1000; x_wconf 84' lang='lat' dir='ltr'>gessit,</span> <span class='ocrx_word' id='word_1_147' title='bbox 825 961 902 1000; x_wconf 87' lang='lat' dir='ltr'>quia</span> <span class='ocrx_word' id='word_1_148' title='bbox 917 961 1025 990; x_wconf 87' lang='lat' dir='ltr'>omnia</span> <span class='ocrx_word' id='word_1_149' title='bbox 1040 960 1112 990; x_wconf 88' lang='lat' dir='ltr'>loca</span> <span class='ocrx_word' id='word_1_150' title='bbox 1127 965 1158 989; x_wconf 86' lang='lat' dir='ltr'>et</span> <span class='ocrx_word' id='word_1_151' title='bbox 1176 965 1257 989; x_wconf 87' lang='lat' dir='ltr'>tem-</span> 
     </span>
     <span class='ocr_line' id='line_1_24' title="bbox 196 1004 775 1048; baseline -0.006 -10.456"><span class='ocrx_word' id='word_1_152' title='bbox 196 1016 276 1048; x_wconf 82' lang='lat' dir='ltr'>pora</span> <span class='ocrx_word' id='word_1_153' title='bbox 298 1007 331 1037; x_wconf 90' lang='lat' dir='ltr'>in</span> <span class='ocrx_word' id='word_1_154' title='bbox 356 1015 455 1037; x_wconf 88' lang='lat' dir='ltr'>manu</span> <span class='ocrx_word' id='word_1_155' title='bbox 479 1006 546 1036; x_wconf 89' lang='lat' dir='ltr'>eius</span> <span class='ocrx_word' id='word_1_156' title='bbox 570 1009 653 1035; x_wconf 88' lang='lat' dir='ltr'>sunt.</span> <span class='ocrx_word' id='word_1_157' title='bbox 677 1004 775 1044; x_wconf 87' lang='lat' dir='ltr'>Ergo.</span> 
     </span>
    </p>
   </div>
   <div class='ocr_carea' id='block_1_15' title="bbox 1281 911 1286 1042">
    <p class='ocr_par' dir='ltr' id='par_1_16' title="bbox 1281 911 1286 1042">
     <span class='ocr_line' id='line_1_25' title="bbox 1281 911 1286 1042; baseline 0 2928"><span class='ocrx_word' id='word_1_158' title='bbox 1281 911 1286 1042; x_wconf 95' lang='lat' dir='ltr'> </span> 
     </span>
    </p>
   </div>
   <div class='ocr_carea' id='block_1_16' title="bbox 1310 871 2370 1044">
    <p class='ocr_par' dir='ltr' id='par_1_17' title="bbox 1310 871 2370 1044">
     <span class='ocr_line' id='line_1_26' title="bbox 1365 871 2369 914; baseline 0.003 -13"><span class='ocrx_word' id='word_1_159' title='bbox 1365 871 1400 901; x_wconf 92' lang='lat' dir='ltr'>In</span> <span class='ocrx_word' id='word_1_160' title='bbox 1423 873 1632 911; x_wconf 83' lang='lat' dir='ltr'>responsione</span> <span class='ocrx_word' id='word_1_161' title='bbox 1656 872 1696 903; x_wconf 89' lang='lat' dir='ltr'>ad</span> <span class='ocrx_word' id='word_1_162' title='bbox 1720 873 1897 903; x_wconf 89' lang='lat' dir='ltr'>secundum</span> <span class='ocrx_word' id='word_1_163' title='bbox 1921 879 1951 903; x_wconf 91' lang='lat' dir='ltr'>et</span> <span class='ocrx_word' id='word_1_164' title='bbox 1974 874 2111 909; x_wconf 89' lang='lat' dir='ltr'>tertium,</span> <span class='ocrx_word' id='word_1_165' title='bbox 2129 873 2254 904; x_wconf 89' lang='lat' dir='ltr'>adverte</span> <span class='ocrx_word' id='word_1_166' title='bbox 2271 874 2369 914; x_wconf 91' lang='lat' dir='ltr'>quod,</span> 
     </span>
     <span class='ocr_line' id='line_1_27' title="bbox 1310 915 2370 957; baseline 0.003 -12"><span class='ocrx_word' id='word_1_167' title='bbox 1310 915 1350 945; x_wconf 85' lang='lat' dir='ltr'>ad</span> <span class='ocrx_word' id='word_1_168' title='bbox 1372 916 1518 952; x_wconf 89' lang='lat' dir='ltr'>litteram,</span> <span class='ocrx_word' id='word_1_169' title='bbox 1544 915 1687 946; x_wconf 86' lang='lat' dir='ltr'>Christus</span> <span class='ocrx_word' id='word_1_170' title='bbox 1710 926 1820 956; x_wconf 84' lang='lat' dir='ltr'>passus</span> <span class='ocrx_word' id='word_1_171' title='bbox 1844 922 1890 946; x_wconf 89' lang='lat' dir='ltr'>est</span> <span class='ocrx_word' id='word_1_172' title='bbox 1914 923 1998 947; x_wconf 88' lang='lat' dir='ltr'>extra</span> <span class='ocrx_word' id='word_1_173' title='bbox 2021 923 2146 957; x_wconf 86' lang='lat' dir='ltr'>portam</span> <span class='ocrx_word' id='word_1_174' title='bbox 2170 918 2202 947; x_wconf 91' lang='lat' dir='ltr'>in</span> <span class='ocrx_word' id='word_1_175' title='bbox 2225 918 2299 948; x_wconf 93' lang='lat' dir='ltr'>loco</span> <span class='ocrx_word' id='word_1_176' title='bbox 2317 918 2370 948; x_wconf 90' lang='lat' dir='ltr'>da-</span> 
     </span>
     <span class='ocr_line' id='line_1_28' title="bbox 1310 960 2370 1000; baseline 0.003 -12"><span class='ocrx_word' id='word_1_177' title='bbox 1310 964 1505 995; x_wconf 90' lang='lat' dir='ltr'>mnatorum,</span> <span class='ocrx_word' id='word_1_178' title='bbox 1529 965 1566 989; x_wconf 93' lang='lat' dir='ltr'>ut</span> <span class='ocrx_word' id='word_1_179' title='bbox 1587 969 1674 990; x_wconf 90' lang='lat' dir='ltr'>mors</span> <span class='ocrx_word' id='word_1_180' title='bbox 1698 969 1754 990; x_wconf 87' lang='lat' dir='ltr'>sua</span> <span class='ocrx_word' id='word_1_181' title='bbox 1776 961 1900 1000; x_wconf 91' lang='lat' dir='ltr'>turpior</span> <span class='ocrx_word' id='word_1_182' title='bbox 1922 960 2115 996; x_wconf 85' lang='lat' dir='ltr'>redderetur,</span> <span class='ocrx_word' id='word_1_183' title='bbox 2140 961 2217 991; x_wconf 91' lang='lat' dir='ltr'>dum</span> <span class='ocrx_word' id='word_1_184' title='bbox 2240 962 2273 991; x_wconf 90' lang='lat' dir='ltr'>in</span> <span class='ocrx_word' id='word_1_185' title='bbox 2296 962 2370 992; x_wconf 89' lang='lat' dir='ltr'>loco</span> 
     </span>
     <span class='ocr_line' id='line_1_29' title="bbox 1311 1003 2241 1044; baseline 0.003 -12"><span class='ocrx_word' id='word_1_186' title='bbox 1311 1003 1459 1042; x_wconf 85' lang='lat' dir='ltr'>publicae</span> <span class='ocrx_word' id='word_1_187' title='bbox 1482 1004 1676 1042; x_wconf 87' lang='lat' dir='ltr'>ignominiae</span> <span class='ocrx_word' id='word_1_188' title='bbox 1700 1014 1736 1034; x_wconf 88' lang='lat' dir='ltr'>ac</span> <span class='ocrx_word' id='word_1_189' title='bbox 1759 1005 1896 1034; x_wconf 76' lang='lat' dir='ltr'>maxime</span> <span class='ocrx_word' id='word_1_190' title='bbox 1919 1005 2029 1044; x_wconf 81' lang='lat' dir='ltr'>patulo</span> <span class='ocrx_word' id='word_1_191' title='bbox 2052 1015 2162 1044; x_wconf 88' lang='lat' dir='ltr'>passus</span> <span class='ocrx_word' id='word_1_192' title='bbox 2186 1011 2241 1035; x_wconf 91' lang='lat' dir='ltr'>est.</span> 
     </span>
    </p>
   </div>
   <div class='ocr_carea' id='block_1_17' title="bbox 512 1157 2063 1283">
    <p class='ocr_par' dir='ltr' id='par_1_18' title="bbox 512 1157 2063 1283">
     <span class='ocr_line' id='line_1_30' title="bbox 941 1157 1632 1206; baseline -0.001 -7"><span class='ocrx_word' id='word_1_193' title='bbox 941 1157 1261 1199; x_wconf 88' lang='lat' dir='ltr'>ARTICULUS</span> <span class='ocrx_word' id='word_1_194' title='bbox 1297 1157 1632 1206; x_wconf 86' lang='lat' dir='ltr'>UNDECIMUS</span> 
     </span>
     <span class='ocr_line' id='line_1_31' title="bbox 512 1249 2063 1283; baseline -0.001 0"><span class='ocrx_word' id='word_1_195' title='bbox 512 1251 670 1283; x_wconf 88' lang='lat' dir='ltr'>UTRUM</span> <span class='ocrx_word' id='word_1_196' title='bbox 692 1250 852 1281; x_wconf 83' lang='lat' dir='ltr'><strong>FUERIT</strong></span> <span class='ocrx_word' id='word_1_197' title='bbox 877 1249 1154 1281; x_wconf 82' lang='lat' dir='ltr'>CONVENIENS</span> <span class='ocrx_word' id='word_1_198' title='bbox 1177 1249 1402 1280; x_wconf 85' lang='lat' dir='ltr'><strong>CHRISTUM</strong></span> <span class='ocrx_word' id='word_1_199' title='bbox 1427 1249 1522 1280; x_wconf 85' lang='lat' dir='ltr'>CUM</span> <span class='ocrx_word' id='word_1_200' title='bbox 1545 1249 1820 1281; x_wconf 80' lang='lat' dir='ltr'>LATRONiBus</span> <span class='ocrx_word' id='word_1_201' title='bbox 1844 1251 2063 1283; x_wconf 82' lang='lat' dir='ltr'>CRUCIFIGI</span> 
     </span>
    </p>
   </div>
   <div class='ocr_carea' id='block_1_18' title="bbox 901 1327 1675 1360">
    <p class='ocr_par' dir='ltr' id='par_1_19' title="bbox 901 1327 1675 1360">
     <span class='ocr_line' id='line_1_32' title="bbox 901 1327 1675 1360; baseline -0.001 -8"><span class='ocrx_word' id='word_1_202' title='bbox 901 1328 931 1352; x_wconf 84' lang='lat' dir='ltr'>In</span> <span class='ocrx_word' id='word_1_203' title='bbox 951 1327 1059 1356; x_wconf 75' lang='lat' dir='ltr'>Matth„</span> <span class='ocrx_word' id='word_1_204' title='bbox 1079 1334 1134 1360; x_wconf 82' lang='lat' dir='ltr'>cap.</span> <span class='ocrx_word' id='word_1_205' title='bbox 1153 1334 1235 1357; x_wconf 83' lang='lat' dir='ltr'>xxvn;</span> <span class='ocrx_word' id='word_1_206' title='bbox 1256 1327 1286 1352; x_wconf 88' lang='lat' dir='ltr'>In</span> <span class='ocrx_word' id='word_1_207' title='bbox 1307 1327 1396 1354; x_wconf 78' lang='lat' dir='ltr'>Ioan..</span> <span class='ocrx_word' id='word_1_208' title='bbox 1416 1334 1472 1359; x_wconf 84' lang='lat' dir='ltr'>cap.</span> <span class='ocrx_word' id='word_1_209' title='bbox 1490 1334 1540 1358; x_wconf 77' lang='lat'>¹11,</span> <span class='ocrx_word' id='word_1_210' title='bbox 1560 1327 1618 1352; x_wconf 80' lang='lat' dir='ltr'>lect.</span> <span class='ocrx_word' id='word_1_211' title='bbox 1637 1334 1675 1352; x_wconf 90' lang='lat'>111.</span> 
     </span>
    </p>
   </div>
   <div class='ocr_carea' id='block_1_19' title="bbox 129 1415 1283 1730">
    <p class='ocr_par' dir='ltr' id='par_1_20' title="bbox 123 1415 1266 1730">
     <span class='ocr_line' id='line_1_33' title="bbox 238 1415 1264 1478; baseline -0.005 -20.6"><span class='ocrx_word' id='word_1_212' title='bbox 238 1439 258 1465; x_wconf 40' lang='grc' dir='ltr'>μ</span> <span class='ocrx_word' id='word_1_213' title='bbox 285 1437 292 1460; x_wconf 85' lang='grc'>;</span> <span class='ocrx_word' id='word_1_214' title='bbox 339 1440 385 1478; x_wconf 44' lang='lat' dir='ltr'>‘ei‘</span> <span class='ocrx_word' id='word_1_215' title='bbox 409 1430 432 1455; x_wconf 79' lang='grc' dir='ltr'>Ι)</span> <span class='ocrx_word' id='word_1_216' title='bbox 446 1428 656 1455; x_wconf 77' lang='grc' dir='ltr'>υΝυΕοιΜυΜ</span> <span class='ocrx_word' id='word_1_217' title='bbox 671 1428 722 1453; x_wconf 77' lang='lat' dir='ltr'>stc</span> <span class='ocrx_word' id='word_1_218' title='bbox 737 1427 973 1453; x_wconf 71' lang='lat' dir='ltr'>pnocssm&#39;run.</span> <span class='ocrx_word' id='word_1_219' title='bbox 982 1415 1144 1453; x_wconf 88' lang='lat' dir='ltr'>Videtur</span> <span class='ocrx_word' id='word_1_220' title='bbox 1157 1415 1264 1464; x_wconf 91' lang='lat' dir='ltr'>quod</span> 
     </span>
     <span class='ocr_line' id='line_1_34' title="bbox 140 1461 1264 1531; baseline -0.005 -20"><span class='ocrx_word' id='word_1_221' title='bbox 140 1471 141 1474; x_wconf 64' lang='grc'>’</span> <span class='ocrx_word' id='word_1_222' title='bbox 170 1471 173 1475; x_wconf 59' lang='grc'><em>’</em></span> <span class='ocrx_word' id='word_1_223' title='bbox 204 1470 210 1474; x_wconf 79' lang='grc'><strong>’</strong></span> <span class='ocrx_word' id='word_1_224' title='bbox 232 1461 390 1531; x_wconf 44' lang='lat'>5452*</span> <span class='ocrx_word' id='word_1_225' title='bbox 410 1482 491 1507; x_wconf 94' lang='lat' dir='ltr'>non</span> <span class='ocrx_word' id='word_1_226' title='bbox 509 1469 620 1506; x_wconf 86' lang='lat' dir='ltr'>fuerit</span> <span class='ocrx_word' id='word_1_227' title='bbox 638 1468 873 1506; x_wconf 87' lang='lat' dir='ltr'>conveniens</span> <span class='ocrx_word' id='word_1_228' title='bbox 889 1466 1084 1506; x_wconf 87' lang='lat' dir='ltr'>Christum</span> <span class='ocrx_word' id='word_1_229' title='bbox 1104 1480 1195 1506; x_wconf 92' lang='lat' dir='ltr'>cum</span> <span class='ocrx_word' id='word_1_230' title='bbox 1214 1469 1264 1505; x_wconf 86' lang='lat' dir='ltr'>la-</span> 
     </span>
     <span class='ocr_line' id='line_1_35' title="bbox 170 1521 1263 1570; baseline -0.005 -8"><span class='ocrx_word' id='word_1_231' title='bbox 170 1548 178 1558; x_wconf 54' lang='grc'>,</span> <span class='ocrx_word' id='word_1_232' title='bbox 235 1524 376 1569; x_wconf 48' lang='lat' dir='ltr'>fan,</span> <span class='ocrx_word' id='word_1_233' title='bbox 358 1521 585 1562; x_wconf 68' lang='lat' dir='ltr'>(tronibus</span> <span class='ocrx_word' id='word_1_234' title='bbox 604 1521 773 1570; x_wconf 85' lang='lat' dir='ltr'>crucifigi</span> <span class='ocrx_word' id='word_1_235' title='bbox 791 1521 823 1558; x_wconf 79' lang='lat'>*.</span> <span class='ocrx_word' id='word_1_236' title='bbox 852 1521 1000 1558; x_wconf 88' lang='lat' dir='ltr'>Dicitur</span> <span class='ocrx_word' id='word_1_237' title='bbox 1018 1521 1122 1558; x_wconf 90' lang='lat' dir='ltr'>enim</span> <span class='ocrx_word' id='word_1_238' title='bbox 1132 1522 1162 1558; x_wconf 97' lang='lat' dir='ltr'>II</span> <span class='ocrx_word' id='word_1_239' title='bbox 1176 1522 1263 1558; x_wconf 89' lang='lat' dir='ltr'>Cor.</span> 
     </span>
     <span class='ocr_line' id='line_1_36' title="bbox 235 1544 1264 1624; baseline -0.002 -13"><span class='ocrx_word' id='word_1_240' title='bbox 235 1577 238 1582; x_wconf 80' lang='lat'><em>&#39;</em></span> <span class='ocrx_word' id='word_1_241' title='bbox 257 1571 351 1605; x_wconf 58' lang='lat' dir='ltr'>&amp;¹³¹st</span> <span class='ocrx_word' id='word_1_242' title='bbox 367 1544 498 1613; x_wconf 42' lang='lat' dir='ltr'>ZxV1³¹‘:</span> <span class='ocrx_word' id='word_1_243' title='bbox 525 1576 631 1618; x_wconf 84' lang='lat' dir='ltr'>Quae</span> <span class='ocrx_word' id='word_1_244' title='bbox 652 1576 888 1624; x_wconf 85' lang='lat' dir='ltr'>participatio</span> <span class='ocrx_word' id='word_1_245' title='bbox 907 1576 1062 1611; x_wconf 84' lang='lat' dir='ltr'>iustitiae</span> <span class='ocrx_word' id='word_1_246' title='bbox 1088 1586 1173 1610; x_wconf 90' lang='lat' dir='ltr'>cum</span> <span class='ocrx_word' id='word_1_247' title='bbox 1197 1575 1264 1610; x_wconf 88' lang='lat' dir='ltr'>mi-</span> 
     </span>
     <span class='ocr_line' id='line_1_37' title="bbox 168 1628 1265 1687; baseline -0.004 -20.197"><span class='ocrx_word' id='word_1_248' title='bbox 168 1651 174 1661; x_wconf 57' lang='grc' dir='ltr'><strong><em>ι</em></strong></span> <span class='ocrx_word' id='word_1_249' title='bbox 201 1628 376 1687; x_wconf 84' lang='lat' dir='ltr'>quitate?</span> <span class='ocrx_word' id='word_1_250' title='bbox 401 1628 477 1666; x_wconf 85' lang='lat' dir='ltr'>Sed</span> <span class='ocrx_word' id='word_1_251' title='bbox 509 1629 673 1665; x_wconf 84' lang='lat' dir='ltr'>Christus</span> <span class='ocrx_word' id='word_1_252' title='bbox 689 1628 818 1675; x_wconf 89' lang='lat' dir='ltr'>factus</span> <span class='ocrx_word' id='word_1_253' title='bbox 851 1632 902 1663; x_wconf 89' lang='lat' dir='ltr'>est</span> <span class='ocrx_word' id='word_1_254' title='bbox 935 1628 1039 1664; x_wconf 88' lang='lat' dir='ltr'>nobis</span> <span class='ocrx_word' id='word_1_255' title='bbox 1074 1628 1205 1663; x_wconf 89' lang='lat' dir='ltr'>iustitia</span> <span class='ocrx_word' id='word_1_256' title='bbox 1242 1638 1265 1662; x_wconf 89' lang='lat' dir='ltr'>a</span> 
     </span>
     <span class='ocr_line' id='line_1_38' title="bbox 129 1677 1283 1730; baseline -0.004 -10"><span class='ocrx_word' id='word_1_257' title='bbox 129 1677 168 1720; x_wconf 58' lang='lat'>&#39;³55</span> <span class='ocrx_word' id='word_1_258' title='bbox 201 1682 282 1720; x_wconf 89' lang='lat' dir='ltr'>Deo</span> <span class='ocrx_word' id='word_1_259' title='bbox 300 1681 337 1727; x_wconf 74' lang='lat'>*;</span> <span class='ocrx_word' id='word_1_260' title='bbox 367 1678 546 1730; x_wconf 86' lang='lat' dir='ltr'>iniquitas</span> <span class='ocrx_word' id='word_1_261' title='bbox 566 1687 696 1717; x_wconf 88' lang='lat' dir='ltr'>autem</span> <span class='ocrx_word' id='word_1_262' title='bbox 714 1679 877 1728; x_wconf 90' lang='lat' dir='ltr'>pertinet</span> <span class='ocrx_word' id='word_1_263' title='bbox 897 1679 947 1716; x_wconf 87' lang='lat' dir='ltr'>ad</span> <span class='ocrx_word' id='word_1_264' title='bbox 967 1680 1144 1716; x_wconf 87' lang='lat' dir='ltr'>latrones.</span> <span class='ocrx_word' id='word_1_265' title='bbox 1173 1678 1283 1716; x_wconf 92' lang='lat' dir='ltr'>Non</span> 
     </span>
    </p>
   </div>
   <div class='ocr_carea' id='block_1_20' title="bbox 128 1731 1265 1783">
    <p class='ocr_par' dir='ltr' id='par_1_21' title="bbox 128 1731 1265 1783">
     <span class='ocr_line' id='line_1_39' title="bbox 128 1731 1265 1783; baseline -0.004 -11"><span class='ocrx_word' id='word_1_266' title='bbox 128 1736 129 1739; x_wconf 71' lang='grc'>’</span> <span class='ocrx_word' id='word_1_267' title='bbox 151 1749 160 1755; x_wconf 69' lang='grc'><strong><em>’</em></strong></span> <span class='ocrx_word' id='word_1_268' title='bbox 201 1739 292 1783; x_wconf 80' lang='lat' dir='ltr'>ergo</span> <span class='ocrx_word' id='word_1_269' title='bbox 314 1733 382 1771; x_wconf 88' lang='lat' dir='ltr'>fuit</span> <span class='ocrx_word' id='word_1_270' title='bbox 401 1732 636 1771; x_wconf 90' lang='lat' dir='ltr'>conveniens</span> <span class='ocrx_word' id='word_1_271' title='bbox 655 1740 698 1769; x_wconf 91' lang='lat' dir='ltr'>ut</span> <span class='ocrx_word' id='word_1_272' title='bbox 717 1731 891 1770; x_wconf 90' lang='lat' dir='ltr'>Christus</span> <span class='ocrx_word' id='word_1_273' title='bbox 911 1731 1025 1768; x_wconf 87' lang='lat' dir='ltr'>simul</span> <span class='ocrx_word' id='word_1_274' title='bbox 1044 1743 1135 1768; x_wconf 91' lang='lat' dir='ltr'>cum</span> <span class='ocrx_word' id='word_1_275' title='bbox 1154 1733 1265 1768; x_wconf 91' lang='lat' dir='ltr'>latro-</span> 
     </span>
    </p>
   </div>
   <div class='ocr_carea' id='block_1_21' title="bbox 146 1786 1266 1992">
    <p class='ocr_par' dir='ltr' id='par_1_22' title="bbox 122 1786 637 1834">
     <span class='ocr_line' id='line_1_40' title="bbox 151 1786 637 1834; baseline -0.004 -10.113"><span class='ocrx_word' id='word_1_276' title='bbox 122 1793 176 1821; x_wconf 55' lang='lat'>².</span> <span class='ocrx_word' id='word_1_277' title='bbox 201 1786 316 1824; x_wconf 88' lang='lat' dir='ltr'>nibus</span> <span class='ocrx_word' id='word_1_278' title='bbox 343 1786 637 1834; x_wconf 89' lang='lat' dir='ltr'>crucifigeretur.</span> 
     </span>
    </p>

    <p class='ocr_par' dir='ltr' id='par_1_23' title="bbox 131 1835 1265 1992">
     <span class='ocr_line' id='line_1_41' title="bbox 257 1837 1265 1887; baseline -0.004 -10.41"><span class='ocrx_word' id='word_1_279' title='bbox 257 1850 291 1876; x_wconf 89' lang='lat'>2.</span> <span class='ocrx_word' id='word_1_280' title='bbox 313 1840 545 1884; x_wconf 75' lang='lat' dir='ltr'>PRAETEREA‚</span> <span class='ocrx_word' id='word_1_281' title='bbox 562 1850 678 1887; x_wconf 89' lang='lat' dir='ltr'>super</span> <span class='ocrx_word' id='word_1_282' title='bbox 696 1838 789 1875; x_wconf 92' lang='lat' dir='ltr'>illud</span> <span class='ocrx_word' id='word_1_283' title='bbox 803 1838 938 1874; x_wconf 85' lang='lat' dir='ltr'>Matth.</span> <span class='ocrx_word' id='word_1_284' title='bbox 954 1850 1036 1874; x_wconf 81' lang='lat' dir='ltr'>xxvi</span> <span class='ocrx_word' id='word_1_285' title='bbox 1050 1837 1081 1883; x_wconf 68' lang='lat'>³⁸,</span> <span class='ocrx_word' id='word_1_286' title='bbox 1103 1838 1144 1874; x_wconf 89' lang='lat' dir='ltr'>Si</span> <span class='ocrx_word' id='word_1_287' title='bbox 1156 1849 1265 1885; x_wconf 89' lang='lat' dir='ltr'>opor-</span> 
     </span>
     <span class='ocr_line' id='line_1_42' title="bbox 146 1889 1265 1939; baseline -0.003 -11.019"><span class='ocrx_word' id='word_1_288' title='bbox 146 1910 159 1928; x_wconf 75' lang='grc' dir='ltr'>;-ι</span> <span class='ocrx_word' id='word_1_289' title='bbox 201 1894 310 1930; x_wconf 85' lang='lat' dir='ltr'>tuerit</span> <span class='ocrx_word' id='word_1_290' title='bbox 336 1904 396 1928; x_wconf 90' lang='lat' dir='ltr'>me</span> <span class='ocrx_word' id='word_1_291' title='bbox 422 1893 522 1928; x_wconf 89' lang='lat' dir='ltr'>mori</span> <span class='ocrx_word' id='word_1_292' title='bbox 546 1897 677 1936; x_wconf 89' lang='lat' dir='ltr'>tecum,</span> <span class='ocrx_word' id='word_1_293' title='bbox 694 1903 767 1927; x_wconf 88' lang='lat' dir='ltr'>non</span> <span class='ocrx_word' id='word_1_294' title='bbox 787 1896 822 1927; x_wconf 87' lang='lat' dir='ltr'>te</span> <span class='ocrx_word' id='word_1_295' title='bbox 846 1891 1004 1939; x_wconf 81' lang='lat' dir='ltr'>negabo,</span> <span class='ocrx_word' id='word_1_296' title='bbox 1025 1889 1114 1926; x_wconf 87' lang='lat' dir='ltr'>dicit</span> <span class='ocrx_word' id='word_1_297' title='bbox 1134 1889 1265 1937; x_wconf 86' lang='lat' dir='ltr'>Orige-</span> 
     </span>
     <span class='ocr_line' id='line_1_43' title="bbox 204 1943 1266 1992; baseline -0.001 -13.065"><span class='ocrx_word' id='word_1_298' title='bbox 204 1957 272 1983; x_wconf 87' lang='lat' dir='ltr'>nes</span> <span class='ocrx_word' id='word_1_299' title='bbox 285 1944 320 1982; x_wconf 73' lang='grc' dir='ltr'>*ε</span> <span class='ocrx_word' id='word_1_300' title='bbox 349 1946 459 1982; x_wconf 88' lang='lat' dir='ltr'>Mori</span> <span class='ocrx_word' id='word_1_301' title='bbox 484 1956 569 1981; x_wconf 88' lang='lat' dir='ltr'>cum</span> <span class='ocrx_word' id='word_1_302' title='bbox 587 1945 672 1980; x_wconf 90' lang='lat' dir='ltr'>Iesu</span> <span class='ocrx_word' id='word_1_303' title='bbox 696 1955 770 1992; x_wconf 88' lang='lat' dir='ltr'>pro</span> <span class='ocrx_word' id='word_1_304' title='bbox 794 1944 965 1980; x_wconf 87' lang='lat' dir='ltr'>omnibus</span> <span class='ocrx_word' id='word_1_305' title='bbox 992 1944 1183 1987; x_wconf 88' lang='lat' dir='ltr'>moriente,</span> <span class='ocrx_word' id='word_1_306' title='bbox 1204 1943 1266 1978; x_wconf 86' lang='lat' dir='ltr'>ho-</span> 
     </span>
    </p>
   </div>
   <div class='ocr_carea' id='block_1_22' title="bbox 153 1993 1267 2043">
    <p class='ocr_par' dir='ltr' id='par_1_24' title="bbox 124 1984 1267 2048">
     <span class='ocr_line' id='line_1_44' title="bbox 153 1993 1267 2043; baseline -0.004 -8.127"><span class='ocrx_word' id='word_1_307' title='bbox 153 1993 179 2039; x_wconf 46' lang='lat' dir='ltr'>s*</span> <span class='ocrx_word' id='word_1_308' title='bbox 200 1998 346 2035; x_wconf 84' lang='lat' dir='ltr'>minum</span> <span class='ocrx_word' id='word_1_309' title='bbox 375 2009 448 2034; x_wconf 88' lang='lat' dir='ltr'>non</span> <span class='ocrx_word' id='word_1_310' title='bbox 478 2002 568 2034; x_wconf 89' lang='lat' dir='ltr'>erat.</span> <span class='ocrx_word' id='word_1_311' title='bbox 593 1997 643 2033; x_wconf 87' lang='lat' dir='ltr'>Et</span> <span class='ocrx_word' id='word_1_312' title='bbox 660 1995 889 2033; x_wconf 89' lang='lat' dir='ltr'>Ambrosius</span> <span class='ocrx_word' id='word_1_313' title='bbox 908 1994 1008 2040; x_wconf 86' lang='lat' dir='ltr'>dicit,</span> <span class='ocrx_word' id='word_1_314' title='bbox 1030 2007 1146 2043; x_wconf 87' lang='lat' dir='ltr'>super</span> <span class='ocrx_word' id='word_1_315' title='bbox 1173 1993 1267 2031; x_wconf 92' lang='lat' dir='ltr'>illud</span> 
     </span>
    </p>
   </div>
   <div class='ocr_carea' id='block_1_23' title="bbox 139 2044 1268 2097">
    <p class='ocr_par' dir='ltr' id='par_1_25' title="bbox 139 2044 1268 2102">
     <span class='ocr_line' id='line_1_45' title="bbox 139 2044 1268 2097; baseline -0.005 -8"><span class='ocrx_word' id='word_1_316' title='bbox 139 2044 167 2097; x_wconf 59' lang='lat'>31}</span> <span class='ocrx_word' id='word_1_317' title='bbox 201 2050 299 2088; x_wconf 77' lang='lat' dir='ltr'>Luc.</span> <span class='ocrx_word' id='word_1_318' title='bbox 328 2061 398 2087; x_wconf 86' lang='lat' dir='ltr'>xxn</span> <span class='ocrx_word' id='word_1_319' title='bbox 416 2049 448 2096; x_wconf 73' lang='lat'>²¹²,</span> <span class='ocrx_word' id='word_1_320' title='bbox 476 2051 635 2086; x_wconf 82' lang='lat' dir='ltr'>Paratus</span> <span class='ocrx_word' id='word_1_321' title='bbox 661 2061 742 2086; x_wconf 91' lang='lat' dir='ltr'>sum</span> <span class='ocrx_word' id='word_1_322' title='bbox 770 2054 889 2085; x_wconf 90' lang='lat' dir='ltr'>tecum</span> <span class='ocrx_word' id='word_1_323' title='bbox 909 2053 942 2085; x_wconf 88' lang='lat' dir='ltr'>et</span> <span class='ocrx_word' id='word_1_324' title='bbox 961 2049 997 2084; x_wconf 89' lang='lat' dir='ltr'>in</span> <span class='ocrx_word' id='word_1_325' title='bbox 1017 2059 1208 2084; x_wconf 77' lang='lat' dir='ltr'>carcerem</span> <span class='ocrx_word' id='word_1_326' title='bbox 1234 2053 1268 2084; x_wconf 87' lang='lat' dir='ltr'>et</span> 
     </span>
    </p>
   </div>
   <div class='ocr_carea' id='block_1_24' title="bbox 136 2097 1268 2210">
    <p class='ocr_par' dir='ltr' id='par_1_26' title="bbox 134 2097 1268 2212">
     <span class='ocr_line' id='line_1_46' title="bbox 136 2097 1268 2150; baseline -0.005 -8"><span class='ocrx_word' id='word_1_327' title='bbox 136 2107 171 2146; x_wconf 79' lang='grc'>,’</span> <span class='ocrx_word' id='word_1_328' title='bbox 204 2097 243 2141; x_wconf 74' lang='lat' dir='ltr'>&#39;in</span> <span class='ocrx_word' id='word_1_329' title='bbox 270 2108 427 2140; x_wconf 87' lang='lat' dir='ltr'>mortem</span> <span class='ocrx_word' id='word_1_330' title='bbox 455 2103 531 2139; x_wconf 84' lang='lat' dir='ltr'>ire.-</span> <span class='ocrx_word' id='word_1_331' title='bbox 566 2103 712 2147; x_wconf 82' lang='lat' dir='ltr'>Passio,</span> <span class='ocrx_word' id='word_1_332' title='bbox 742 2100 883 2150; x_wconf 90' lang='lat' dir='ltr'>inquit,</span> <span class='ocrx_word' id='word_1_333' title='bbox 913 2101 1069 2137; x_wconf 89' lang='lat' dir='ltr'>Domini</span> <span class='ocrx_word' id='word_1_334' title='bbox 1103 2099 1268 2137; x_wconf 90' lang='lat' dir='ltr'>aemulos</span> 
     </span>
     <span class='ocr_line' id='line_1_47' title="bbox 203 2152 1268 2210; baseline -0.004 -17.243"><span class='ocrx_word' id='word_1_335' title='bbox 203 2153 330 2210; x_wconf 70' lang='lat' dir='ltr'>habet,</span> <span class='ocrx_word' id='word_1_336' title='bbox 353 2167 468 2205; x_wconf 87' lang='lat' dir='ltr'>pares</span> <span class='ocrx_word' id='word_1_337' title='bbox 495 2167 570 2192; x_wconf 89' lang='lat' dir='ltr'>non</span> <span class='ocrx_word' id='word_1_338' title='bbox 599 2155 716 2191; x_wconf 86' lang='lat' dir='ltr'>habet.</span> <span class='ocrx_word' id='word_1_339' title='bbox 744 2154 870 2190; x_wconf 92' lang='lat' dir='ltr'>Multo</span> <span class='ocrx_word' id='word_1_340' title='bbox 889 2152 1002 2201; x_wconf 89' lang='lat' dir='ltr'>igitur</span> <span class='ocrx_word' id='word_1_341' title='bbox 1020 2152 1150 2189; x_wconf 88' lang='lat' dir='ltr'>minus</span> <span class='ocrx_word' id='word_1_342' title='bbox 1177 2164 1268 2189; x_wconf 90' lang='lat' dir='ltr'>con-</span> 
     </span>
    </p>
   </div>
   <div class='ocr_carea' id='block_1_25' title="bbox 203 2201 1270 2415">
    <p class='ocr_par' dir='ltr' id='par_1_27' title="bbox 129 2201 1268 2310">
     <span class='ocr_line' id='line_1_48' title="bbox 203 2201 1268 2256; baseline -0.007 -7.52"><span class='ocrx_word' id='word_1_343' title='bbox 203 2201 365 2246; x_wconf 74' lang='lat' dir='ltr'>&#39;veniens</span> <span class='ocrx_word' id='word_1_344' title='bbox 385 2213 401 2229; x_wconf 76' lang='lat'><em>²</em></span> <span class='ocrx_word' id='word_1_345' title='bbox 438 2207 591 2244; x_wconf 91' lang='lat' dir='ltr'>videtur</span> <span class='ocrx_word' id='word_1_346' title='bbox 618 2206 725 2256; x_wconf 81' lang='lat' dir='ltr'>quod</span> <span class='ocrx_word' id='word_1_347' title='bbox 755 2205 928 2243; x_wconf 90' lang='lat' dir='ltr'>Christus</span> <span class='ocrx_word' id='word_1_348' title='bbox 956 2205 1071 2242; x_wconf 88' lang='lat' dir='ltr'>simul</span> <span class='ocrx_word' id='word_1_349' title='bbox 1098 2217 1190 2242; x_wconf 90' lang='lat' dir='ltr'>cum</span> <span class='ocrx_word' id='word_1_350' title='bbox 1217 2206 1268 2242; x_wconf 90' lang='lat' dir='ltr'>la-</span> 
     </span>
     <span class='ocr_line' id='line_1_49' title="bbox 205 2259 612 2309; baseline 0.002 -13.841"><span class='ocrx_word' id='word_1_351' title='bbox 205 2259 381 2298; x_wconf 83' lang='lat' dir='ltr'>tronibus</span> <span class='ocrx_word' id='word_1_352' title='bbox 408 2267 612 2309; x_wconf 89' lang='lat' dir='ltr'>pateretur</span> 
     </span>
    </p>

    <p class='ocr_par' dir='ltr' id='par_1_28' title="bbox 134 2304 1270 2415">
     <span class='ocr_line' id='line_1_50' title="bbox 263 2304 1270 2359; baseline -0.004 -8.431"><span class='ocrx_word' id='word_1_353' title='bbox 263 2313 297 2350; x_wconf 94' lang='lat'>3.</span> <span class='ocrx_word' id='word_1_354' title='bbox 327 2304 891 2356; x_wconf 64' lang='lat' dir='ltr'>PRAETEREA‚Matth.xxv11*</span> <span class='ocrx_word' id='word_1_355' title='bbox 919 2310 1057 2348; x_wconf 91' lang='lat' dir='ltr'>dicitur</span> <span class='ocrx_word' id='word_1_356' title='bbox 1083 2310 1191 2359; x_wconf 93' lang='lat' dir='ltr'>quod</span> <span class='ocrx_word' id='word_1_357' title='bbox 1219 2310 1270 2347; x_wconf 88' lang='lat' dir='ltr'>la-</span> 
     </span>
     <span class='ocr_line' id='line_1_51' title="bbox 205 2362 1270 2415; baseline -0.004 -11.313"><span class='ocrx_word' id='word_1_358' title='bbox 205 2370 331 2405; x_wconf 67' lang='lat' dir='ltr'>trones</span> <span class='ocrx_word' id='word_1_359' title='bbox 357 2367 421 2415; x_wconf 81' lang='lat' dir='ltr'>qui</span> <span class='ocrx_word' id='word_1_360' title='bbox 446 2367 621 2414; x_wconf 87' lang='lat' dir='ltr'>crucifixi</span> <span class='ocrx_word' id='word_1_361' title='bbox 637 2371 744 2403; x_wconf 86' lang='lat' dir='ltr'>erant</span> <span class='ocrx_word' id='word_1_362' title='bbox 762 2363 787 2412; x_wconf 75' lang='grc' dir='ltr'>β,</span> <span class='ocrx_word' id='word_1_363' title='bbox 811 2365 1114 2413; x_wconf 83' lang='lat' dir='ltr'>improperabant</span> <span class='ocrx_word' id='word_1_364' title='bbox 1133 2364 1176 2400; x_wconf 92' lang='lat' dir='ltr'>ei.</span> <span class='ocrx_word' id='word_1_365' title='bbox 1194 2362 1270 2400; x_wconf 88' lang='lat' dir='ltr'>Sed</span> 
     </span>
    </p>
   </div>
   <div class='ocr_carea' id='block_1_26' title="bbox 127 2393 1271 2472">
    <p class='ocr_par' dir='ltr' id='par_1_29' title="bbox 127 2393 1271 2472">
     <span class='ocr_line' id='line_1_52' title="bbox 127 2393 1271 2472; baseline -0.005 -15"><span class='ocrx_word' id='word_1_366' title='bbox 127 2419 150 2472; x_wconf 60' lang='lat' dir='ltr'><em>j</em></span> <span class='ocrx_word' id='word_1_367' title='bbox 204 2416 304 2457; x_wconf 83' lang='lat' dir='ltr'>Luc.</span> <span class='ocrx_word' id='word_1_368' title='bbox 333 2430 414 2456; x_wconf 87' lang='lat' dir='ltr'>xxm</span> <span class='ocrx_word' id='word_1_369' title='bbox 431 2417 452 2440; x_wconf 74' lang='lat'>&#39;⁸‘</span> <span class='ocrx_word' id='word_1_370' title='bbox 478 2417 617 2455; x_wconf 89' lang='lat' dir='ltr'>dicitur</span> <span class='ocrx_word' id='word_1_371' title='bbox 643 2418 751 2467; x_wconf 91' lang='lat' dir='ltr'>quod</span> <span class='ocrx_word' id='word_1_372' title='bbox 778 2393 881 2454; x_wconf 83' lang='lat' dir='ltr'>⁷unus</span> <span class='ocrx_word' id='word_1_373' title='bbox 909 2428 1047 2453; x_wconf 89' lang='lat' dir='ltr'>eorum</span> <span class='ocrx_word' id='word_1_374' title='bbox 1066 2415 1133 2465; x_wconf 90' lang='lat' dir='ltr'>qui</span> <span class='ocrx_word' id='word_1_375' title='bbox 1152 2415 1271 2452; x_wconf 90' lang='lat' dir='ltr'>cruci-</span> 
     </span>
    </p>
   </div>
   <div class='ocr_carea' id='block_1_27' title="bbox 207 2468 1270 2516">
    <p class='ocr_par' dir='ltr' id='par_1_30' title="bbox 207 2468 1270 2516">
     <span class='ocr_line' id='line_1_53' title="bbox 207 2468 1270 2516; baseline -0.005 -7"><span class='ocrx_word' id='word_1_376' title='bbox 207 2468 276 2509; x_wconf 82' lang='lat' dir='ltr'>fixi</span> <span class='ocrx_word' id='word_1_377' title='bbox 293 2478 401 2513; x_wconf 83' lang='lat' dir='ltr'>erant</span> <span class='ocrx_word' id='word_1_378' title='bbox 418 2482 510 2507; x_wconf 90' lang='lat' dir='ltr'>cum</span> <span class='ocrx_word' id='word_1_379' title='bbox 530 2470 694 2516; x_wconf 90' lang='lat' dir='ltr'>Christo,</span> <span class='ocrx_word' id='word_1_380' title='bbox 715 2470 749 2507; x_wconf 90' lang='lat' dir='ltr'>ei</span> <span class='ocrx_word' id='word_1_381' title='bbox 768 2469 936 2507; x_wconf 89' lang='lat' dir='ltr'>dicebat:</span> <span class='ocrx_word' id='word_1_382' title='bbox 965 2471 1159 2506; x_wconf 85' lang='lat' dir='ltr'>Memento</span> <span class='ocrx_word' id='word_1_383' title='bbox 1186 2470 1270 2514; x_wconf 91' lang='lat' dir='ltr'>mei,</span> 
     </span>
    </p>
   </div>
   <div class='ocr_carea' id='block_1_28' title="bbox 142 2521 1272 2676">
    <p class='ocr_par' dir='ltr' id='par_1_31' title="bbox 126 2514 1272 2676">
     <span class='ocr_line' id='line_1_54' title="bbox 210 2521 1272 2572; baseline -0.004 -10.362"><span class='ocrx_word' id='word_1_384' title='bbox 210 2525 382 2570; x_wconf 84' lang='lat' dir='ltr'>Domine,</span> <span class='ocrx_word' id='word_1_385' title='bbox 410 2536 496 2560; x_wconf 89' lang='lat' dir='ltr'>cum</span> <span class='ocrx_word' id='word_1_386' title='bbox 523 2525 667 2561; x_wconf 86' lang='lat' dir='ltr'>veneris</span> <span class='ocrx_word' id='word_1_387' title='bbox 695 2525 732 2560; x_wconf 90' lang='lat' dir='ltr'>in</span> <span class='ocrx_word' id='word_1_388' title='bbox 762 2535 922 2572; x_wconf 80' lang='lat' dir='ltr'>regnum</span> <span class='ocrx_word' id='word_1_389' title='bbox 943 2528 1057 2559; x_wconf 91' lang='lat' dir='ltr'>tuum.</span> <span class='ocrx_word' id='word_1_390' title='bbox 1087 2522 1189 2569; x_wconf 89' lang='lat' dir='ltr'>Ergo</span> <span class='ocrx_word' id='word_1_391' title='bbox 1217 2521 1272 2557; x_wconf 91' lang='lat' dir='ltr'>vi-</span> 
     </span>
     <span class='ocr_line' id='line_1_55' title="bbox 210 2574 1272 2626; baseline -0.004 -11.366"><span class='ocrx_word' id='word_1_392' title='bbox 210 2576 322 2615; x_wconf 85' lang='lat' dir='ltr'>detur</span> <span class='ocrx_word' id='word_1_393' title='bbox 347 2576 465 2626; x_wconf 90' lang='lat' dir='ltr'>quod,</span> <span class='ocrx_word' id='word_1_394' title='bbox 494 2583 645 2626; x_wconf 84' lang='lat' dir='ltr'>praeter</span> <span class='ocrx_word' id='word_1_395' title='bbox 672 2577 836 2620; x_wconf 88' lang='lat' dir='ltr'>latrones</span> <span class='ocrx_word' id='word_1_396' title='bbox 864 2575 1186 2624; x_wconf 80' lang='lat' dir='ltr'>blasphemantes,</span> <span class='ocrx_word' id='word_1_397' title='bbox 1216 2574 1272 2610; x_wconf 87' lang='lat' dir='ltr'>fu—</span> 
     </span>
     <span class='ocr_line' id='line_1_56' title="bbox 142 2627 1271 2676; baseline -0.004 -9.032"><span class='ocrx_word' id='word_1_398' title='bbox 142 2652 149 2660; x_wconf 78' lang='lat'><strong>·</strong></span> <span class='ocrx_word' id='word_1_399' title='bbox 207 2628 280 2667; x_wconf 73' lang='lat' dir='ltr'>&#39;erit</span> <span class='ocrx_word' id='word_1_400' title='bbox 306 2641 399 2667; x_wconf 90' lang='lat' dir='ltr'>cum</span> <span class='ocrx_word' id='word_1_401' title='bbox 426 2641 474 2666; x_wconf 88' lang='lat' dir='ltr'>eo</span> <span class='ocrx_word' id='word_1_402' title='bbox 508 2629 714 2666; x_wconf 84' lang='lat' dir='ltr'>crucifixus</span> <span class='ocrx_word' id='word_1_403' title='bbox 741 2628 838 2665; x_wconf 90' lang='lat' dir='ltr'>alius</span> <span class='ocrx_word' id='word_1_404' title='bbox 873 2639 953 2664; x_wconf 93' lang='lat' dir='ltr'>non</span> <span class='ocrx_word' id='word_1_405' title='bbox 987 2627 1271 2676; x_wconf 89' lang='lat' dir='ltr'>blasphemans.</span> 
     </span>
    </p>
   </div>
   <div class='ocr_carea' id='block_1_29' title="bbox 135 2679 1278 2994">
    <p class='ocr_par' dir='ltr' id='par_1_32' title="bbox 133 2679 1274 2946">
     <span class='ocr_line' id='line_1_57' title="bbox 212 2679 1274 2727; baseline -0.003 -8"><span class='ocrx_word' id='word_1_406' title='bbox 212 2679 261 2720; x_wconf 87' lang='lat' dir='ltr'>Et</span> <span class='ocrx_word' id='word_1_407' title='bbox 296 2680 349 2719; x_wconf 92' lang='lat' dir='ltr'>sic</span> <span class='ocrx_word' id='word_1_408' title='bbox 391 2681 544 2719; x_wconf 91' lang='lat' dir='ltr'>videtur</span> <span class='ocrx_word' id='word_1_409' title='bbox 588 2681 904 2718; x_wconf 90' lang='lat' dir='ltr'>inconvenienter</span> <span class='ocrx_word' id='word_1_410' title='bbox 939 2680 988 2717; x_wconf 85' lang='lat' dir='ltr'>ab</span> <span class='ocrx_word' id='word_1_411' title='bbox 1025 2679 1274 2727; x_wconf 85' lang='lat' dir='ltr'>Evangelistis</span> 
     </span>
     <span class='ocr_line' id='line_1_58' title="bbox 135 2732 1274 2786; baseline -0.004 -13"><span class='ocrx_word' id='word_1_412' title='bbox 135 2763 149 2786; x_wconf 92' lang='lat'>.·</span> <span class='ocrx_word' id='word_1_413' title='bbox 213 2742 410 2773; x_wconf 82' lang='lat' dir='ltr'>narratum</span> <span class='ocrx_word' id='word_1_414' title='bbox 445 2735 553 2784; x_wconf 87' lang='lat' dir='ltr'>quod</span> <span class='ocrx_word' id='word_1_415' title='bbox 588 2734 761 2772; x_wconf 90' lang='lat' dir='ltr'>Christus</span> <span class='ocrx_word' id='word_1_416' title='bbox 795 2733 907 2771; x_wconf 79' lang='lat' dir='ltr'>fuerit</span> <span class='ocrx_word' id='word_1_417' title='bbox 940 2745 1031 2770; x_wconf 92' lang='lat' dir='ltr'>cum</span> <span class='ocrx_word' id='word_1_418' title='bbox 1065 2732 1274 2769; x_wconf 86' lang='lat' dir='ltr'>latronibus</span> 
     </span>
     <span class='ocr_line' id='line_1_59' title="bbox 215 2786 432 2830; baseline -0.013 -3.097"><span class='ocrx_word' id='word_1_419' title='bbox 215 2786 432 2830; x_wconf 89' lang='lat' dir='ltr'>crucifixus.</span> 
     </span>
     <span class='ocr_line' id='line_1_60' title="bbox 214 2838 1276 2889; baseline -0.007 -7.455"><span class='ocrx_word' id='word_1_420' title='bbox 214 2847 220 2849; x_wconf 66' lang='grc'>“</span> <span class='ocrx_word' id='word_1_421' title='bbox 269 2840 343 2878; x_wconf 72' lang='lat' dir='ltr'>SED</span> <span class='ocrx_word' id='word_1_422' title='bbox 363 2851 507 2878; x_wconf 75' lang='lat' dir='ltr'>CONTRA</span> <span class='ocrx_word' id='word_1_423' title='bbox 520 2851 586 2877; x_wconf 84' lang='lat' dir='ltr'>EST</span> <span class='ocrx_word' id='word_1_424' title='bbox 601 2839 708 2889; x_wconf 91' lang='lat' dir='ltr'>quod</span> <span class='ocrx_word' id='word_1_425' title='bbox 727 2839 844 2883; x_wconf 84' lang='lat' dir='ltr'>Isaiae</span> <span class='ocrx_word' id='word_1_426' title='bbox 864 2851 920 2876; x_wconf 76' lang='lat' dir='ltr'>Lm</span> <span class='ocrx_word' id='word_1_427' title='bbox 933 2839 953 2860; x_wconf 79' lang='lat'>’¹‘</span> <span class='ocrx_word' id='word_1_428' title='bbox 971 2839 1092 2876; x_wconf 90' lang='lat' dir='ltr'>fuerat</span> <span class='ocrx_word' id='word_1_429' title='bbox 1110 2838 1276 2887; x_wconf 89' lang='lat' dir='ltr'>prophe-</span> 
     </span>
     <span class='ocr_line' id='line_1_61' title="bbox 214 2893 1059 2941; baseline -0.003 -10.223"><span class='ocrx_word' id='word_1_430' title='bbox 214 2897 356 2931; x_wconf 70' lang='lat' dir='ltr'>tatum:</span> <span class='ocrx_word' id='word_1_431' title='bbox 386 2894 434 2930; x_wconf 90' lang='lat' dir='ltr'>Et</span> <span class='ocrx_word' id='word_1_432' title='bbox 459 2904 544 2930; x_wconf 87' lang='lat' dir='ltr'>cum</span> <span class='ocrx_word' id='word_1_433' title='bbox 571 2893 757 2930; x_wconf 88' lang='lat' dir='ltr'>sceleratis</span> <span class='ocrx_word' id='word_1_434' title='bbox 784 2898 970 2941; x_wconf 87' lang='lat' dir='ltr'>reputatus</span> <span class='ocrx_word' id='word_1_435' title='bbox 997 2898 1059 2929; x_wconf 87' lang='lat' dir='ltr'>est.</span> 
     </span>
    </p>

    <p class='ocr_par' dir='ltr' id='par_1_33' title="bbox 180 2944 1278 2994">
     <span class='ocr_line' id='line_1_62' title="bbox 180 2944 1278 2994; baseline -0.003 -11"><span class='ocrx_word' id='word_1_436' title='bbox 180 2955 182 2958; x_wconf 75' lang='grc'>’</span> <span class='ocrx_word' id='word_1_437' title='bbox 268 2946 493 2983; x_wconf 74' lang='grc' dir='ltr'>ΚΕεΡοΝῡΕο</span> <span class='ocrx_word' id='word_1_438' title='bbox 519 2957 700 2982; x_wconf 76' lang='lat' dir='ltr'>mcENDUM</span> <span class='ocrx_word' id='word_1_439' title='bbox 728 2945 835 2994; x_wconf 91' lang='lat' dir='ltr'>quod</span> <span class='ocrx_word' id='word_1_440' title='bbox 856 2944 1029 2982; x_wconf 90' lang='lat' dir='ltr'>Christus</span> <span class='ocrx_word' id='word_1_441' title='bbox 1053 2944 1150 2981; x_wconf 86' lang='lat' dir='ltr'>inter</span> <span class='ocrx_word' id='word_1_442' title='bbox 1168 2945 1278 2980; x_wconf 89' lang='lat' dir='ltr'>latro-</span> 
     </span>
    </p>
   </div>
   <div class='ocr_carea' id='block_1_30' title="bbox 138 2996 1280 3155">
    <p class='ocr_par' dir='ltr' id='par_1_34' title="bbox 137 2993 1280 3149">
     <span class='ocr_line' id='line_1_63' title="bbox 217 2996 1279 3046; baseline -0.011 -0.911"><span class='ocrx_word' id='word_1_443' title='bbox 217 3009 286 3036; x_wconf 87' lang='lat' dir='ltr'>nes</span> <span class='ocrx_word' id='word_1_444' title='bbox 312 2997 517 3037; x_wconf 83' lang='lat' dir='ltr'>crucifixus</span> <span class='ocrx_word' id='word_1_445' title='bbox 545 3005 611 3042; x_wconf 89' lang='lat' dir='ltr'>est,</span> <span class='ocrx_word' id='word_1_446' title='bbox 636 2997 709 3034; x_wconf 88' lang='lat' dir='ltr'>alia</span> <span class='ocrx_word' id='word_1_447' title='bbox 729 2997 889 3046; x_wconf 90' lang='lat' dir='ltr'>quidem</span> <span class='ocrx_word' id='word_1_448' title='bbox 916 2996 1061 3034; x_wconf 90' lang='lat' dir='ltr'>ratione</span> <span class='ocrx_word' id='word_1_449' title='bbox 1089 3004 1279 3045; x_wconf 91' lang='lat' dir='ltr'>quantum</span> 
     </span>
     <span class='ocr_line' id='line_1_64' title="bbox 138 3048 1279 3098; baseline -0.002 -11"><span class='ocrx_word' id='word_1_450' title='bbox 138 3056 161 3097; x_wconf 54' lang='grc' dir='ltr'>’ᾗ</span> <span class='ocrx_word' id='word_1_451' title='bbox 218 3050 267 3089; x_wconf 80' lang='lat' dir='ltr'>ad</span> <span class='ocrx_word' id='word_1_452' title='bbox 284 3049 536 3088; x_wconf 84' lang='lat' dir='ltr'>intentionem</span> <span class='ocrx_word' id='word_1_453' title='bbox 554 3050 798 3095; x_wconf 84' lang='lat' dir='ltr'>Iudaeorum,</span> <span class='ocrx_word' id='word_1_454' title='bbox 819 3049 891 3086; x_wconf 86' lang='lat' dir='ltr'>alia</span> <span class='ocrx_word' id='word_1_455' title='bbox 908 3062 1002 3086; x_wconf 88' lang='lat' dir='ltr'>vero</span> <span class='ocrx_word' id='word_1_456' title='bbox 1022 3057 1211 3098; x_wconf 84' lang='lat' dir='ltr'>quantum</span> <span class='ocrx_word' id='word_1_457' title='bbox 1231 3048 1279 3085; x_wconf 89' lang='lat' dir='ltr'>ad</span> 
     </span>
     <span class='ocr_line' id='line_1_65' title="bbox 157 3101 1280 3155; baseline -0.004 -14.046"><span class='ocrx_word' id='word_1_458' title='bbox 157 3118 185 3155; x_wconf 57' lang='lat'>3</span> <span class='ocrx_word' id='word_1_459' title='bbox 215 3102 291 3145; x_wconf 79' lang='lat' dir='ltr'>Dei</span> <span class='ocrx_word' id='word_1_460' title='bbox 304 3101 598 3141; x_wconf 86' lang='lat' dir='ltr'>ordinationem.</span> <span class='ocrx_word' id='word_1_461' title='bbox 615 3103 818 3149; x_wconf 89' lang='lat' dir='ltr'>Quantum</span> <span class='ocrx_word' id='word_1_462' title='bbox 837 3102 942 3138; x_wconf 92' lang='lat' dir='ltr'>enim</span> <span class='ocrx_word' id='word_1_463' title='bbox 961 3101 1010 3138; x_wconf 93' lang='lat' dir='ltr'>ad</span> <span class='ocrx_word' id='word_1_464' title='bbox 1029 3101 1280 3138; x_wconf 90' lang='lat' dir='ltr'>intentionem</span> 
     </span>
    </p>
   </div>
   <div class='ocr_carea' id='block_1_31' title="bbox 148 3153 1282 3311">
    <p class='ocr_par' dir='ltr' id='par_1_35' title="bbox 161 3153 1282 3311">
     <span class='ocr_line' id='line_1_66' title="bbox 171 3153 1279 3203; baseline -0.004 -9.821"><span class='ocrx_word' id='word_1_465' title='bbox 171 3155 464 3203; x_wconf 81' lang='lat' dir='ltr'>ludaeorum,</span> <span class='ocrx_word' id='word_1_466' title='bbox 485 3155 584 3192; x_wconf 91' lang='lat' dir='ltr'>duos</span> <span class='ocrx_word' id='word_1_467' title='bbox 603 3156 767 3192; x_wconf 84' lang='lat' dir='ltr'>latrones</span> <span class='ocrx_word' id='word_1_468' title='bbox 794 3154 973 3203; x_wconf 89' lang='lat' dir='ltr'>utrinque</span> <span class='ocrx_word' id='word_1_469' title='bbox 997 3153 1279 3198; x_wconf 88' lang='lat' dir='ltr'>crucifixerunt,</span> 
     </span>
     <span class='ocr_line' id='line_1_67' title="bbox 148 3206 1281 3256; baseline -0.004 -9.954"><span class='ocrx_word' id='word_1_470' title='bbox 148 3227 182 3253; x_wconf 46' lang='grc' dir='ltr'>φ</span> <span class='ocrx_word' id='word_1_471' title='bbox 218 3206 317 3247; x_wconf 75' lang='lat' dir='ltr'>sicut</span> <span class='ocrx_word' id='word_1_472' title='bbox 343 3207 432 3245; x_wconf 90' lang='lat' dir='ltr'>dicit</span> <span class='ocrx_word' id='word_1_473' title='bbox 461 3207 761 3256; x_wconf 85' lang='lat' dir='ltr'>chrysostomus</span> <span class='ocrx_word' id='word_1_474' title='bbox 779 3206 815 3252; x_wconf 72' lang='lat'>²¹²,</span> <span class='ocrx_word' id='word_1_475' title='bbox 845 3213 883 3243; x_wconf 90' lang='lat' dir='ltr'>ut</span> <span class='ocrx_word' id='word_1_476' title='bbox 910 3219 1039 3243; x_wconf 88' lang='lat' dir='ltr'>eorum</span> <span class='ocrx_word' id='word_1_477' title='bbox 1065 3207 1281 3256; x_wconf 83' lang='lat' dir='ltr'>suspicionis</span> 
     </span>
     <span class='ocr_line' id='line_1_68' title="bbox 161 3258 1282 3311; baseline -0.005 -11.771"><span class='ocrx_word' id='word_1_478' title='bbox 161 3258 331 3309; x_wconf 71' lang='lat' dir='ltr'>fieret</span> <span class='ocrx_word' id='word_1_479' title='bbox 345 3262 541 3311; x_wconf 84' lang='lat' dir='ltr'>particeps.</span> <span class='ocrx_word' id='word_1_480' title='bbox 577 3259 650 3297; x_wconf 85' lang='lat' dir='ltr'>Sed</span> <span class='ocrx_word' id='word_1_481' title='bbox 676 3272 749 3296; x_wconf 88' lang='lat' dir='ltr'>non</span> <span class='ocrx_word' id='word_1_482' title='bbox 779 3261 828 3296; x_wconf 90' lang='lat' dir='ltr'>ita</span> <span class='ocrx_word' id='word_1_483' title='bbox 851 3261 979 3297; x_wconf 88' lang='lat' dir='ltr'>evenit.</span> <span class='ocrx_word' id='word_1_484' title='bbox 1008 3259 1112 3296; x_wconf 90' lang='lat' dir='ltr'>Nam</span> <span class='ocrx_word' id='word_1_485' title='bbox 1141 3259 1186 3295; x_wconf 88' lang='lat' dir='ltr'>de</span> <span class='ocrx_word' id='word_1_486' title='bbox 1212 3258 1282 3295; x_wconf 90' lang='lat' dir='ltr'>illis</span> 
     </span>
    </p>
   </div>
   <div class='ocr_carea' id='block_1_32' title="bbox 145 3311 1279 3385">
    <p class='ocr_par' dir='ltr' id='par_1_36' title="bbox 137 3311 1279 3385">
     <span class='ocr_line' id='line_1_69' title="bbox 217 3311 1279 3361; baseline -0.004 -10.282"><span class='ocrx_word' id='word_1_487' title='bbox 217 3311 277 3351; x_wconf 73' lang='lat' dir='ltr'>nil</span> <span class='ocrx_word' id='word_1_488' title='bbox 301 3313 454 3351; x_wconf 84' lang='lat' dir='ltr'>dicitur:</span> <span class='ocrx_word' id='word_1_489' title='bbox 480 3314 587 3349; x_wconf 88' lang='lat' dir='ltr'>huius</span> <span class='ocrx_word' id='word_1_490' title='bbox 614 3318 736 3349; x_wconf 91' lang='lat' dir='ltr'>autem</span> <span class='ocrx_word' id='word_1_491' title='bbox 774 3314 906 3361; x_wconf 89' lang='lat' dir='ltr'>ubique</span> <span class='ocrx_word' id='word_1_492' title='bbox 932 3324 1029 3348; x_wconf 88' lang='lat' dir='ltr'>crux</span> <span class='ocrx_word' id='word_1_493' title='bbox 1064 3312 1279 3348; x_wconf 88' lang='lat' dir='ltr'>honoratur.</span> 
     </span>
     <span class='ocr_line' id='line_1_70' title="bbox 145 3372 157 3385; baseline 0 0"><span class='ocrx_word' id='word_1_494' title='bbox 145 3372 157 3385; x_wconf 48' lang='grc' dir='ltr'>ι</span> 
     </span>
    </p>
   </div>
   <div class='ocr_carea' id='block_1_33' title="bbox 143 3441 1283 3617">
    <p class='ocr_par' dir='ltr' id='par_1_37' title="bbox 277 3443 650 3471">
     <span class='ocr_line' id='line_1_71' title="bbox 277 3443 650 3471; baseline -0.008 -2"><span class='ocrx_word' id='word_1_495' title='bbox 277 3450 294 3468; x_wconf 74' lang='grc' dir='ltr'>α</span> <span class='ocrx_word' id='word_1_496' title='bbox 323 3443 488 3469; x_wconf 83' lang='lat' dir='ltr'>conveniens.</span> <span class='ocrx_word' id='word_1_497' title='bbox 505 3456 525 3461; x_wconf 87' lang='lat'>-</span> <span class='ocrx_word' id='word_1_498' title='bbox 543 3443 578 3471; x_wconf 86' lang='lat' dir='ltr'>P;</span> <span class='ocrx_word' id='word_1_499' title='bbox 596 3449 650 3467; x_wconf 91' lang='lat' dir='ltr'>om.</span> 
     </span>
    </p>

    <p class='ocr_par' dir='ltr' id='par_1_38' title="bbox 143 3441 1281 3545">
     <span class='ocr_line' id='line_1_72' title="bbox 143 3441 1281 3513; baseline -0.003 -11"><span class='ocrx_word' id='word_1_500' title='bbox 143 3495 171 3513; x_wconf 63' lang='lat'>7.</span> <span class='ocrx_word' id='word_1_501' title='bbox 194 3498 198 3499; x_wconf 49' lang='grc'><strong>.</strong></span> <span class='ocrx_word' id='word_1_502' title='bbox 222 3495 237 3506; x_wconf 66' lang='grc'>,,;</span> <span class='ocrx_word' id='word_1_503' title='bbox 257 3496 260 3498; x_wconf 32' lang='grc' dir='ltr'>ψ</span> <span class='ocrx_word' id='word_1_504' title='bbox 276 3441 306 3512; x_wconf 56' lang='grc' dir='ltr'>βξ</span> <span class='ocrx_word' id='word_1_505' title='bbox 319 3481 407 3504; x_wconf 75' lang='lat' dir='ltr'>erant.</span> <span class='ocrx_word' id='word_1_506' title='bbox 418 3492 438 3498; x_wconf 90' lang='lat'><em>-</em></span> <span class='ocrx_word' id='word_1_507' title='bbox 450 3485 509 3504; x_wconf 80' lang='lat' dir='ltr'>cum</span> <span class='ocrx_word' id='word_1_508' title='bbox 522 3485 553 3503; x_wconf 85' lang='lat' dir='ltr'>eo</span> <span class='ocrx_word' id='word_1_509' title='bbox 565 3477 583 3508; x_wconf 83' lang='lat' dir='ltr'>l,</span> <span class='ocrx_word' id='word_1_510' title='bbox 596 3480 674 3502; x_wconf 80' lang='lat' dir='ltr'>erant</span> <span class='ocrx_word' id='word_1_511' title='bbox 691 3483 750 3502; x_wconf 86' lang='lat' dir='ltr'>cum</span> <span class='ocrx_word' id='word_1_512' title='bbox 764 3483 795 3502; x_wconf 88' lang='lat' dir='ltr'>eo</span> <span class='ocrx_word' id='word_1_513' title='bbox 808 3477 837 3501; x_wconf 87' lang='grc' dir='ltr'>Ρ.</span> <span class='ocrx_word' id='word_1_514' title='bbox 847 3490 867 3494; x_wconf 99' lang='grc'>-</span> <span class='ocrx_word' id='word_1_515' title='bbox 880 3476 971 3501; x_wconf 77' lang='lat' dir='ltr'>Statim</span> <span class='ocrx_word' id='word_1_516' title='bbox 990 3483 1037 3508; x_wconf 87' lang='lat' dir='ltr'>pro</span> <span class='ocrx_word' id='word_1_517' title='bbox 1055 3475 1182 3508; x_wconf 71' lang='lat' dir='ltr'>crucifixi</span> <span class='ocrx_word' id='word_1_518' title='bbox 1195 3478 1281 3505; x_wconf 85' lang='lat' dir='ltr'>erant,</span> 
     </span>
     <span class='ocr_line' id='line_1_73' title="bbox 145 3512 695 3545; baseline -0.007 -5"><span class='ocrx_word' id='word_1_519' title='bbox 145 3513 167 3535; x_wconf 63' lang='lat'>&#39;³</span> <span class='ocrx_word' id='word_1_520' title='bbox 221 3518 273 3539; x_wconf 68' lang='lat' dir='ltr'>&#39;ent</span> <span class='ocrx_word' id='word_1_521' title='bbox 293 3514 298 3520; x_wconf 81' lang='lat'><strong>¹</strong></span> <span class='ocrx_word' id='word_1_522' title='bbox 341 3520 371 3539; x_wconf 80' lang='lat' dir='ltr'>us</span> <span class='ocrx_word' id='word_1_523' title='bbox 389 3517 449 3539; x_wconf 80' lang='lat' dir='ltr'>erat</span> <span class='ocrx_word' id='word_1_524' title='bbox 466 3513 540 3538; x_wconf 79' lang='lat' dir='ltr'>tertia</span> <span class='ocrx_word' id='word_1_525' title='bbox 557 3518 659 3545; x_wconf 74' lang='lat' dir='ltr'>praeter</span> <span class='ocrx_word' id='word_1_526' title='bbox 677 3512 695 3537; x_wconf 89' lang='lat'>1.</span> 
     </span>
    </p>

    <p class='ocr_par' dir='ltr' id='par_1_39' title="bbox 143 3546 1283 3617">
     <span class='ocr_line' id='line_1_74' title="bbox 143 3546 1283 3582; baseline -0.004 -8"><span class='ocrx_word' id='word_1_527' title='bbox 143 3555 151 3565; x_wconf 73' lang='grc'><strong><em>&gt;</em></strong></span> <span class='ocrx_word' id='word_1_528' title='bbox 278 3556 295 3582; x_wconf 79' lang='grc' dir='ltr'>γ</span> <span class='ocrx_word' id='word_1_529' title='bbox 325 3548 561 3575; x_wconf 78' lang='lat' dir='ltr'>demonstraretur.</span> <span class='ocrx_word' id='word_1_530' title='bbox 575 3562 595 3568; x_wconf 85' lang='lat'>-</span> <span class='ocrx_word' id='word_1_531' title='bbox 613 3548 725 3578; x_wconf 77' lang='lat' dir='ltr'>GHabc3</span> <span class='ocrx_word' id='word_1_532' title='bbox 745 3547 910 3573; x_wconf 83' lang='lat' dir='ltr'>devitaretur</span> <span class='ocrx_word' id='word_1_533' title='bbox 929 3546 1027 3576; x_wconf 83' lang='lat' dir='ltr'>ACDE,</span> <span class='ocrx_word' id='word_1_534' title='bbox 1041 3547 1236 3571; x_wconf 82' lang='lat' dir='ltr'>demonstraret</span> <span class='ocrx_word' id='word_1_535' title='bbox 1254 3546 1283 3574; x_wconf 87' lang='lat' dir='ltr'>B,</span> 
     </span>
     <span class='ocr_line' id='line_1_75' title="bbox 227 3582 733 3617; baseline -0.002 -9"><span class='ocrx_word' id='word_1_536' title='bbox 227 3582 414 3617; x_wconf 69' lang='lat' dir='ltr'>designaretur</span> <span class='ocrx_word' id='word_1_537' title='bbox 432 3584 460 3615; x_wconf 77' lang='lat' dir='ltr'>F,</span> <span class='ocrx_word' id='word_1_538' title='bbox 479 3586 676 3609; x_wconf 82' lang='lat' dir='ltr'>monstraretur</span> <span class='ocrx_word' id='word_1_539' title='bbox 694 3583 733 3607; x_wconf 86' lang='lat' dir='ltr'>Pl.</span> 
     </span>
    </p>
   </div>
   <div class='ocr_carea' id='block_1_34' title="bbox 1289 1425 1310 3343">
    <p class='ocr_par' dir='ltr' id='par_1_40' title="bbox 1289 1425 1310 3343">
     <span class='ocr_line' id='line_1_76' title="bbox 1289 1425 1310 3343; baseline 0 0"><span class='ocrx_word' id='word_1_540' title='bbox 1289 1425 1310 3343; x_wconf 95' lang='lat' dir='ltr'> </span> 
     </span>
    </p>
   </div>
   <div class='ocr_carea' id='block_1_35' title="bbox 1316 1391 2419 3356">
    <p class='ocr_par' dir='ltr' id='par_1_41' title="bbox 1316 1391 2378 1570">
     <span class='ocr_line' id='line_1_77' title="bbox 1317 1391 2378 1465; baseline 0.005 -14"><span class='ocrx_word' id='word_1_541' title='bbox 1317 1416 1485 1465; x_wconf 84' lang='lat' dir='ltr'>Reges,</span> <span class='ocrx_word' id='word_1_542' title='bbox 1454 1414 1474 1436; x_wconf 74' lang='lat'>&#39;¹‘</span> <span class='ocrx_word' id='word_1_543' title='bbox 1515 1391 1723 1452; x_wconf 86' lang='lat' dir='ltr'>diademata</span> <span class='ocrx_word' id='word_1_544' title='bbox 1750 1416 1980 1465; x_wconf 83' lang='lat' dir='ltr'>deponentes,</span> <span class='ocrx_word' id='word_1_545' title='bbox 2000 1424 2190 1455; x_wconf 88' lang='lat' dir='ltr'>assumunt</span> <span class='ocrx_word' id='word_1_546' title='bbox 2208 1431 2378 1456; x_wconf 80' lang='lat' dir='ltr'>crucem</span> 
     </span>
     <span class='ocr_line' id='line_1_78' title="bbox 1317 1468 2376 1517; baseline 0.006 -14"><span class='ocrx_word' id='word_1_547' title='bbox 1317 1469 1354 1504; x_wconf 92' lang='lat' dir='ltr'>in</span> <span class='ocrx_word' id='word_1_548' title='bbox 1378 1469 1569 1517; x_wconf 87' lang='lat' dir='ltr'>purpuris,</span> <span class='ocrx_word' id='word_1_549' title='bbox 1596 1470 1634 1504; x_wconf 89' lang='lat' dir='ltr'>in</span> <span class='ocrx_word' id='word_1_550' title='bbox 1663 1468 1939 1515; x_wconf 83' lang='lat' dir='ltr'>diadematibus</span> <span class='ocrx_word' id='word_1_551' title='bbox 1968 1471 2006 1506; x_wconf 88' lang='lat' dir='ltr'>in</span> <span class='ocrx_word' id='word_1_552' title='bbox 2035 1472 2162 1516; x_wconf 89' lang='lat' dir='ltr'>armis,</span> <span class='ocrx_word' id='word_1_553' title='bbox 2183 1473 2220 1508; x_wconf 90' lang='lat' dir='ltr'>in</span> <span class='ocrx_word' id='word_1_554' title='bbox 2248 1484 2376 1509; x_wconf 91' lang='lat' dir='ltr'>mensa</span> 
     </span>
     <span class='ocr_line' id='line_1_79' title="bbox 1316 1522 2145 1570; baseline 0.004 -13"><span class='ocrx_word' id='word_1_555' title='bbox 1316 1533 1403 1557; x_wconf 70' lang='lat' dir='ltr'>saci</span> <span class='ocrx_word' id='word_1_556' title='bbox 1403 1526 1476 1566; x_wconf 89' lang='lat' dir='ltr'>ata,</span> <span class='ocrx_word' id='word_1_557' title='bbox 1506 1522 1638 1570; x_wconf 88' lang='lat' dir='ltr'>ubique</span> <span class='ocrx_word' id='word_1_558' title='bbox 1665 1526 1852 1558; x_wconf 87' lang='lat' dir='ltr'>terrarum</span> <span class='ocrx_word' id='word_1_559' title='bbox 1880 1534 1977 1559; x_wconf 90' lang='lat' dir='ltr'>crux</span> <span class='ocrx_word' id='word_1_560' title='bbox 2003 1525 2145 1560; x_wconf 89' lang='lat' dir='ltr'>emicat.</span> 
     </span>
    </p>

    <p class='ocr_par' dir='ltr' id='par_1_42' title="bbox 1318 1573 2379 1886">
     <span class='ocr_line' id='line_1_80' title="bbox 1372 1573 2376 1622; baseline 0.006 -14"><span class='ocrx_word' id='word_1_561' title='bbox 1372 1573 1574 1619; x_wconf 89' lang='lat' dir='ltr'>Quantum</span> <span class='ocrx_word' id='word_1_562' title='bbox 1611 1585 1705 1609; x_wconf 89' lang='lat' dir='ltr'>vero</span> <span class='ocrx_word' id='word_1_563' title='bbox 1744 1574 1792 1610; x_wconf 86' lang='lat' dir='ltr'>ad</span> <span class='ocrx_word' id='word_1_564' title='bbox 1828 1574 1899 1610; x_wconf 90' lang='lat' dir='ltr'>Dei</span> <span class='ocrx_word' id='word_1_565' title='bbox 1934 1575 2237 1622; x_wconf 86' lang='lat' dir='ltr'>ordinationem,</span> <span class='ocrx_word' id='word_1_566' title='bbox 2269 1577 2376 1614; x_wconf 90' lang='lat' dir='ltr'>Chri-</span> 
     </span>
     <span class='ocr_line' id='line_1_81' title="bbox 1318 1625 2377 1677; baseline 0.005 -16"><span class='ocrx_word' id='word_1_567' title='bbox 1318 1633 1398 1662; x_wconf 89' lang='lat' dir='ltr'>stus</span> <span class='ocrx_word' id='word_1_568' title='bbox 1426 1637 1517 1662; x_wconf 92' lang='lat' dir='ltr'>cum</span> <span class='ocrx_word' id='word_1_569' title='bbox 1545 1625 1756 1662; x_wconf 87' lang='lat' dir='ltr'>latronibus</span> <span class='ocrx_word' id='word_1_570' title='bbox 1783 1626 1988 1664; x_wconf 88' lang='lat' dir='ltr'>crucifixus</span> <span class='ocrx_word' id='word_1_571' title='bbox 2008 1636 2074 1673; x_wconf 87' lang='lat' dir='ltr'>est,</span> <span class='ocrx_word' id='word_1_572' title='bbox 2095 1629 2196 1677; x_wconf 86' lang='lat' dir='ltr'>quia,</span> <span class='ocrx_word' id='word_1_573' title='bbox 2218 1637 2260 1665; x_wconf 93' lang='lat' dir='ltr'>ut</span> <span class='ocrx_word' id='word_1_574' title='bbox 2287 1629 2377 1666; x_wconf 92' lang='lat' dir='ltr'>Hie-</span> 
     </span>
     <span class='ocr_line' id='line_1_82' title="bbox 1319 1678 2379 1730; baseline 0.005 -16"><span class='ocrx_word' id='word_1_575' title='bbox 1319 1690 1507 1727; x_wconf 89' lang='lat' dir='ltr'>ronymus</span> <span class='ocrx_word' id='word_1_576' title='bbox 1539 1678 1647 1724; x_wconf 91' lang='lat' dir='ltr'>dicit,</span> <span class='ocrx_word' id='word_1_577' title='bbox 1675 1691 1786 1727; x_wconf 89' lang='lat' dir='ltr'>super</span> <span class='ocrx_word' id='word_1_578' title='bbox 1820 1681 1954 1716; x_wconf 84' lang='lat' dir='ltr'>Matth.</span> <span class='ocrx_word' id='word_1_579' title='bbox 1984 1680 2023 1725; x_wconf 64' lang='lat'>²⁸,</span> <span class='ocrx_word' id='word_1_580' title='bbox 2052 1683 2143 1717; x_wconf 90' lang='lat' dir='ltr'>sicut</span> <span class='ocrx_word' id='word_1_581' title='bbox 2168 1694 2242 1730; x_wconf 88' lang='lat' dir='ltr'>pro</span> <span class='ocrx_word' id='word_1_582' title='bbox 2276 1684 2379 1719; x_wconf 89' lang='lat' dir='ltr'>nobis</span> 
     </span>
     <span class='ocr_line' id='line_1_83' title="bbox 1319 1731 2379 1784; baseline 0.005 -18"><span class='ocrx_word' id='word_1_583' title='bbox 1319 1731 1553 1767; x_wconf 86' lang='lat' dir='ltr'>maledictum</span> <span class='ocrx_word' id='word_1_584' title='bbox 1590 1733 1710 1767; x_wconf 89' lang='lat' dir='ltr'>crucis</span> <span class='ocrx_word' id='word_1_585' title='bbox 1735 1732 1864 1778; x_wconf 89' lang='lat' dir='ltr'>factus</span> <span class='ocrx_word' id='word_1_586' title='bbox 1901 1738 1951 1768; x_wconf 90' lang='lat' dir='ltr'>est</span> <span class='ocrx_word' id='word_1_587' title='bbox 1989 1734 2172 1779; x_wconf 81' lang='lat' dir='ltr'>Christus,</span> <span class='ocrx_word' id='word_1_588' title='bbox 2204 1736 2277 1780; x_wconf 86' lang='lat' dir='ltr'>sic,</span> <span class='ocrx_word' id='word_1_589' title='bbox 2304 1748 2379 1784; x_wconf 90' lang='lat' dir='ltr'>pro</span> 
     </span>
     <span class='ocr_line' id='line_1_84' title="bbox 1319 1784 2378 1836; baseline 0.003 -16"><span class='ocrx_word' id='word_1_590' title='bbox 1319 1785 1485 1820; x_wconf 90' lang='lat' dir='ltr'>omnium</span> <span class='ocrx_word' id='word_1_591' title='bbox 1513 1784 1639 1829; x_wconf 87' lang='lat' dir='ltr'>salute,</span> <span class='ocrx_word' id='word_1_592' title='bbox 1660 1784 1755 1820; x_wconf 85' lang='lat' dir='ltr'>inter</span> <span class='ocrx_word' id='word_1_593' title='bbox 1783 1786 1915 1821; x_wconf 89' lang='lat' dir='ltr'>noxios</span> <span class='ocrx_word' id='word_1_594' title='bbox 1943 1787 2048 1833; x_wconf 84' lang='lat' dir='ltr'>quasi</span> <span class='ocrx_word' id='word_1_595' title='bbox 2074 1789 2208 1823; x_wconf 88' lang='lat' dir='ltr'>noxius</span> <span class='ocrx_word' id='word_1_596' title='bbox 2235 1789 2378 1836; x_wconf 76' lang='lat' dir='ltr'>crucifi-</span> 
     </span>
     <span class='ocr_line' id='line_1_85' title="bbox 1319 1838 1432 1886; baseline 0 -14"><span class='ocrx_word' id='word_1_597' title='bbox 1319 1838 1432 1886; x_wconf 80' lang='lat' dir='ltr'>gitur.</span> 
     </span>
    </p>

    <p class='ocr_par' dir='ltr' id='par_1_43' title="bbox 1319 1888 2387 2452">
     <span class='ocr_line' id='line_1_86' title="bbox 1375 1888 2382 1938; baseline 0.004 -14"><span class='ocrx_word' id='word_1_598' title='bbox 1375 1888 1576 1934; x_wconf 91' lang='lat' dir='ltr'>Secundo,</span> <span class='ocrx_word' id='word_1_599' title='bbox 1606 1895 1648 1924; x_wconf 90' lang='lat' dir='ltr'>ut</span> <span class='ocrx_word' id='word_1_600' title='bbox 1676 1888 1764 1925; x_wconf 90' lang='lat' dir='ltr'>dicit</span> <span class='ocrx_word' id='word_1_601' title='bbox 1791 1889 1872 1925; x_wconf 91' lang='lat' dir='ltr'>Leo</span> <span class='ocrx_word' id='word_1_602' title='bbox 1901 1890 2023 1938; x_wconf 88' lang='lat' dir='ltr'>Papa,</span> <span class='ocrx_word' id='word_1_603' title='bbox 2053 1890 2092 1926; x_wconf 91' lang='lat' dir='ltr'>in</span> <span class='ocrx_word' id='word_1_604' title='bbox 2122 1891 2308 1928; x_wconf 92' lang='lat' dir='ltr'>Sermone</span> <span class='ocrx_word' id='word_1_605' title='bbox 2337 1892 2382 1928; x_wconf 89' lang='lat' dir='ltr'>de</span> 
     </span>
     <span class='ocr_line' id='line_1_87' title="bbox 1319 1940 2419 1986; baseline 0.005 -9"><span class='ocrx_word' id='word_1_606' title='bbox 1319 1940 1540 1986; x_wconf 70' lang='lat' dir='ltr'>Passione*,</span> <span class='ocrx_word' id='word_1_607' title='bbox 1570 1941 1643 1977; x_wconf 88' lang='lat' dir='ltr'>duo</span> <span class='ocrx_word' id='word_1_608' title='bbox 1678 1942 1839 1978; x_wconf 90' lang='lat' dir='ltr'>latrones</span> <span class='ocrx_word' id='word_1_609' title='bbox 1873 1954 1967 1979; x_wconf 86' lang='lat' dir='ltr'>unus</span> <span class='ocrx_word' id='word_1_610' title='bbox 1995 1943 2045 1979; x_wconf 89' lang='lat' dir='ltr'>ad</span> <span class='ocrx_word' id='word_1_611' title='bbox 2070 1943 2261 1981; x_wconf 86' lang='lat' dir='ltr'>dexteram</span> <span class='ocrx_word' id='word_1_612' title='bbox 2289 1945 2419 1982; x_wconf 92' lang='lat' dir='ltr'>alius</span> 
     </span>
     <span class='ocr_line' id='line_1_88' title="bbox 1320 1994 2381 2056; baseline 0.004 -26"><span class='ocrx_word' id='word_1_613' title='bbox 1320 1994 1371 2031; x_wconf 92' lang='lat' dir='ltr'>ad</span> <span class='ocrx_word' id='word_1_614' title='bbox 1395 1995 1582 2030; x_wconf 88' lang='lat' dir='ltr'>sinistram</span> <span class='ocrx_word' id='word_1_615' title='bbox 1610 1996 1892 2044; x_wconf 82' lang='lat' dir='ltr'>crucifiguntur,</span> <span class='ocrx_word' id='word_1_616' title='bbox 1914 2000 1952 2031; x_wconf 87' lang='lat' dir='ltr'>ut</span> <span class='ocrx_word' id='word_1_617' title='bbox 1970 1997 2007 2031; x_wconf 88' lang='lat' dir='ltr'>in</span> <span class='ocrx_word' id='word_1_618' title='bbox 2028 1997 2107 2056; x_wconf 83' lang='lat' dir='ltr'>ipsa</span> <span class='ocrx_word' id='word_1_619' title='bbox 2128 1998 2288 2045; x_wconf 87' lang='lat' dir='ltr'>patibuli</span> <span class='ocrx_word' id='word_1_620' title='bbox 2303 2009 2381 2047; x_wconf 88' lang='lat' dir='ltr'>spe-</span> 
     </span>
     <span class='ocr_line' id='line_1_89' title="bbox 1321 2046 2383 2099; baseline 0.004 -17"><span class='ocrx_word' id='word_1_621' title='bbox 1321 2048 1376 2083; x_wconf 89' lang='lat' dir='ltr'>cie</span> <span class='ocrx_word' id='word_1_622' title='bbox 1409 2046 1724 2083; x_wconf 85' lang='lat' dir='ltr'>demonstraretur</span> <span class='ocrx_word' id='word_1_623' title='bbox 1752 2047 1864 2084; x_wconf 68' lang='lat' dir='ltr'>Yilla</span> <span class='ocrx_word' id='word_1_624' title='bbox 1899 2060 1994 2096; x_wconf 85' lang='lat' dir='ltr'>quae</span> <span class='ocrx_word' id='word_1_625' title='bbox 2031 2050 2068 2084; x_wconf 87' lang='lat' dir='ltr'>in</span> <span class='ocrx_word' id='word_1_626' title='bbox 2104 2049 2237 2086; x_wconf 89' lang='lat' dir='ltr'>iudicio</span> <span class='ocrx_word' id='word_1_627' title='bbox 2272 2051 2383 2099; x_wconf 89' lang='lat' dir='ltr'>ipsius</span> 
     </span>
     <span class='ocr_line' id='line_1_90' title="bbox 1321 2099 2382 2150; baseline 0.004 -15"><span class='ocrx_word' id='word_1_628' title='bbox 1321 2111 1488 2136; x_wconf 83' lang='lat' dir='ltr'>omnzum</span> <span class='ocrx_word' id='word_1_629' title='bbox 1507 2100 1699 2135; x_wconf 88' lang='lat' dir='ltr'>hominum</span> <span class='ocrx_word' id='word_1_630' title='bbox 1716 2099 1899 2146; x_wconf 89' lang='lat' dir='ltr'>facienda</span> <span class='ocrx_word' id='word_1_631' title='bbox 1918 2106 1968 2136; x_wconf 91' lang='lat' dir='ltr'>est</span> <span class='ocrx_word' id='word_1_632' title='bbox 1986 2100 2164 2138; x_wconf 89' lang='lat' dir='ltr'>discretio.</span> <span class='ocrx_word' id='word_1_633' title='bbox 2186 2102 2234 2138; x_wconf 91' lang='lat' dir='ltr'>Et</span> <span class='ocrx_word' id='word_1_634' title='bbox 2252 2102 2382 2150; x_wconf 86' lang='lat' dir='ltr'>Augu-</span> 
     </span>
     <span class='ocr_line' id='line_1_91' title="bbox 1322 2150 2381 2201; baseline 0.005 -14"><span class='ocrx_word' id='word_1_635' title='bbox 1322 2151 1442 2188; x_wconf 86' lang='lat' dir='ltr'>stinus</span> <span class='ocrx_word' id='word_1_636' title='bbox 1470 2150 1570 2196; x_wconf 87' lang='lat' dir='ltr'>dicit,</span> <span class='ocrx_word' id='word_1_637' title='bbox 1589 2163 1701 2201; x_wconf 84' lang='lat' dir='ltr'>super</span> <span class='ocrx_word' id='word_1_638' title='bbox 1719 2153 1826 2188; x_wconf 88' lang='lat' dir='ltr'>Ioan.</span> <span class='ocrx_word' id='word_1_639' title='bbox 1842 2151 1881 2188; x_wconf 69' lang='lat'>²¹⁸:</span> <span class='ocrx_word' id='word_1_640' title='bbox 1906 2154 1995 2201; x_wconf 86' lang='lat' dir='ltr'>Ipsa</span> <span class='ocrx_word' id='word_1_641' title='bbox 2019 2165 2127 2200; x_wconf 86' lang='lat' dir='ltr'>crux,</span> <span class='ocrx_word' id='word_1_642' title='bbox 2147 2155 2181 2190; x_wconf 90' lang='lat' dir='ltr'>si</span> <span class='ocrx_word' id='word_1_643' title='bbox 2205 2156 2381 2201; x_wconf 90' lang='lat' dir='ltr'>attendas,</span> 
     </span>
     <span class='ocr_line' id='line_1_92' title="bbox 1321 2204 2381 2253; baseline 0.004 -13"><span class='ocrx_word' id='word_1_644' title='bbox 1321 2204 1484 2241; x_wconf 85' lang='lat' dir='ltr'>tribunal</span> <span class='ocrx_word' id='word_1_645' title='bbox 1491 2204 1581 2251; x_wconf 87' lang='lat' dir='ltr'>fuit.</span> <span class='ocrx_word' id='word_1_646' title='bbox 1601 2205 1648 2240; x_wconf 90' lang='lat' dir='ltr'>In</span> <span class='ocrx_word' id='word_1_647' title='bbox 1664 2204 1784 2240; x_wconf 87' lang='lat' dir='ltr'>medio</span> <span class='ocrx_word' id='word_1_648' title='bbox 1803 2206 1902 2240; x_wconf 90' lang='lat' dir='ltr'>enim</span> <span class='ocrx_word' id='word_1_649' title='bbox 1921 2205 2040 2241; x_wconf 89' lang='lat' dir='ltr'>iudice</span> <span class='ocrx_word' id='word_1_650' title='bbox 2057 2208 2259 2252; x_wconf 87' lang='lat' dir='ltr'>constituto,</span> <span class='ocrx_word' id='word_1_651' title='bbox 2276 2220 2381 2253; x_wconf 88' lang='lat' dir='ltr'>unus,</span> 
     </span>
     <span class='ocr_line' id='line_1_93' title="bbox 1323 2256 2383 2306; baseline 0.004 -13"><span class='ocrx_word' id='word_1_652' title='bbox 1323 2258 1386 2306; x_wconf 88' lang='lat' dir='ltr'>qui</span> <span class='ocrx_word' id='word_1_653' title='bbox 1398 2256 1561 2301; x_wconf 86' lang='lat' dir='ltr'>credidit,</span> <span class='ocrx_word' id='word_1_654' title='bbox 1577 2257 1768 2301; x_wconf 84' lang='lat' dir='ltr'>liberatus,·</span> <span class='ocrx_word' id='word_1_655' title='bbox 1787 2258 1891 2303; x_wconf 85' lang='lat' dir='ltr'>alius,</span> <span class='ocrx_word' id='word_1_656' title='bbox 1913 2259 1979 2306; x_wconf 86' lang='lat' dir='ltr'>qui</span> <span class='ocrx_word' id='word_1_657' title='bbox 1993 2257 2208 2303; x_wconf 61' lang='lat' dir='ltr'>insultavitss,</span> <span class='ocrx_word' id='word_1_658' title='bbox 2229 2260 2383 2297; x_wconf 89' lang='lat' dir='ltr'>damna-</span> 
     </span>
     <span class='ocr_line' id='line_1_94' title="bbox 1322 2310 2385 2359; baseline 0.002 -12"><span class='ocrx_word' id='word_1_659' title='bbox 1322 2316 1378 2347; x_wconf 91' lang='lat' dir='ltr'>tus</span> <span class='ocrx_word' id='word_1_660' title='bbox 1405 2315 1466 2346; x_wconf 88' lang='lat' dir='ltr'>est.</span> <span class='ocrx_word' id='word_1_661' title='bbox 1495 2311 1580 2346; x_wconf 89' lang='lat' dir='ltr'>Iam</span> <span class='ocrx_word' id='word_1_662' title='bbox 1607 2311 1841 2359; x_wconf 73' lang='lat' dir='ltr'>significabat</span> <span class='ocrx_word' id='word_1_663' title='bbox 1868 2310 1956 2359; x_wconf 85' lang='lat' dir='ltr'>quid</span> <span class='ocrx_word' id='word_1_664' title='bbox 1970 2311 2145 2357; x_wconf 88' lang='lat' dir='ltr'>facturus</span> <span class='ocrx_word' id='word_1_665' title='bbox 2163 2317 2214 2348; x_wconf 92' lang='lat' dir='ltr'>est</span> <span class='ocrx_word' id='word_1_666' title='bbox 2232 2312 2276 2348; x_wconf 92' lang='lat' dir='ltr'>de</span> <span class='ocrx_word' id='word_1_667' title='bbox 2294 2314 2385 2350; x_wconf 84' lang='lat' dir='ltr'>vivis</span> 
     </span>
     <span class='ocr_line' id='line_1_95' title="bbox 1324 2362 2387 2411; baseline 0.003 -13"><span class='ocrx_word' id='word_1_668' title='bbox 1324 2369 1357 2399; x_wconf 91' lang='lat' dir='ltr'>et</span> <span class='ocrx_word' id='word_1_669' title='bbox 1384 2363 1549 2408; x_wconf 87' lang='lat' dir='ltr'>mortuis,</span> <span class='ocrx_word' id='word_1_670' title='bbox 1578 2362 1670 2398; x_wconf 90' lang='lat' dir='ltr'>alios</span> <span class='ocrx_word' id='word_1_671' title='bbox 1683 2364 1871 2411; x_wconf 87' lang='lat' dir='ltr'>positurus</span> <span class='ocrx_word' id='word_1_672' title='bbox 1897 2363 1948 2399; x_wconf 90' lang='lat' dir='ltr'>ad</span> <span class='ocrx_word' id='word_1_673' title='bbox 1972 2363 2142 2400; x_wconf 87' lang='lat' dir='ltr'>dextram</span> <span class='ocrx_word' id='word_1_674' title='bbox 2162 2369 2195 2400; x_wconf 89' lang='lat' dir='ltr'>et</span> <span class='ocrx_word' id='word_1_675' title='bbox 2217 2364 2313 2401; x_wconf 59' lang='lat' dir='ltr'>alios&gt;</span> <span class='ocrx_word' id='word_1_676' title='bbox 2336 2365 2387 2402; x_wconf 90' lang='lat' dir='ltr'>ad</span> 
     </span>
     <span class='ocr_line' id='line_1_96' title="bbox 1324 2416 1522 2452; baseline -0.005 0"><span class='ocrx_word' id='word_1_677' title='bbox 1324 2416 1522 2452; x_wconf 86' lang='lat' dir='ltr'>sinistram.</span> 
     </span>
    </p>

    <p class='ocr_par' dir='ltr' id='par_1_44' title="bbox 1326 2467 2387 2832">
     <span class='ocr_line' id='line_1_97' title="bbox 1378 2467 2384 2514; baseline 0.003 -10"><span class='ocrx_word' id='word_1_678' title='bbox 1378 2467 1523 2512; x_wconf 89' lang='lat' dir='ltr'>Tertio,</span> <span class='ocrx_word' id='word_1_679' title='bbox 1545 2467 1759 2504; x_wconf 91' lang='lat' dir='ltr'>secundum</span> <span class='ocrx_word' id='word_1_680' title='bbox 1779 2467 1969 2504; x_wconf 89' lang='lat' dir='ltr'>Hilarium</span> <span class='ocrx_word' id='word_1_681' title='bbox 1987 2467 2018 2514; x_wconf 63' lang='lat'>³²,</span> <span class='ocrx_word' id='word_1_682' title='bbox 2039 2468 2112 2505; x_wconf 89' lang='lat' dir='ltr'>duo</span> <span class='ocrx_word' id='word_1_683' title='bbox 2131 2469 2292 2506; x_wconf 86' lang='lat' dir='ltr'>latrones</span> <span class='ocrx_word' id='word_1_684' title='bbox 2311 2470 2384 2506; x_wconf 88' lang='lat' dir='ltr'>lae-</span> 
     </span>
     <span class='ocr_line' id='line_1_98' title="bbox 1326 2520 2385 2571; baseline 0 -13"><span class='ocrx_word' id='word_1_685' title='bbox 1326 2533 1395 2558; x_wconf 83' lang='lat' dir='ltr'>vae</span> <span class='ocrx_word' id='word_1_686' title='bbox 1423 2532 1468 2557; x_wconf 89' lang='lat' dir='ltr'>ac</span> <span class='ocrx_word' id='word_1_687' title='bbox 1495 2520 1648 2556; x_wconf 87' lang='lat' dir='ltr'>dextrae</span> <span class='ocrx_word' id='word_1_688' title='bbox 1675 2520 1895 2570; x_wconf 83' lang='lat' dir='ltr'>affiguntur,</span> <span class='ocrx_word' id='word_1_689' title='bbox 1916 2532 2064 2557; x_wconf 91' lang='lat' dir='ltr'>omnem</span> <span class='ocrx_word' id='word_1_690' title='bbox 2089 2522 2244 2558; x_wconf 87' lang='lat' dir='ltr'>humani</span> <span class='ocrx_word' id='word_1_691' title='bbox 2272 2533 2385 2571; x_wconf 80' lang='lat' dir='ltr'>gene-</span> 
     </span>
     <span class='ocr_line' id='line_1_99' title="bbox 1327 2573 2387 2623; baseline 0 -13"><span class='ocrx_word' id='word_1_692' title='bbox 1327 2575 1378 2611; x_wconf 88' lang='lat' dir='ltr'>ris</span> <span class='ocrx_word' id='word_1_693' title='bbox 1396 2573 1640 2610; x_wconf 80' lang='lat' dir='ltr'>diversitatem</span> <span class='ocrx_word' id='word_1_694' title='bbox 1660 2577 1672 2593; x_wconf 59' lang='grc' dir='ltr'><strong>ἱ</strong></span> <span class='ocrx_word' id='word_1_695' title='bbox 1699 2574 1830 2610; x_wconf 83' lang='lat' dir='ltr'>vocari</span> <span class='ocrx_word' id='word_1_696' title='bbox 1846 2573 1897 2610; x_wconf 92' lang='lat' dir='ltr'>ad</span> <span class='ocrx_word' id='word_1_697' title='bbox 1911 2579 2185 2610; x_wconf 88' lang='lat' dir='ltr'>sacramentum</span> <span class='ocrx_word' id='word_1_698' title='bbox 2202 2576 2387 2623; x_wconf 87' lang='lat' dir='ltr'>passionis</span> 
     </span>
     <span class='ocr_line' id='line_1_100' title="bbox 1326 2625 2386 2675; baseline 0 -12"><span class='ocrx_word' id='word_1_699' title='bbox 1326 2627 1482 2663; x_wconf 88' lang='lat' dir='ltr'>Domini</span> <span class='ocrx_word' id='word_1_700' title='bbox 1499 2625 1732 2662; x_wconf 88' lang='lat' dir='ltr'>ostendentes.</span> <span class='ocrx_word' id='word_1_701' title='bbox 1754 2626 1827 2662; x_wconf 87' lang='lat' dir='ltr'>Sed</span> <span class='ocrx_word' id='word_1_702' title='bbox 1843 2626 1929 2674; x_wconf 86' lang='lat' dir='ltr'>quia</span> <span class='ocrx_word' id='word_1_703' title='bbox 1942 2638 2014 2675; x_wconf 89' lang='lat' dir='ltr'>per</span> <span class='ocrx_word' id='word_1_704' title='bbox 2036 2626 2278 2664; x_wconf 82' lang='lat' dir='ltr'>diversitatem</span> <span class='ocrx_word' id='word_1_705' title='bbox 2288 2627 2386 2675; x_wconf 90' lang='lat' dir='ltr'>fide-</span> 
     </span>
     <span class='ocr_line' id='line_1_101' title="bbox 1327 2678 2387 2728; baseline 0 -12"><span class='ocrx_word' id='word_1_706' title='bbox 1327 2680 1417 2716; x_wconf 89' lang='lat' dir='ltr'>lium</span> <span class='ocrx_word' id='word_1_707' title='bbox 1432 2684 1540 2728; x_wconf 84' lang='lat' dir='ltr'>atque</span> <span class='ocrx_word' id='word_1_708' title='bbox 1553 2678 1755 2726; x_wconf 87' lang='lat' dir='ltr'>infidelium</span> <span class='ocrx_word' id='word_1_709' title='bbox 1759 2680 1809 2727; x_wconf 90' lang='lat' dir='ltr'>fit</span> <span class='ocrx_word' id='word_1_710' title='bbox 1823 2680 1989 2715; x_wconf 91' lang='lat' dir='ltr'>omnium</span> <span class='ocrx_word' id='word_1_711' title='bbox 2002 2679 2202 2715; x_wconf 89' lang='lat' dir='ltr'>secundum</span> <span class='ocrx_word' id='word_1_712' title='bbox 2217 2680 2387 2716; x_wconf 89' lang='lat' dir='ltr'>dextram</span> 
     </span>
     <span class='ocr_line' id='line_1_102' title="bbox 1329 2730 2387 2776; baseline -0.001 -7"><span class='ocrx_word' id='word_1_713' title='bbox 1329 2738 1361 2769; x_wconf 88' lang='lat' dir='ltr'>et</span> <span class='ocrx_word' id='word_1_714' title='bbox 1379 2733 1565 2769; x_wconf 90' lang='lat' dir='ltr'>sinistram</span> <span class='ocrx_word' id='word_1_715' title='bbox 1585 2730 1724 2776; x_wconf 85' lang='lat' dir='ltr'>divisio,</span> <span class='ocrx_word' id='word_1_716' title='bbox 1742 2743 1835 2767; x_wconf 86' lang='lat' dir='ltr'>unus</span> <span class='ocrx_word' id='word_1_717' title='bbox 1854 2743 1902 2768; x_wconf 89' lang='lat' dir='ltr'>ex</span> <span class='ocrx_word' id='word_1_718' title='bbox 1919 2731 2070 2776; x_wconf 86' lang='lat' dir='ltr'>duobus,</span> <span class='ocrx_word' id='word_1_719' title='bbox 2087 2731 2137 2768; x_wconf 92' lang='lat' dir='ltr'>ad</span> <span class='ocrx_word' id='word_1_720' title='bbox 2154 2731 2323 2768; x_wconf 89' lang='lat' dir='ltr'>dextram</span> <span class='ocrx_word' id='word_1_721' title='bbox 2341 2733 2387 2768; x_wconf 92' lang='lat' dir='ltr'>si-</span> 
     </span>
     <span class='ocr_line' id='line_1_103' title="bbox 1328 2784 1964 2832; baseline -0.005 -10"><span class='ocrx_word' id='word_1_722' title='bbox 1328 2791 1395 2831; x_wconf 89' lang='lat' dir='ltr'>tus,</span> <span class='ocrx_word' id='word_1_723' title='bbox 1404 2784 1503 2832; x_wconf 90' lang='lat' dir='ltr'>fidei</span> <span class='ocrx_word' id='word_1_724' title='bbox 1520 2785 1773 2831; x_wconf 79' lang='lat' dir='ltr'>iustificatione</span> <span class='ocrx_word' id='word_1_725' title='bbox 1789 2784 1964 2820; x_wconf 87' lang='lat' dir='ltr'>salvatur.</span> 
     </span>
    </p>

    <p class='ocr_par' dir='ltr' id='par_1_45' title="bbox 1331 2835 2393 3241">
     <span class='ocr_line' id='line_1_104' title="bbox 1383 2835 2388 2885; baseline 0 -12"><span class='ocrx_word' id='word_1_726' title='bbox 1383 2837 1531 2884; x_wconf 89' lang='lat' dir='ltr'>Quarto</span> <span class='ocrx_word' id='word_1_727' title='bbox 1560 2835 1660 2884; x_wconf 89' lang='lat' dir='ltr'>quia,</span> <span class='ocrx_word' id='word_1_728' title='bbox 1682 2843 1723 2872; x_wconf 93' lang='lat' dir='ltr'>ut</span> <span class='ocrx_word' id='word_1_729' title='bbox 1742 2836 1846 2872; x_wconf 89' lang='lat' dir='ltr'>Beda</span> <span class='ocrx_word' id='word_1_730' title='bbox 1874 2835 1972 2882; x_wconf 83' lang='lat' dir='ltr'>dicit,</span> <span class='ocrx_word' id='word_1_731' title='bbox 2001 2848 2111 2885; x_wconf 89' lang='lat' dir='ltr'>super</span> <span class='ocrx_word' id='word_1_732' title='bbox 2136 2838 2262 2874; x_wconf 89' lang='lat' dir='ltr'>Marc.</span> <span class='ocrx_word' id='word_1_733' title='bbox 2282 2836 2313 2881; x_wconf 74' lang='lat'>³¹²,</span> <span class='ocrx_word' id='word_1_734' title='bbox 2335 2837 2388 2873; x_wconf 90' lang='lat' dir='ltr'>la—</span> 
     </span>
     <span class='ocr_line' id='line_1_105' title="bbox 1331 2889 2390 2938; baseline -0.002 -11"><span class='ocrx_word' id='word_1_735' title='bbox 1331 2896 1454 2927; x_wconf 89' lang='lat' dir='ltr'>trones</span> <span class='ocrx_word' id='word_1_736' title='bbox 1482 2890 1545 2938; x_wconf 86' lang='lat' dir='ltr'>qui</span> <span class='ocrx_word' id='word_1_737' title='bbox 1570 2900 1654 2925; x_wconf 85' lang='lat' dir='ltr'>cum</span> <span class='ocrx_word' id='word_1_738' title='bbox 1680 2889 1845 2924; x_wconf 88' lang='lat' dir='ltr'>Domino</span> <span class='ocrx_word' id='word_1_739' title='bbox 1871 2890 2043 2936; x_wconf 86' lang='lat' dir='ltr'>crucfixi</span> <span class='ocrx_word' id='word_1_740' title='bbox 2065 2895 2158 2935; x_wconf 90' lang='lat' dir='ltr'>sunt,</span> <span class='ocrx_word' id='word_1_741' title='bbox 2177 2890 2390 2938; x_wconf 83' lang='lat' dir='ltr'>significant</span> 
     </span>
     <span class='ocr_line' id='line_1_106' title="bbox 1333 2940 2390 2991; baseline -0.001 -12"><span class='ocrx_word' id='word_1_742' title='bbox 1333 2955 1394 2980; x_wconf 90' lang='lat' dir='ltr'>eos</span> <span class='ocrx_word' id='word_1_743' title='bbox 1413 2943 1485 2991; x_wconf 83' lang='lat' dir='ltr'>qui,</span> <span class='ocrx_word' id='word_1_744' title='bbox 1500 2943 1567 2978; x_wconf 86' lang='lat' dir='ltr'>sub</span> <span class='ocrx_word' id='word_1_745' title='bbox 1574 2941 1658 2989; x_wconf 84' lang='lat' dir='ltr'>fide</span> <span class='ocrx_word' id='word_1_746' title='bbox 1671 2946 1704 2976; x_wconf 89' lang='lat' dir='ltr'>et</span> <span class='ocrx_word' id='word_1_747' title='bbox 1717 2941 1945 2988; x_wconf 90' lang='lat' dir='ltr'>consessione</span> <span class='ocrx_word' id='word_1_748' title='bbox 1962 2942 2106 2987; x_wconf 84' lang='lat' dir='ltr'>Christi,</span> <span class='ocrx_word' id='word_1_749' title='bbox 2125 2942 2184 2979; x_wconf 88' lang='lat' dir='ltr'>vel</span> <span class='ocrx_word' id='word_1_750' title='bbox 2201 2940 2390 2991; x_wconf 57' lang='lat' dir='ltr'>agonem‘</span> 
     </span>
     <span class='ocr_line' id='line_1_107' title="bbox 1331 2993 2390 3042; baseline -0.002 -10"><span class='ocrx_word' id='word_1_751' title='bbox 1331 2995 1506 3042; x_wconf 83' lang='lat' dir='ltr'>martyrii</span> <span class='ocrx_word' id='word_1_752' title='bbox 1531 2993 1590 3031; x_wconf 90' lang='lat' dir='ltr'>vel</span> <span class='ocrx_word' id='word_1_753' title='bbox 1616 2993 1793 3042; x_wconf 87' lang='lat' dir='ltr'>quaelibet</span> <span class='ocrx_word' id='word_1_754' title='bbox 1811 2994 1980 3030; x_wconf 87' lang='lat' dir='ltr'>arctioris</span> <span class='ocrx_word' id='word_1_755' title='bbox 2002 2993 2215 3042; x_wconf 88' lang='lat' dir='ltr'>disciplinae</span> <span class='ocrx_word' id='word_1_756' title='bbox 2233 2995 2390 3030; x_wconf 88' lang='lat' dir='ltr'>instituta</span> 
     </span>
     <span class='ocr_line' id='line_1_108' title="bbox 1331 3046 2390 3095; baseline -0.001 -11"><span class='ocrx_word' id='word_1_757' title='bbox 1331 3049 1495 3084; x_wconf 90' lang='lat' dir='ltr'>subeunt.</span> <span class='ocrx_word' id='word_1_758' title='bbox 1526 3046 1598 3082; x_wconf 85' lang='lat' dir='ltr'>Sed</span> <span class='ocrx_word' id='word_1_759' title='bbox 1624 3047 1687 3094; x_wconf 80' lang='lat' dir='ltr'>qui</span> <span class='ocrx_word' id='word_1_760' title='bbox 1711 3046 1781 3082; x_wconf 85' lang='lat' dir='ltr'>hoc</span> <span class='ocrx_word' id='word_1_761' title='bbox 1803 3058 1877 3094; x_wconf 89' lang='lat' dir='ltr'>pro</span> <span class='ocrx_word' id='word_1_762' title='bbox 1905 3051 2055 3082; x_wconf 89' lang='lat' dir='ltr'>aeterna</span> <span class='ocrx_word' id='word_1_763' title='bbox 2082 3046 2207 3095; x_wconf 81' lang='lat' dir='ltr'>gloria</span> <span class='ocrx_word' id='word_1_764' title='bbox 2233 3052 2370 3095; x_wconf 82' lang='lat' dir='ltr'>gerunt</span> <span class='ocrx_word' id='word_1_765' title='bbox 2379 3075 2390 3092; x_wconf 88' lang='lat'>,</span> 
     </span>
     <span class='ocr_line' id='line_1_109' title="bbox 1333 3098 2392 3147; baseline -0.002 -11"><span class='ocrx_word' id='word_1_766' title='bbox 1333 3100 1455 3137; x_wconf 88' lang='lat' dir='ltr'>dextri</span> <span class='ocrx_word' id='word_1_767' title='bbox 1471 3099 1625 3135; x_wconf 87' lang='lat' dir='ltr'>latronis</span> <span class='ocrx_word' id='word_1_768' title='bbox 1631 3098 1715 3146; x_wconf 88' lang='lat' dir='ltr'>fide</span> <span class='ocrx_word' id='word_1_769' title='bbox 1733 3098 1991 3147; x_wconf 84' lang='lat' dir='ltr'>designantur:</span> <span class='ocrx_word' id='word_1_770' title='bbox 2019 3100 2083 3147; x_wconf 85' lang='lat' dir='ltr'>qui</span> <span class='ocrx_word' id='word_1_771' title='bbox 2098 3111 2186 3135; x_wconf 87' lang='lat' dir='ltr'>vero</span> <span class='ocrx_word' id='word_1_772' title='bbox 2206 3100 2392 3136; x_wconf 86' lang='lat' dir='ltr'>humanae</span> 
     </span>
     <span class='ocr_line' id='line_1_110' title="bbox 1334 3150 2393 3196; baseline -0.001 -7"><span class='ocrx_word' id='word_1_773' title='bbox 1334 3152 1451 3189; x_wconf 89' lang='lat' dir='ltr'>laudis</span> <span class='ocrx_word' id='word_1_774' title='bbox 1481 3152 1629 3196; x_wconf 87' lang='lat' dir='ltr'>intuitu,</span> <span class='ocrx_word' id='word_1_775' title='bbox 1657 3151 1795 3187; x_wconf 88' lang='lat' dir='ltr'>sinistri</span> <span class='ocrx_word' id='word_1_776' title='bbox 1825 3150 1978 3187; x_wconf 90' lang='lat' dir='ltr'>latronis</span> <span class='ocrx_word' id='word_1_777' title='bbox 2011 3157 2169 3188; x_wconf 89' lang='lat' dir='ltr'>mentem</span> <span class='ocrx_word' id='word_1_778' title='bbox 2203 3153 2393 3188; x_wconf 86' lang='lat' dir='ltr'>imitantur</span> 
     </span>
     <span class='ocr_line' id='line_1_111' title="bbox 1335 3209 1507 3241; baseline -0.006 0"><span class='ocrx_word' id='word_1_779' title='bbox 1335 3211 1367 3241; x_wconf 91' lang='lat' dir='ltr'>et</span> <span class='ocrx_word' id='word_1_780' title='bbox 1395 3209 1507 3241; x_wconf 90' lang='lat' dir='ltr'>actus.</span> 
     </span>
    </p>

    <p class='ocr_par' dir='ltr' id='par_1_46' title="bbox 1335 3255 2393 3356">
     <span class='ocr_line' id='line_1_112' title="bbox 1387 3255 2393 3305; baseline 0 -13"><span class='ocrx_word' id='word_1_781' title='bbox 1387 3258 1444 3293; x_wconf 83' lang='lat' dir='ltr'>AD</span> <span class='ocrx_word' id='word_1_782' title='bbox 1474 3268 1607 3293; x_wconf 75' lang='lat' dir='ltr'>PRtMUM</span> <span class='ocrx_word' id='word_1_783' title='bbox 1636 3267 1733 3292; x_wconf 82' lang='lat' dir='ltr'>ERGO</span> <span class='ocrx_word' id='word_1_784' title='bbox 1760 3268 1941 3293; x_wconf 81' lang='lat' dir='ltr'>DICENDUM</span> <span class='ocrx_word' id='word_1_785' title='bbox 1961 3257 2079 3305; x_wconf 90' lang='lat' dir='ltr'>quod,</span> <span class='ocrx_word' id='word_1_786' title='bbox 2100 3256 2196 3294; x_wconf 90' lang='lat' dir='ltr'>sicut</span> <span class='ocrx_word' id='word_1_787' title='bbox 2220 3255 2393 3293; x_wconf 86' lang='lat' dir='ltr'>Christus</span> 
     </span>
     <span class='ocr_line' id='line_1_113' title="bbox 1335 3307 2392 3356; baseline 0 -10"><span class='ocrx_word' id='word_1_788' title='bbox 1335 3308 1508 3346; x_wconf 87' lang='lat' dir='ltr'>debitum</span> <span class='ocrx_word' id='word_1_789' title='bbox 1536 3307 1668 3345; x_wconf 90' lang='lat' dir='ltr'>mortis</span> <span class='ocrx_word' id='word_1_790' title='bbox 1696 3320 1776 3345; x_wconf 91' lang='lat' dir='ltr'>non</span> <span class='ocrx_word' id='word_1_791' title='bbox 1804 3308 1947 3356; x_wconf 88' lang='lat' dir='ltr'>habuit,</span> <span class='ocrx_word' id='word_1_792' title='bbox 1969 3309 2035 3346; x_wconf 91' lang='lat' dir='ltr'>sed</span> <span class='ocrx_word' id='word_1_793' title='bbox 2063 3309 2392 3346; x_wconf 26' lang='lat' dir='ltr'>mortemrvolun-</span> 
     </span>
    </p>
   </div>
   <div class='ocr_carea' id='block_1_36' title="bbox 1337 3438 2394 3500">
    <p class='ocr_par' dir='ltr' id='par_1_47' title="bbox 1337 3438 2394 3500">
     <span class='ocr_line' id='line_1_114' title="bbox 1387 3438 2394 3480; baseline -0.002 -16"><span class='ocrx_word' id='word_1_794' title='bbox 1387 3439 1412 3473; x_wconf 83' lang='grc' dir='ltr'>δ)</span> <span class='ocrx_word' id='word_1_795' title='bbox 1432 3439 1578 3480; x_wconf 70' lang='lat' dir='ltr'>insuitavit.</span> <span class='ocrx_word' id='word_1_796' title='bbox 1595 3453 1615 3458; x_wconf 82' lang='lat'>—-</span> <span class='ocrx_word' id='word_1_797' title='bbox 1633 3439 1724 3469; x_wconf 79' lang='lat' dir='ltr'>PFsB;</span> <span class='ocrx_word' id='word_1_798' title='bbox 1749 3439 1882 3464; x_wconf 81' lang='lat' dir='ltr'>exaltavit</span> <span class='ocrx_word' id='word_1_799' title='bbox 1907 3439 2015 3472; x_wconf 74' lang='lat' dir='ltr'>ADpBC</span> <span class='ocrx_word' id='word_1_800' title='bbox 2038 3444 2063 3463; x_wconf 83' lang='lat' dir='ltr'>et</span> <span class='ocrx_word' id='word_1_801' title='bbox 2086 3446 2110 3469; x_wconf 81' lang='lat' dir='ltr'>a,</span> <span class='ocrx_word' id='word_1_802' title='bbox 2134 3438 2269 3464; x_wconf 85' lang='lat' dir='ltr'>exultavit</span> <span class='ocrx_word' id='word_1_803' title='bbox 2292 3438 2350 3463; x_wconf 82' lang='lat' dir='ltr'>Esc</span> <span class='ocrx_word' id='word_1_804' title='bbox 2369 3443 2394 3462; x_wconf 90' lang='lat' dir='ltr'>et</span> 
     </span>
     <span class='ocr_line' id='line_1_115' title="bbox 1337 3480 1522 3500; baseline 0 -1"><span class='ocrx_word' id='word_1_805' title='bbox 1337 3480 1422 3500; x_wconf 79' lang='lat' dir='ltr'>cetera</span> <span class='ocrx_word' id='word_1_806' title='bbox 1440 3480 1522 3500; x_wconf 84' lang='lat' dir='ltr'>terna.</span> 
     </span>
    </p>
   </div>
   <div class='ocr_carea' id='block_1_37' title="bbox 1389 3509 2394 3579">
    <p class='ocr_par' dir='ltr' id='par_1_48' title="bbox 1389 3509 2394 3579">
     <span class='ocr_line' id='line_1_116' title="bbox 1390 3509 1925 3543; baseline 0 -9"><span class='ocrx_word' id='word_1_807' title='bbox 1390 3509 1413 3543; x_wconf 89' lang='grc' dir='ltr'>ε)</span> <span class='ocrx_word' id='word_1_808' title='bbox 1433 3510 1623 3535; x_wconf 77' lang='lat' dir='ltr'>diversitatem.</span> <span class='ocrx_word' id='word_1_809' title='bbox 1641 3523 1660 3528; x_wconf 90' lang='lat'><em>-</em></span> <span class='ocrx_word' id='word_1_810' title='bbox 1678 3510 1877 3535; x_wconf 80' lang='lat' dir='ltr'>universitatem</span> <span class='ocrx_word' id='word_1_811' title='bbox 1897 3510 1925 3534; x_wconf 86' lang='lat' dir='ltr'>P.</span> 
     </span>
     <span class='ocr_line' id='line_1_117' title="bbox 1389 3543 2394 3579; baseline -0.003 -9"><span class='ocrx_word' id='word_1_812' title='bbox 1389 3545 1415 3579; x_wconf 79' lang='grc' dir='ltr'>ζ)</span> <span class='ocrx_word' id='word_1_813' title='bbox 1434 3552 1555 3578; x_wconf 82' lang='lat' dir='ltr'>agonem.</span> <span class='ocrx_word' id='word_1_814' title='bbox 1567 3559 1586 3564; x_wconf 87' lang='lat'><em>-</em></span> <span class='ocrx_word' id='word_1_815' title='bbox 1599 3545 1679 3576; x_wconf 81' lang='lat' dir='ltr'>PFH;</span> <span class='ocrx_word' id='word_1_816' title='bbox 1698 3552 1792 3578; x_wconf 82' lang='lat' dir='ltr'>agone.</span> <span class='ocrx_word' id='word_1_817' title='bbox 1803 3560 1821 3564; x_wconf 97' lang='lat'>—</span> <span class='ocrx_word' id='word_1_818' title='bbox 1835 3545 1884 3570; x_wconf 86' lang='lat' dir='ltr'>Pro</span> <span class='ocrx_word' id='word_1_819' title='bbox 1903 3545 2039 3577; x_wconf 82' lang='lat' dir='ltr'>quaelibet,</span> <span class='ocrx_word' id='word_1_820' title='bbox 2055 3543 2170 3577; x_wconf 80' lang='lat' dir='ltr'>qualibet</span> <span class='ocrx_word' id='word_1_821' title='bbox 2183 3544 2252 3575; x_wconf 80' lang='lat' dir='ltr'>CEa,</span> <span class='ocrx_word' id='word_1_822' title='bbox 2267 3543 2352 3576; x_wconf 82' lang='lat' dir='ltr'>qualis</span> <span class='ocrx_word' id='word_1_823' title='bbox 2364 3543 2394 3567; x_wconf 87' lang='lat' dir='ltr'>E.</span> 
     </span>
    </p>
   </div>
   <div class='ocr_carea' id='block_1_38' title="bbox 2403 1424 2588 1530">
    <p class='ocr_par' dir='ltr' id='par_1_49' title="bbox 2403 1424 2588 1525">
     <span class='ocr_line' id='line_1_118' title="bbox 2404 1424 2587 1446; baseline 0.007 -1.196"><span class='ocrx_word' id='word_1_824' title='bbox 2404 1424 2450 1445; x_wconf 82' lang='lat' dir='ltr'>·L</span> <span class='ocrx_word' id='word_1_825' title='bbox 2451 1425 2482 1445; x_wconf 81' lang='lat' dir='ltr'>ib.</span> <span class='ocrx_word' id='word_1_826' title='bbox 2504 1427 2587 1446; x_wconf 84' lang='lat' dir='ltr'>contra</span> 
     </span>
     <span class='ocr_line' id='line_1_119' title="bbox 2403 1451 2587 1475; baseline 0 -3"><span class='ocrx_word' id='word_1_827' title='bbox 2403 1451 2503 1472; x_wconf 79' lang='lat' dir='ltr'>Iudaeos</span> <span class='ocrx_word' id='word_1_828' title='bbox 2530 1455 2587 1475; x_wconf 85' lang='lat' dir='ltr'>etc..</span> 
     </span>
     <span class='ocr_line' id='line_1_120' title="bbox 2403 1467 2588 1524; baseline -0.005 -25"><span class='ocrx_word' id='word_1_829' title='bbox 2403 1484 2432 1505; x_wconf 82' lang='lat' dir='ltr'>qu</span> <span class='ocrx_word' id='word_1_830' title='bbox 2419 1477 2466 1499; x_wconf 81' lang='lat' dir='ltr'>uad</span> <span class='ocrx_word' id='word_1_831' title='bbox 2480 1477 2537 1524; x_wconf 60' lang='lat' dir='ltr'>Chr:¹</span> <span class='ocrx_word' id='word_1_832' title='bbox 2533 1467 2588 1498; x_wconf 50' lang='lat' dir='ltr'>&#39;stui</span> 
     </span>
     <span class='ocr_line' id='line_1_121' title="bbox 2404 1504 2512 1530; baseline 0.013 -6.16"><span class='ocrx_word' id='word_1_833' title='bbox 2404 1505 2435 1525; x_wconf 70' lang='lat' dir='ltr'>sit</span> <span class='ocrx_word' id='word_1_834' title='bbox 2442 1504 2512 1530; x_wconf 83' lang='lat' dir='ltr'>Deus,</span> 
     </span>
    </p>
   </div>
   <div class='ocr_carea' id='block_1_39' title="bbox 2406 1686 2616 1740">
    <p class='ocr_par' dir='ltr' id='par_1_50' title="bbox 2406 1686 2616 1740">
     <span class='ocr_line' id='line_1_122' title="bbox 2406 1686 2616 1708; baseline -0.005 0"><span class='ocrx_word' id='word_1_835' title='bbox 2406 1689 2415 1698; x_wconf 73' lang='lat'><em>⁹</em></span> <span class='ocrx_word' id='word_1_836' title='bbox 2429 1687 2561 1708; x_wconf 75' lang='lat' dir='ltr'>Commeat.</span> <span class='ocrx_word' id='word_1_837' title='bbox 2575 1686 2616 1708; x_wconf 83' lang='lat' dir='ltr'>lib.</span> 
     </span>
     <span class='ocr_line' id='line_1_123' title="bbox 2406 1713 2616 1740; baseline 0 -6"><span class='ocrx_word' id='word_1_838' title='bbox 2406 1713 2447 1737; x_wconf 73' lang='lat' dir='ltr'>IV,</span> <span class='ocrx_word' id='word_1_839' title='bbox 2454 1713 2482 1734; x_wconf 78' lang='lat' dir='ltr'>ad</span> <span class='ocrx_word' id='word_1_840' title='bbox 2490 1719 2541 1740; x_wconf 75' lang='lat' dir='ltr'>cap.</span> <span class='ocrx_word' id='word_1_841' title='bbox 2548 1718 2616 1739; x_wconf 83' lang='lat' dir='ltr'>xxvn,</span> 
     </span>
    </p>
   </div>
   <div class='ocr_carea' id='block_1_40' title="bbox 2406 1746 2512 1767">
    <p class='ocr_par' dir='ltr' id='par_1_51' title="bbox 2406 1746 2512 1767">
     <span class='ocr_line' id='line_1_124' title="bbox 2406 1746 2512 1767; baseline 0 -7"><span class='ocrx_word' id='word_1_842' title='bbox 2406 1746 2465 1761; x_wconf 83' lang='lat' dir='ltr'>vers.</span> <span class='ocrx_word' id='word_1_843' title='bbox 2479 1746 2512 1767; x_wconf 84' lang='lat'>33.</span> 
     </span>
    </p>
   </div>
   <div class='ocr_carea' id='block_1_41' title="bbox 2433 1951 2619 1976">
    <p class='ocr_par' dir='ltr' id='par_1_52' title="bbox 2433 1951 2619 1976">
     <span class='ocr_line' id='line_1_125' title="bbox 2433 1951 2619 1976; baseline 0 -3"><span class='ocrx_word' id='word_1_844' title='bbox 2433 1952 2507 1973; x_wconf 75' lang='lat' dir='ltr'>Sei-m.</span> <span class='ocrx_word' id='word_1_845' title='bbox 2526 1951 2574 1976; x_wconf 85' lang='lat' dir='ltr'>LV.</span> <span class='ocrx_word' id='word_1_846' title='bbox 2590 1952 2619 1973; x_wconf 77' lang='lat' dir='ltr'>al.</span> 
     </span>
    </p>
   </div>
   <div class='ocr_carea' id='block_1_42' title="bbox 2409 1978 2621 2006">
    <p class='ocr_par' dir='ltr' id='par_1_53' title="bbox 2409 1978 2621 2006">
     <span class='ocr_line' id='line_1_126' title="bbox 2409 1978 2621 2006; baseline 0 -7"><span class='ocrx_word' id='word_1_847' title='bbox 2409 1978 2438 1999; x_wconf 84' lang='lat' dir='ltr'>de</span> <span class='ocrx_word' id='word_1_848' title='bbox 2444 1978 2621 2006; x_wconf 70' lang='lat' dir='ltr'>Pass.1V‚cap.i.</span> 
     </span>
    </p>
   </div>
   <div class='ocr_carea' id='block_1_43' title="bbox 2411 2160 2607 2183">
    <p class='ocr_par' dir='ltr' id='par_1_54' title="bbox 2411 2160 2607 2183">
     <span class='ocr_line' id='line_1_127' title="bbox 2411 2160 2607 2183; baseline -0.005 -1"><span class='ocrx_word' id='word_1_849' title='bbox 2411 2163 2420 2171; x_wconf 79' lang='lat'>⁸</span> <span class='ocrx_word' id='word_1_850' title='bbox 2433 2161 2510 2183; x_wconf 79' lang='lat' dir='ltr'>Tract.</span> <span class='ocrx_word' id='word_1_851' title='bbox 2525 2160 2607 2182; x_wconf 79' lang='lat' dir='ltr'>XXXI.</span> 
     </span>
    </p>
   </div>
   <div class='ocr_carea' id='block_1_44' title="bbox 2412 2479 2584 2552">
    <p class='ocr_par' dir='ltr' id='par_1_55' title="bbox 2412 2479 2584 2552">
     <span class='ocr_line' id='line_1_128' title="bbox 2413 2479 2584 2500; baseline 0 -1"><span class='ocrx_word' id='word_1_852' title='bbox 2413 2479 2422 2488; x_wconf 81' lang='lat'>⁸</span> <span class='ocrx_word' id='word_1_853' title='bbox 2429 2479 2553 2500; x_wconf 82' lang='lat' dir='ltr'>comment.</span> <span class='ocrx_word' id='word_1_854' title='bbox 2559 2479 2584 2500; x_wconf 85' lang='lat' dir='ltr'>in</span> 
     </span>
     <span class='ocr_line' id='line_1_129' title="bbox 2413 2505 2583 2532; baseline 0 -6"><span class='ocrx_word' id='word_1_855' title='bbox 2413 2505 2495 2526; x_wconf 70' lang='lat' dir='ltr'>Manli.</span> <span class='ocrx_word' id='word_1_856' title='bbox 2500 2521 2509 2531; x_wconf 79' lang='lat'>,</span> <span class='ocrx_word' id='word_1_857' title='bbox 2533 2511 2583 2532; x_wconf 78' lang='lat' dir='ltr'>cap.</span> 
     </span>
     <span class='ocr_line' id='line_1_130' title="bbox 2412 2537 2494 2552; baseline 0 0"><span class='ocrx_word' id='word_1_858' title='bbox 2412 2538 2441 2552; x_wconf 86' lang='lat' dir='ltr'>xx</span> <span class='ocrx_word' id='word_1_859' title='bbox 2445 2537 2494 2552; x_wconf 84' lang='lat' dir='ltr'>xiii.</span> 
     </span>
    </p>
   </div>
   <div class='ocr_carea' id='block_1_45' title="bbox 2416 2841 2627 2896">
    <p class='ocr_par' dir='ltr' id='par_1_56' title="bbox 2416 2841 2627 2896">
     <span class='ocr_line' id='line_1_131' title="bbox 2416 2841 2626 2869; baseline -0.01 -4.857"><span class='ocrx_word' id='word_1_860' title='bbox 2416 2841 2626 2869; x_wconf 75' lang='lat' dir='ltr'>‘Exposit.lib.1v‚</span> 
     </span>
     <span class='ocr_line' id='line_1_132' title="bbox 2416 2870 2627 2896; baseline -0.009 -6"><span class='ocrx_word' id='word_1_861' title='bbox 2416 2870 2444 2890; x_wconf 81' lang='lat' dir='ltr'>ad</span> <span class='ocrx_word' id='word_1_862' title='bbox 2460 2875 2509 2896; x_wconf 76' lang='lat' dir='ltr'>cap.</span> <span class='ocrx_word' id='word_1_863' title='bbox 2520 2874 2557 2895; x_wconf 84' lang='lat' dir='ltr'>xv,</span> <span class='ocrx_word' id='word_1_864' title='bbox 2567 2873 2627 2889; x_wconf 78' lang='lat' dir='ltr'>vers.</span> 
     </span>
    </p>
   </div>
  </div>
 </body>
</html>
