2872 3970
155 877 218 899 ⁸Cf.
238 883 278 905 qu

155 904 217 926 trod

393 271 463 307 166

1111 271 1374 319 QUAESTIO
1403 271 1487 318 xn,
1517 269 1808 308 A-ercums
1828 270 1851 306 21

1021 485 1433 565 QUAESTIO
1471 485 1950 541 DUODECIMA
2429 541 2432 544 ,

492 609 576 650 DE
610 608 891 650 scffiNT1A
925 608 1163 649 ANIMAE
1197 605 1437 648 CHRISTI
1471 604 1802 657 AcomsffA
1834 604 1956 646 VEL
1989 571 2505 649 ἘΧΡΕιὶιινιιῑικιτιιι,ἰἼ

1187 724 1220 749 IN
1250 722 1423 753 QUATUOR
1449 720 1649 746 ARTICULOS
1677 720 1789 746 DIVISA

331 831 588 913 InDElNDE
617 820 944 857 considerandum
973 828 1027 856 est
1047 820 1094 856 de
1123 818 1278 856 scientia
1308 817 1460 856 animae
1484 815 1488 853 Ι

483 872 622 910 Christi
651 872 835 922 acquisita
862 874 924 909 vel
952 872 1239 922 experimentali
1258 871 1288 909 *.

398 927 447 964 Et
475 926 574 963 circa
602 926 678 963 hoc
706 933 946 975 quaeruntur
974 934 1151 975 quatuor.

425 1010 431 1018 .
451 979 601 1016 Primo:
628 987 759 1016 utrum
779 979 995 1016 secundum
1016 980 1116 1016 hanc
1136 978 1333 1016 scientiam
1354 979 1463 1016 Chri-

506 1040 585 1069 stus
614 1032 837 1080 cognoverit
865 1031 1008 1069 omnia.

1569 815 1771 852 Secundo:
1801 823 1932 853 utrum
1961 815 2000 852 in
2028 817 2102 854 hac
2129 811 2284 854 scientia
2310 816 2522 867 profecerit.

1569 894 1722 931 Tertio:
1753 902 1885 932 utrum
1914 894 2057 944 aliquid
2086 896 2134 933 ab
2163 896 2322 934 homine
2341 896 2523 935 didicerit.

1570 974 1740 1021 Quarto:
1770 981 1902 1011 utrum
1930 974 2117 1024 acceperit
2136 974 2280 1025 aliquid
2299 975 2348 1013 ab
2367 975 2520 1024 angelis.

1216 1142 1534 1185 ARTICULUS
1566 1143 1771 1186 PRIMUS

617 1236 775 1268 UTRUM
798 1236 1039 1268 SECUNDUM
1062 1236 1719 1312 SCIENTIAgMfflffssIgglgiigvggssr
1727 1237 2129 1270 EXPERIMENTALEM
2153 1238 2367 1271 CHRISTUS

442 1413 466 1430 ,ι
490 1396 498 1411 ι
615 1391 637 1415 ι)
666 1390 802 1415 Palmum
830 1390 882 1415 s1c
911 1389 1147 1415 PROCEDITUR.
1177 1378 1338 1416 Videtur
1359 1379 1467 1428 quod

452 1424 588 1542 αηὶἳῇ
617 1428 836 1468 secundum'
853 1431 953 1467 hanc
973 1430 1169 1468 scientiam
1191 1431 1365 1469 Christus
1388 1443 1468 1469 non

618 1484 749 1521 omnia
764 1483 954 1532 cognovit.
976 1483 1213 1521 Huiusmodi
1229 1484 1333 1521 enim
1349 1484 1468 1522 scien-

594 1537 667 1574 tia
705 1548 774 1586 per
812 1537 1100 1586 experientiam⁴
1128 1537 1347 1586 acquiritur.
1391 1538 1468 1575 Sed

404 1591 579 1629 Christus
616 1602 697 1627 non
735 1589 867 1627 omnia
904 1598 1082 1639 expertus
1119 1598 1184 1627 est.
1228 1591 1320 1627 Non
1358 1590 1469 1639 igitur

404 1644 536 1682 omnia
565 1643 780 1680 secundum
812 1643 912 1680 hanc
940 1643 1137 1680 scientiam
1166 1643 1285 1680 scivit.

460 1710 494 1734 2.
515 1698 748 1743 PRAETEREA,
764 1696 961 1734 scientiam
981 1697 1141 1746 acquirit
1160 1697 1281 1734 homo
1297 1709 1366 1746 per
1385 1709 1469 1734 sen-

405 1763 504 1788 sum.
536 1750 612 1787 Sed
641 1762 721 1786 non
750 1749 883 1786 omnia
911 1749 1103 1786 sensibilia
1131 1750 1308 1787 sensibus
1332 1762 1469 1800 corpo-

405 1804 548 1842 ralibus
578 1802 718 1840 Christi
745 1803 899 1840 fuerunt
927 1803 1106 1840 subiecta.
1146 1804 1239 1840 Non
1274 1802 1387 1850 igitur
1414 1816 1470 1840 se-

406 1857 582 1895 cundum
611 1856 711 1892 hanc
739 1855 935 1893 scientiam
965 1856 1097 1893 omnia
1125 1855 1316 1904 cognovit.

463 1910 496 1946 3.
525 1910 757 1955 PRAETEREA,
779 1908 968 1958 quantitas
988 1908 1165 1946 scientiae
1190 1909 1396 1946 attenditur
1414 1921 1470 1946 se-

407 1963 582 2001 cundum
603 1961 756 1999 scibilia.
789 1962 828 1999 Si
857 1962 968 2010 igitur
987 1961 1204 1999 secundum
1224 1963 1325 1999 hanc
1353 1961 1471 1999 scien-

407 2016 497 2054 tiam
522 2014 695 2052 Christus
715 2015 847 2053 omnia
871 2014 1049 2062 scivisset,
1072 2023 1168 2052 esset
1187 2015 1226 2051 in
1251 2027 1298 2052 eo
1318 2015 1472 2052 scientia

408 2068 593 2118 acquisita
630 2069 799 2117 aequalis
834 2068 1010 2105 scientiae
1048 2069 1194 2105 infusae
1231 2076 1268 2104 et
1295 2067 1472 2105 scientiae
1499 2088 1501 2102 ι

400 2124 560 2160 beatae:
592 2122 700 2170 quod
720 2130 774 2158 est
797 2121 1085 2158 inconveniens.
1115 2122 1208 2158 Non
1229 2133 1318 2169 ergo
1339 2133 1474 2158 secun-

409 2177 506 2213 dum
535 2176 635 2211 hanc
664 2174 860 2212 scientiam
891 2175 1064 2212 Christus
1093 2174 1225 2211 omnia
1253 2174 1372 2211 scivit.

465 2229 538 2266 SED
568 2239 712 2264 CONTRA
740 2240 805 2265 EsT
841 2228 947 2277 quod
985 2227 1079 2264 nihil
1111 2227 1379 2277 imperfectum
1407 2227 1475 2264 fuit

410 2282 449 2319 in
480 2280 631 2318 Christo
661 2281 927 2329 quantum-ad
955 2281 1138 2318 animam.
1169 2281 1317 2317 Fuisset
1345 2288 1475 2318 autem

411 2334 631 2384 imperfecta
660 2335 755 2370 haec
783 2334 865 2371 eius
894 2334 1060 2382 scientia,
1084 2333 1115 2370 si
1143 2334 1360 2371 secundum
1389 2346 1475 2371 eam

411 2400 492 2425 non
521 2386 690 2424 scivisset
718 2387 870 2424 omnia:
909 2387 999 2436 quia
1028 2387 1295 2437 imperfectum
1332 2394 1387 2423 est
1414 2386 1477 2424 cui

378 2448 536 2501 -potest
555 2439 638 2477 fieri
658 2440 801 2477 additio
815 2440 845 2477 ²¹⁸.
877 2441 978 2489 Ergo
999 2440 1213 2477 secundum
1236 2441 1337 2477 hanc
1356 2439 1477 2477 scien-

373 2495 504 2531 -tiam
534 2493 708 2530 Christus
738 2493 871 2531 omnia
899 2493 1018 2531 scivit.

465 2549 690 2584 RESPONDEO
705 2559 886 2584 ῡιοΕΝουΜ
907 2547 1015 2596 quod
1035 2545 1189 2583 scientia
1206 2545 1390 2595 acquisita
1409 2558 1478 2595 po-

413 2600 516 2638 nitur
534 2599 573 2636 in
593 2599 723 2636 anima
744 2599 894 2645 Christi,
913 2607 955 2636 ut
974 2612 1090 2648 supra
1103 2599 1123 2621 ’¹‘
1143 2599 1286 2636 dictum
1308 2607 1374 2646 est,
1390 2611 1478 2648 pro-

413 2662 496 2704 pter
533 2652 844 2690 convenientiam
881 2652 1091 2690 intellectus
1119 2652 1281 2700 agentis,
1311 2664 1360 2688 ne
1396 2652 1479 2689 eius

413 2707 511 2744 actio
532 2706 577 2743 sit
596 2706 728 2753 otiosa,
750 2711 865 2755 qua‘2
887 2705 973 2743 facit
992 2704 1234 2753 intelligibilia
1254 2713 1360 2742 actu:
1383 2704 1479 2742 sicut
1504 2714 1506 2718 ’

413 2760 528 2797 etiam
558 2759 713 2796 scientia
740 2758 858 2796 indita
877 2761 939 2796 vel
960 2758 1083 2795 infusa
1110 2758 1269 2807 ponitur
1288 2757 1327 2795 in
1349 2757 1479 2796 anima
1504 2779 1506 2784 ⁴

415 2812 554 2850 Christi
569 2812 617 2849 acl
632 2812 906 2861 perfectionem
925 2812 1135 2849 intellectus
1150 2811 1350 2861 possibilis.
1373 2811 1479 2848 Sicut

413 2874 544 2904 autem
564 2865 774 2902 intellectus
792 2865 982 2915 possibilis
1001 2874 1056 2902 est
1076 2877 1147 2914 quo
1167 2871 1217 2901 est
1236 2866 1363 2901 omnia
1370 2866 1476 2912 fieri,

413 2919 463 2956 ita
491 2919 700 2956 intellectus
721 2930 836 2967 agens
865 2927 919 2955 est
947 2931 1019 2969 quo
1039 2924 1090 2955 est
1108 2920 1236 2955 omnia
1253 2919 1409 2966 facere:
1436 2925 1478 2954 ut

173 2973 256 3022 gfff:
270 2979 365 3021 fgc31¹¹j
378 2985 388 2989 ·
414 2972 551 3009 dicitur
570 2972 608 3008 in
628 2973 672 3009 ΙΙΙ
692 2972 738 3009 de
755 2973 896 3009 Anima
910 2971 940 3008 ²¹².
967 2973 1015 3009 Et
1034 2971 1134 3015 ideo,
1156 2970 1251 3008 sicut
1269 2983 1340 3020 per
1358 2970 1477 3007 scien-

413 3026 504 3062 tiam
534 3025 694 3062 inditam
723 3025 831 3062 scivit
859 3025 988 3062 anima
1011 3024 1149 3062 Christi
1178 3023 1311 3061 omnia
1339 3023 1401 3060 illa
1429 3024 1476 3060 ad

414 3091 513 3128 quae
542 3078 752 3115 intellectus
776 3078 965 3127 possibilis
994 3086 1048 3115 est
1076 3089 1327 3127 quocumque
1356 3077 1476 3114 modo

467 3202 495 3234 a)
514 3209 576 3234 qua.
593 3215 612 3220 —-
630 3209 698 3233 quae
717 3202 808 3227 PFl-la.

467 3237 492 3271 β)
513 3237 625 3262 devenit.
643 3251 661 3255 —
680 3241 768 3261 tamen
788 3237 894 3262 devenit
913 3237 987 3262 ΑΒΕ.

1520 1379 1559 1416 in
1587 1379 1775 1429 potentia,
1805 1379 1855 1417 ita
1888 1392 1957 1430 per
1985 1379 2182 1418 scientiam
2216 1379 2441 1430 acquisitam
2476 1379 2585 1421 scivit

1521 1431 1654 1470 omnia
1681 1432 1743 1470 illa
1771 1445 1871 1482 quae
1905 1441 2067 1482 possunt
2095 1432 2180 1471 sciri
2207 1445 2276 1483 per
2308 1433 2500 1472 actionem
2526 1433 2584 1474 in-

1519 1487 1692 1522 tellectus
1721 1485 1875 1533 agentis.

1574 1539 1632 1575 Ao
1661 1550 1797 1576 ΡκιΜυΜ
1816 1550 1914 1576 ERGO
1934 1550 2115 1577 mcENDUM
2144 1539 2251 1588 quod
2281 1539 2436 1577 scientia
2454 1551 2585 1579 rerum

1522 1590 1668 1640 acquiri
1696 1598 1820 1640 potest
1839 1603 1920 1628 non
1948 1593 2075 1629 solum
2098 1603 2168 1641 per
2187 1592 2460 1641 experientiam
2487 1592 2586 1645 ipsa-

1522 1655 1632 1682 rum
1669 1644 1737 1681 sed
1774 1643 1888 1682 etiam
1924 1657 1995 1694 per
2031 1644 2304 1704 experientiam
2341 1645 2587 1697 quarundam

1522 1684 1687 1734 aliarum
1715 1709 1864 1734 rerum:
1895 1709 1987 1735 cum
2015 1710 2061 1735 ex
2088 1697 2227 1735 virt'ute
2255 1697 2412 1736 luminis
2445 1698 2588 1741 intelle·

1522 1758 1606 1787 ctus
1634 1750 1778 1798 agentis
1814 1750 1934 1800 possit
1970 1751 2092 1788 homo
2124 1751 2334 1800 procedere
2371 1751 2421 1789 ad
2456 1751 2588 1795 intellip

1521 1803 1694 1851 gendum
1724 1804 1883 1840 effectus
1910 1815 1980 1853 per
2007 1816 2152 1851 causas,
2174 1812 2210 1842 et
2237 1816 2373 1842 causas
2399 1816 2471 1854 per
2497 1803 2588 1849 effe—

1524 1864 1618 1900 ctus,
1640 1864 1676 1893 et
1703 1856 1840 1893 similia
1868 1868 1938 1905 per
1965 1856 2113 1903 similia,
2134 1865 2170 1894 et
2189 1857 2378 1895 contraria
2399 1869 2471 1907 per
2497 1856 2588 1905 coh-

1523 1908 1647 1946 traria
1679 1909 1743 1946 Sic
1770 1909 1892 1957 igitur,
1913 1909 1998 1946 licet
2018 1909 2192 1948 Christus
2219 1923 2300 1948 non
2327 1910 2438 1948 fuerit
2457 1910 2590 1952 omnia

1525 1970 1723 2011 expertuS,
1760 1975 1807 1999 ex
1841 1962 1900 1999 his
1934 1970 2064 2000 tamen
2099 1975 2198 2012 quae
2234 1971 2412 2013 expertus
2446 1971 2521 2012 est,
2549 1963 2610 2021 in,

1525 2014 1705 2052 omnium
1733 2015 1887 2052 devenit
1906 2014 1921 2045 β
1948 2015 2132 2053 notitiam.

1579 2070 1636 2105 AD
1665 2080 1854 2106 SECUNDUM
1882 2080 2063 2107 mcENDUM
2083 2070 2202 2118 quod,
2223 2069 2308 2106 licet
2326 2069 2591 2121 corporalibus

1526 2121 1702 2158 sensibus
1723 2121 1862 2158 Christi
1891 2133 1971 2158 non
1989 2122 2128 2159 fuerint
2156 2122 2326 2160 subiecta
2347 2123 2479 2161 omnia
2506 2134 2591 2162 sen-

1527 2174 1659 2220 sibilia,
1689 2174 1843 2211 fuerunt
1870 2182 2001 2212 tamen
2030 2175 2206 2212 sensibus
2225 2175 2307 2213 eius
2329 2176 2500 2217 subiecta
2524 2175 2591 2226 811-

1528 2240 1606 2277 qua
1639 2227 1831 2265 sensibilia
1868 2240 1914 2264 ex
1949 2227 2110 2277 quibus,
2140 2236 2297 2279 propter
2329 2228 2592 2271 excellentissi-

1529 2293 1635 2318 mam
1664 2279 1745 2317 vim
1774 2280 1929 2318 rationis
1957 2281 2050 2328 eius,
2079 2281 2204 2331 potuit
2230 2282 2269 2319 in
2302 2282 2468 2320 aliorum
2494 2282 2592 2323 noti-

1527 2334 1620 2371 tiam
1649 2333 1830 2371 devenire
1857 2346 1927 2383 per
1954 2335 2120 2372 modum
2147 2335 2387 2384 praedictum
2405 2335 2436 2372 ⁸⁸.
2474 2335 2591 2384 Sicut,

1527 2387 1698 2424 videndo
1719 2399 1882 2436 corpora
1908 2387 2092 2432 caelestia,
2112 2387 2236 2437 potuit
2263 2386 2592 2439 comprehendere

1530 2452 1668 2477 eorum
1696 2439 1864 2486 virtutes,
1896 2448 1932 2477 et
1958 2441 2116 2477 effectus
2150 2453 2250 2489 quos
2277 2441 2420 2479 habent
2447 2440 2487 2479 in
2515 2441 2593 2481 istis

1529 2493 1782 2540 inferioribus,
1812 2493 1879 2542 qui
1907 2493 1990 2530 eius
2018 2493 2193 2531 sensibus
2220 2505 2301 2531 non
2333 2494 2591 2537 subiacebunt.

1528 2547 1587 2593 Et,
1604 2547 1742 2583 eadem
1763 2546 1920 2592 ratione,
1937 2558 1983 2583 ex
2003 2546 2318 2596 quibuscumque
2339 2547 2421 2585 aliis
2442 2547 2482 2587 in
2502 2547 2594 2586 alio-

1531 2611 1619 2636 rum
1647 2599 1822 2636 notitiam
1851 2599 2031 2636 devenire
2059 2599 2194 2649 potu'it.

1585 2654 1641 2689 Ao
1669 2664 1828 2689 τεκτιυΜ
1864 2663 2046 2690 monimum
2083 2653 2191 2702 quod
2229 2653 2445 2692 secundum
2482 2653 2595 2692 istam

1531 2705 1727 2742 scientiam
1755 2705 1885 2742 anima
1905 2705 2043 2742 Christi
2072 2718 2152 2743 non
2174 2705 2394 2756 simpliciter
2415 2706 2596 2757 cognovit

1531 2757 1682 2796 omnia:
1713 2758 1781 2794 sed
1809 2757 1871 2795 illa
1899 2758 2031 2795 omnia
2059 2771 2159 2808 quae
2188 2771 2258 2808 per
2285 2761 2418 2798 lumen
2438 2759 2594 2803 ,intelle-

1530 2819 1613 2848 ctus
1641 2810 1786 2858 agentis
1814 2811 1983 2848 hominis
2002 2817 2017 2840 Υ
2046 2820 2134 2849 sunt
2162 2811 2442 2861 cognoscibilia.
2482 2812 2594 2851 Unde

1530 2876 1599 2913 per
1626 2864 1727 2901 hanc
1755 2863 1950 2901 scientiam
1978 2877 2059 2902 non
2087 2865 2268 2914 cognovit
2295 2865 2476 2905 essentias
2505 2865 2594 2903 sub-

1530 2916 1754 2954 stantiarum
1797 2925 2080 2966 separatarum,
2123 2930 2195 2955 nec
2236 2918 2350 2956 etiam
2391 2917 2594 2967 singularia

1529 2969 1729 3019 praeterita
1749 2967 1762 2991 0
1782 2971 1843 3006 vel
1862 2971 2000 3008 futura.
2041 2971 2154 3018 Quae
2173 2979 2303 3010 tamen
2321 2970 2502 3022 cognovit
2523 2982 2630 3025 per

1531 3022 1726 3060 scientiam
1755 3023 1952 3060 inditam*
1954 3053 1962 3071 ,
1992 3032 2035 3061 ut
2062 3036 2179 3074 supra
2196 3023 2237 3046 *⁸*
2264 3023 2409 3064 dictum
2436 3031 2502 3061 est.

1584 3203 1611 3233 γ)
1631 3200 1752 3225 hominis.
1771 3214 1789 3218 -
1808 3200 1910 3224 homini
1927 3199 1947 3224 F
1966 3205 1991 3224 et
2009 3199 2082 3225 tertia
2103 3198 2240 3232 praeteri.

1583 3234 1608 3270 ὃ)
1624 3235 1784 3268 praeterita.
1801 3250 1821 3254 -
1835 3235 1991 3268 praesentia
2010 3235 2079 3260 addit
2097 3235 2183 3266 tertium
2201 3241 2249 3268 pm
2262 3233 2311 3263 vel,
2325 3237 2352 3259 et
2370 3234 2443 3259 tertia
2461 3239 2563 3266 praeter
2575 3234 2593 3260 1.

1091 3316 1424 3349 Commentaria
1446 3316 1696 3349 Cardinalis
1719 3316 1921 3348 Caietani

418 3406 582 3468 Tiri-Lus
606 3397 707 3426 clarus
732 3402 786 3426 est.
807 3415 830 3418 -
854 3397 887 3426 In
919 3406 1054 3436 corpore
1078 3397 1199 3427 articuli
1224 3398 1318 3427 unica
1335 3403 1381 3428 est
1404 3407 1481 3428 con-

478 3441 578 3470 clusio
610 3441 792 3480 responsiva
824 3441 984 3480 quaesito:
1011 3441 1127 3470 Anima
1157 3441 1278 3471 Christi
1295 3451 1358 3481 per
1379 3441 1480 3471 scien-

417 3484 493 3513 tiam
518 3484 706 3524 acquisitam
732 3485 824 3514 scivit
840 3485 948 3514 omnia
974 3485 1031 3514 illa
1055 3494 1137 3524 quae
1147 3490 1286 3524 possunt
1302 3495 1365 3525 per
1380 3485 1480 3515 actio-

1534 3397 1701 3437 possibssis,
1720 3402 1749 3427 et
1773 3397 1959 3436 acquisitam
1984 3400 2128 3435 respectu
2152 3393 2329 3424 intellectus
2353 3395 2482 3434 agentis.
2510 3395 2593 3426 Nam

1533 3442 1614 3472 sicut
1644 3441 1696 3471 illa
1720 3441 1851 3480 ponitur
1873 3444 2003 3480 propter
2031 3437 2262 3479 perfectionem
2286 3439 2447 3478 potentiae
2470 3439 2592 3470 intelle-

1534 3490 1603 3515 ctus
1632 3485 1806 3524 possibilis,
1831 3485 1873 3514 ita
1902 3484 1959 3514 ista
1983 3487 2113 3523 propter
2145 3482 2401 3512 convenientiam
2432 3484 2593 3522 potentiae

418 3537 488 3557 nem
518 3528 695 3557 intellectus
723 3528 849 3569 agentis
872 3529 958 3558 sciri.
1002 3528 1156 3557 Probatur
1180 3538 1217 3557 cx
1248 3528 1479 3567 proportionali
1534 3529 1653 3558 activae
1677 3528 1855 3558 intellectus
1884 3527 2013 3566 agentis.
2037 3525 2077 3556 Et
2100 3525 2190 3561 ideo,
2215 3525 2296 3555 sicut
2320 3525 2372 3556 illa
2396 3537 2428 3557 se
2454 3527 2593 3558 extendit

416 3571 623 3601 similitudine
656 3573 736 3601 inter
762 3572 923 3601 scientiam
957 3570 1093 3601 infusam
1125 3578 1269 3610 respectu
1301 3572 1480 3602 intellectus
1533 3571 1572 3602 ad
1603 3573 1711 3602 omnia
1735 3572 1775 3602 ad
1799 3581 1881 3611 quae
1905 3580 1937 3601 se
1969 3569 2108 3600 extendit
2138 3569 2295 3609 possibilis
2326 3571 2502 3602 intellectus
2534 3581 2593 3612 po-

2620 2343 2631 2353 ·
2645 2341 2670 2365 ln
2685 2347 2746 2371 ηερ.
2761 2340 2790 2364 td
2808 2348 2837 2378 1.,ι

2718 2823 2735 2849 Υ

2717 2952 2733 2978 δ
2833 2964 2841 2984 Ι;

2622 2986 2672 3009 ’D-
2689 2991 2750 3015 1217.
2762 2980 2832 3013 ’.ἦ

2619 3043 2662 3063 nn
2678 3046 2697 3068 ι,
2711 3040 2812 3070 oda).
