2872 3970
486 292 561 328 322

483 378 587 406 ctum
616 376 681 415 est,
710 379 850 417 corpus
870 365 1008 404 Christi
1035 364 1131 402 fuit
1123 376 1161 400 in
1181 363 1307 399 Adam
1326 361 1541 398 secundum

483 423 747 471 corpulentam
775 418 1039 465 substantiam,
1069 416 1160 466 quia
1188 415 1327 452 scilicet
1354 414 1436 463 ipsa
1464 425 1542 450 ma-

482 474 574 511 teria
592 473 799 523 corporalis
818 478 833 500 Υ
853 470 1023 520 corporis
1052 468 1191 507 Christi
1214 467 1383 504 derivata
1411 473 1466 503 est
1493 466 1541 502 ab

483 527 622 564 Adam.
653 538 733 563 non
752 533 882 563 autem
908 523 977 560 fuit
995 522 1047 560 ibi
1074 520 1290 559 secundum
1317 518 1542 556 seminalem

534 659 561 693 γ)
580 658 737 691 corpor-asts.
754 671 774 676 -
791 657 852 682 Om.
875 656 904 682 P.

1153 740 1487 773 Commentario»
1509 737 1760 772 Cardinalis
1781 739 1982 772 Caietam

542 847 646 867 nurus
663 836 773 867 clarus.
789 852 812 856 -
828 834 863 864 In
879 842 1014 873 corpore
1040 841 1103 862 una
1128 831 1312 861 conclusio:
1340 829 1540 860 Conveniens

483 849 563 922 Tf
557 880 604 911 uit
627 885 662 910 ut
685 879 830 909 Christus
852 886 981 907 carnem
1003 880 1143 906 sumeret
1164 884 1206 905 ex
1224 873 1360 904 materia
1381 883 1422 903 ex
1436 872 1540 903 Adam

481 925 636 955 derivata.
661 923 823 953 Probatur.
849 921 992 951 Christus
1015 918 1184 958 assumpsit
1206 923 1352 948 naturam
1367 918 1542 948 humanam

482 975 516 999 ut
539 977 609 999 eam
632 977 651 997 a
673 966 878 1005 corruptione
901 969 1059 1014 purgaret.
1094 963 1180 1002 Ergo
1203 961 1373 1002 assumpsit
1396 970 1467 992 eam
1491 970 1541 991 se-

481 1011 622 1043 cundum
645 1010 734 1050 quod
757 1014 822 1040 erat
845 1018 882 1038 ex
902 1008 1023 1047 origine
1046 1007 1153 1037 vitiata
1169 1015 1207 1036 ex
1222 1005 1336 1036 Adam.
1360 1005 1446 1046 Ergo
1463 1014 1541 1035 con-

479 1057 608 1087 veniens
632 1054 691 1085 fuit
706 1059 741 1084 ut
757 1057 929 1084 assumeret
952 1060 1079 1082 carnem
1095 1060 1132 1081 ex
1156 1050 1286 1080 materia
1310 1058 1347 1080 ex
1366 1049 1470 1080 Adam
1486 1048 1541 1079 de-

480 1101 585 1130 rivata.

534 1144 638 1174 Prima
653 1141 883 1181 consequentia
902 1140 1064 1180 probatur.
1089 1138 1174 1176 Quia
1189 1143 1301 1169 natura
1315 1137 1455 1168 humana
1473 1146 1541 1167 non

479 1188 567 1218 aliter
589 1185 749 1226 indigebat
769 1184 970 1235 purgatione.
992 1201 1016 1206 —-
1039 1181 1186 1213 Secunda
1208 1191 1284 1215 vero
1307 1181 1474 1222 probatur:
1506 1186 1542 1211 ut

479 1232 523 1261 sic
546 1240 603 1271 per
625 1229 877 1269 assumptionem
900 1232 1062 1258 curaretur
1083 1231 1195 1257 natura
1217 1226 1367 1256 humana.

535 1275 571 1304 11.
595 1274 679 1305 Nota
702 1273 754 1303 hie
783 1271 871 1312 quod
894 1271 1069 1311 assumptio
1101 1279 1165 1311 qua
1187 1270 1331 1300 Verbum
1353 1269 1415 1300 Dei
1440 1269 1541 1299 incar-

479 1324 590 1350 natum
613 1323 669 1353 est,
692 1322 799 1357 potest
821 1315 928 1346 referri
951 1314 991 1346 ad
1013 1315 1090 1345 tria:
1115 1314 1235 1345 scilicet
1258 1313 1298 1344 ad
1320 1319 1466 1344 naturam
1482 1313 1542 1343 hu·-

479 1371 626 1398 manam;
650 1361 700 1392 vel
724 1360 763 1391 ad
785 1366 930 1391 naturam
954 1360 1127 1390 humanam
1157 1357 1322 1394 infectam3
1346 1357 1396 1388 vel
1419 1356 1459 1387 ad
1481 1357 1540 1387 hu-

479 1407 662 1437 manitatem
687 1414 768 1445 quae
791 1405 880 1434 unita
903 1409 949 1434 est
964 1403 1082 1434 Verbo.
1118 1402 1159 1433 Et
1182 1402 1208 1432 si
1232 1401 1364 1442 quidem
1390 1401 1542 1432 referatur

479 1450 518 1480 ad
541 1455 685 1480 naturam
708 1449 896 1484 humanam,
920 1447 1008 1478 nulla
1032 1452 1078 1477 est
1102 1446 1264 1486 quaesti0;
1296 1451 1328 1476 et
1350 1445 1493 1475 similiter
1515 1445 1541 1474 si

479 1493 630 1524 referatur
653 1492 692 1523 ad
715 1493 796 1523 hanc
819 1492 1066 1522 humanitatem:
1095 1499 1170 1520 nam
1198 1489 1297 1520 Filius
1323 1486 1408 1531 [Dei]
1436 1493 1483 1519 est
1510 1493 1542 1519 et

478 1539 588 1573 homo,
606 1543 636 1567 et
652 1538 702 1567 hic
720 1537 829 1567 homo.
858 1535 919 1566 Sed
936 1536 962 1565 si
976 1534 1128 1565 referatur
1145 1533 1184 1564 ad
1199 1534 1373 1564 humanam
1396 1538 1542 1563 naturam

1238 1702 1555 1747 ARTICULUS
1585 1701 1886 1745 SECUNDUS

921 1799 1076 1831 UTRUM
1101 1797 1314 1830 CHRISTUS
1337 1796 1576 1828 SUMPSERIT
1602 1796 1784 1827 CARNEM
1808 1796 1867 1827 DE
1890 1795 2051 1827 SEMINE
2074 1795 2209 1826 DAVID

1362 1874 1407 1900 Ad
1424 1874 1499 1904 Heb„
1519 1881 1575 1907 cap.
1594 1881 1639 1905 vn,
1659 1874 1716 1900 lect.
1737 1881 1773 1900 ιιι.

517 1998 527 2009 ,
547 1992 558 1998 s
600 2004 607 2015 ,Ἴ
616 1993 668 2035 ,q
690 1980 711 2004 ι)
727 1977 914 2004 SECUNDUM
929 1978 980 2003 su:
996 1976 1230 2002 paocenrrun.
1252 1963 1412 2000 Videtur
1430 1961 1538 2011 quod

607 2015 662 2077 (ξι
691 2019 864 2057 Christus
891 2030 971 2055 non
991 2016 1196 2067 sumpserit
1221 2027 1376 2053 carnem
1405 2015 1453 2051 de
1481 2026 1538 2051 se-

595 2116 608 2125 *
640 2076 661 2111 6
677 2068 794 2109 mine
813 2071 950 2109 David.
980 2071 1198 2108 Matthaeus
1217 2068 1334 2113 enim,
1362 2068 1538 2115 genealo—

537 2138 549 2151 “
581 2125 623 2150 '³'
667 2125 791 2173 giam
820 2123 958 2161 Christi
985 2131 1116 2160 texens
1139 2122 1178 2168 ³¹²,
1208 2133 1295 2158 eam
1323 2121 1371 2157 ad
1399 2120 1537 2168 Ioseph

478 2178 664 2228 perduxit.
680 2178 841 2252 *Ioseph
869 2184 999 2214 autem
1030 2187 1109 2213 non
1137 2174 1206 2211 fuit
1237 2181 1344 2223 pater
1377 2171 1535 2218 Christi,

339 2250 352 2264 v
375 2259 381 2270 ‚
421 2250 450 2269 -ι,
478 2240 520 2268 ut
547 2243 662 2280 supra
680 2230 917 2267 *ostensum
936 2237 1001 2266 est.
1032 2229 1124 2265 Non
1149 2239 1239 2275 ergo
1258 2226 1411 2263 videtur
1431 2201 1538 2275 quod

243 3031 337 3058 ww,

246 3064 367 3111 ²'Ven3

480 2283 652 2321 Christus
680 2284 727 2320 de
754 2295 892 2330 genere
920 2281 1046 2319 David
1074 2278 1323 2318 descenderit.

532 2349 566 2373 2.
596 2338 832 2382 PRAETEREA,
867 2337 997 2372 Aaron
1029 2333 1098 2382 fuit
1132 2333 1180 2370 de
1212 2332 1313 2369 tribu
1340 2331 1456 2368 Levi:
1495 2337 1538 2367 ut

347 2406 354 2420 ι
386 2403 437 2425 sqq·
476 2397 577 2439 patet
604 2389 724 2426 Exod.
745 2401 780 2425 VI
797 2388 828 2424 ²¹⁶.
858 2387 981 2425 Maria
999 2394 1140 2433 autem,
1161 2393 1283 2423 mater
1306 2383 1457 2431 Christi,
1477 2395 1538 2421 co-

475 2448 592 2493 gnata
620 2441 755 2478 dicitur
782 2440 986 2487 Elisabeth,
1007 2451 1107 2489 quae
1135 2446 1191 2476 est
1206 2438 1295 2487 filia
1317 2438 1470 2474 Aaron:
1495 2444 1538 2473 ut

407 2520 414 2528 ·
476 2503 577 2545 patet
605 2496 699 2532 Luc.
720 2494 779 2531 1²¹².
823 2494 925 2531 Cum
961 2505 1049 2541 ergo
1085 2491 1211 2529 David
1237 2491 1287 2527 de
1314 2489 1416 2527 tribu
1443 2489 1537 2526 Iuda

372 2563 383 2578 s
417 2572 422 2578 -
476 2548 595 2595 fuerit,
625 2555 667 2584 ut
694 2554 795 2597 patet
822 2545 1037 2592 Matth.1*,
1066 2544 1218 2582 videtur
1236 2543 1344 2593 quod
1364 2542 1537 2580 Christus

477 2601 524 2637 de
552 2600 697 2638 semine
725 2599 851 2636 David
878 2611 958 2636 non
986 2596 1233 2635 descenderit.

532 2652 1096 2699 3.PRA13T13REA,lerem.xxn*
1115 2649 1253 2687 dicitur
1270 2650 1319 2686 de
1338 2648 1534 2686 lechonia:

478 2708 603 2743 Scribe
629 2707 750 2744 virum
779 2707 886 2742 istum
913 2705 1092 2741 sterilem.-
1119 2715 1187 2740 nec
1209 2704 1308 2739 enim
1327 2703 1396 2738 erit
1423 2702 1468 2738 de
1485 2713 1536 2738 se-

478 2761 576 2795 mine
603 2760 679 2795 eius
707 2760 764 2796 vir
791 2760 855 2807 qui
869 2758 991 2794 sedeat
1017 2769 1128 2807 super
1145 2756 1277 2793 solium
1296 2755 1430 2792 David.
1460 2755 1536 2791 Sed

478 2812 526 2848 de
555 2810 706 2848 Christo
734 2810 870 2847 dicitur
897 2809 1012 2847 Isaiae
1033 2822 1066 2846 1x
1086 2809 1125 2846 *ε
1156 2811 1275 2859 Super
1300 2808 1434 2845 solium
1461 2808 1536 2844 Da-

477 2865 540 2902 vid
569 2865 711 2901 sedebit.
755 2864 856 2911 Ergo
890 2862 1062 2900 Christus
1099 2874 1179 2899 non
1212 2860 1280 2898 fuit
1314 2861 1362 2898 de
1391 2859 1536 2897 semine

478 2916 689 2954 lechoniae.
738 2917 784 2953 Et
820 2928 889 2965 per
925 2915 1166 2964 consequens
1206 2925 1278 2951 nec
1314 2913 1362 2951 de
1398 2924 1536 2961 genere

479 2969 622 3006 David:
653 2968 743 3018 quia
771 2970 987 3006 Matthaeus
1016 2980 1038 3005 a
1066 2967 1191 3005 David
1219 2978 1290 3016 per
1316 2965 1537 3003 lechoniam

357 3036 415 3052 ves-r
426 3031 450 3051 ⁶-
479 3021 615 3058 seriem
642 3021 894 3069 generationis
921 3021 1094 3070 perducit
1112 3020 1142 3057 ²⁸.

532 3075 604 3111 SED
643 3086 785 3111 CONTRA
822 3086 887 3111 EST
922 3073 1028 3122 quod
1063 3073 1200 3110 dicitur
1226 3074 1337 3110 Rom.
1359 3084 1368 3109 1
1387 3071 1424 3108 *ι
1464 3073 1539 3115 Qui

469 3128 595 3174 factus
622 3133 672 3163 est
699 3129 734 3163 ei
760 3139 809 3163 ex
834 3129 973 3163 semine
999 3127 1124 3163 David
1148 3125 1350 3162 secundum
1369 3136 1534 3162 carnem.

532 3180 753 3216 Rssronnno
785 3191 964 3216 mensuum
992 3179 1099 3227 quod
1129 3177 1301 3215 Christus
1329 3177 1538 3227 specialiter

480 3231 648 3268 duorum
676 3230 923 3279 antiquorum
952 3232 1107 3267 Patrum
1144 3230 1244 3267 filius
1272 3230 1408 3268 dicitur
1436 3242 1535 3277 esse,

482 3284 656 3320 Abrahae
691 3282 828 3319 scilicet
865 3291 900 3319 et
934 3283 1080 3329 David,
1117 3291 1158 3319 ut
1192 3291 1293 3332 patet
1321 3283 1534 3320 Matth.1*.

483 3335 601 3371 Cuius
629 3343 684 3372 est
711 3335 907 3383 multiplex
942 3334 1047 3371 ratio.
1086 3335 1213 3372 Prima
1241 3335 1417 3384 quidem,
1447 3335 1537 3385 quia

483 3388 529 3423 ad
559 3389 629 3423 hos
658 3387 866 3437 specialiter
893 3387 940 3423 de
961 3386 1112 3423 Christo
1133 3388 1378 3436 repromissio
1399 3394 1415 3410 ‘²
1443 3389 1538 3426 sacta

537 3516 562 3549 ι)
582 3517 758 3548 repromissio.
776 3530 796 3535 -
810 3516 952 3549 promissio
972 3515 1053 3541 tertia.

536 3550 561 3583 ’,3)
580 3552 677 3576 semine
696 3555 750 3576 tuo.
768 3567 786 3570 -
805 3552 824 3576 F
844 3557 868 3576 et
887 3552 973 3581 terrim
993 3554 1026 3576 te.

1160 284 1423 332 QUAESTIO
1452 283 1593 330 XXXI,
1626 282 1919 321 ARTICULUS
1947 283 1977 320 ΙΙ

1595 360 1795 407 rationem,
1825 360 1917 410 quia
1939 372 2020 398 non
2039 368 2095 397 est
2113 369 2299 410 concepta
2317 373 2364 398 ex
2381 360 2480 398 virili
2497 361 2655 399 semine.

1595 414 1644 450 Et
1670 412 1758 450 ideo
1793 425 1874 450 non
1902 413 2087 450 contraxit
2119 413 2299 461 originale
2326 421 2528 463 peccatum
2562 413 2658 452 sicut

1595 473 1632 555 {t
1659 465 1785 510 ceteri,
1814 465 1881 556 ςὲιί
1909 466 1957 502 ab
1985 465 2112 502 Adam
2140 478 2210 515 per
2236 465 2341 503 viam
2367 465 2484 503 virilis
2501 466 2658 504 seminis

1623 517 1818 555 erivantur

2685 514 2696 526 ·
2709 513 2737 536 u.

1594 828 1755 864 infectam,
1774 828 1863 859 aliter
1884 833 2012 868 oportet
2030 827 2144 858 dicere.
2169 827 2334 865 Quoniam
2353 823 2507 860 Christus
2515 837 2584 861 non
2594 834 2658 879 est,
2719 819 2762 840 ””
2835 805 2840 846 i

1594 882 1654 903 nec
1677 881 1822 912 unquam
1845 871 1905 902 fuit
1927 871 2028 902 homo
2055 870 2202 902 infectus.
2237 871 2278 903 Et
2300 877 2470 912 propterea
2492 881 2563 904 non
2581 874 2658 915 pos}

1594 925 1705 947 sumus
1729 915 1833 946 dicere
1856 914 1946 956 quod
1968 915 2111 946 Verbum
2134 916 2304 956 assumpsit
2325 921 2472 947 naturam
2494 915 2658 953 infectam*-
2695 915 2699 921 ”

1595 959 1657 991 Sed
1680 959 1816 990 dicimus
1831 959 1921 1000 quod
1944 959 2114 999 assumpsit
2135 964 2280 990 naturam
2298 960 2474 991 humanam
2489 969 2531 991 ex
2544 959 2663 992 viam

1595 1004 1724 1046 origine
1754 1003 2013 1035 descendentem:
2041 1003 2085 1034 ita
2107 1002 2197 1043 quod
2220 1002 2351 1035 infectio
2378 1013 2448 1035 non
2470 1003 2666 1038 dammam

1594 1053 1740 1079 naturam
1756 1053 1962 1088 assumptam,
1975 1046 2031 1078 sed
2047 1047 2204 1088 originem
2219 1047 2297 1078 eius.
2321 1047 2370 1078 Ex
2384 1048 2448 1079 hoc
2463 1048 2550 1081 enim
2565 1046 2663 1090 Chris-s
2743 1071 2744 1074 η

1595 1098 1661 1122 stus
1683 1091 1834 1122 infectam
1856 1092 1891 1122 in
1912 1091 2037 1131 reliquo
2061 1091 2204 1123 humano
2219 1100 2335 1131 genere
2358 1096 2505 1124 naturam
2526 1084 2669 1138 eurania,

1595 1135 1685 1177 quod
1714 1141 1860 1166 naturam
1884 1145 1922 1166 ex
1944 1134 2061 1166 infecta
2083 1134 2136 1166 illa
2159 1134 2281 1187 origine
2305 1134 2574 1173 descendentem,
2582 1133 2660 1182 ,uon

1594 1185 1702 1210 tamen
1717 1179 1878 1216 infectam,
1895 1179 2080 1220 assumpsit:
2105 1183 2141 1210 ut
2155 1179 2200 1210 sic
2215 1188 2329 1210 sanans
2344 1177 2466 1210 Christi
2482 1176 2607 1218 natura
2605 1188 2658 1211 eo·
2714 1184 2760 1223 :14'4

1595 1229 1642 1254 set
1657 1233 1767 1265 expers
1786 1224 1892 1254 omnis
1912 1223 2027 1259 morbi,
2051 1224 2134 1254 sicut
2155 1223 2298 1264 primum
2321 1223 2455 1254 alterans
2477 1228 2537 1255 est
2537 1222 2659 1256 inalte-

1593 1268 2603 1304 rabile,etc.1·

2730 1303 2770 1324 z.

1649 1312 1734 1342 Nota
1764 1310 1908 1342 secundo
1939 1311 2046 1351 quod,
2077 1311 2154 1352 quia
2179 1311 2260 1342 alius
2285 1316 2334 1342 est
2355 1311 2488 1342 morbus
2509 1316 2658 1363 ωηιιη,
2719 1326 2766 1354 2:51

1593 1356 1673 1387 alius
1697 1365 1868 1396 personae:
1894 1365 2031 1395 persona
2054 1356 2141 1386 enim
2164 1355 2340 1386 actualibus
2354 1355 2494 1396 peccatis
2506 1354 2656 1392 inflemur.
2719 1353 2742 1358 ’”

1593 1406 1706 1431 natura
1728 1405 1836 1430 autem
1859 1399 1929 1430 solo
1951 1399 2106 1450 originali,
2129 1408 2187 1440 per
2202 1409 2235 1430 se
2250 1398 2432 1440 loquendo.
2456 1417 2480 1423 -
2500 1396 2575 1431 iden
2589 1399 2658 1431 Au-

1595 1449 1674 1480 ctor,
1699 1443 1738 1474 de
1761 1449 1891 1474 naturae
1914 1443 2113 1484 reparatione
2141 1443 2278 1483 loquens
2300 1452 2358 1484 per
2380 1453 2430 1480 se,
2461 1442 2540 1475 dixit
2568 1441 2659 1485 quod

1594 1493 1706 1519 natura
1728 1487 1869 1518 humana
1893 1497 1962 1518 non
1985 1486 2146 1528 indigebat
2167 1487 2366 1528 reparatione
2396 1487 2458 1518 nisi
2480 1486 2658 1519 secundum

1596 1531 1686 1572 quod
1709 1531 1826 1562 infecta
1850 1537 1916 1562 erat
1938 1541 1995 1572 per
2018 1531 2175 1572 originem
2197 1531 2348 1562 vitiatam.

1595 1967 1660 1997 est.
1691 1960 1847 1998 Dictum
1866 1967 1922 1997 est
1940 1959 2042 1997 enim
2064 1960 2253 2008 Abrahae,
2278 1961 2370 1998 Gen.
2391 1972 2461 1998 xxu
2479 1960 2515 1999 *z
2522 1934 2659 2000 Beni>
2685 1952 2763 2009 ’ἰν

1594 2014 1762 2050 dicentur
1779 2015 1816 2050 in
1835 2014 1976 2050 semine
1988 2019 2050 2050 tuo
2065 2011 2080 2042 β
2099 2025 2228 2050 omnes
2244 2019 2373 2064 gentes
2390 2019 2533 2052 terrae.-
2550 2014 2658 2064 quod
2724 2013 2727 2014 ⁷

1594 2067 1802 2115 Apostolus
1829 2066 1878 2103 de
1907 2066 2059 2103 Christo
2079 2066 2245 2127 exponit,
2265 2066 2406 2114 dicens,
2430 2067 2551 2105 Galat.
2567 2078 2600 2105 m
2617 2067 2656 2106 *ι
2685 2061 2765 2097 ’V‘

1592 2120 1770 2156 Abrahae
1797 2119 1915 2156 dictae
1939 2124 2023 2155 sunt
2043 2120 2326 2168 promissiones,
2353 2124 2386 2156 et
2411 2121 2546 2157 semim·
2567 2121 2659 2158 eius.

1593 2172 1684 2208 Non
1713 2172 1798 2208 dicit
1828 2186 1847 2205 «
1869 2177 1902 2208 et
1928 2172 2127 2208 seminibus
2147 2187 2182 2218 »,
2212 2173 2319 2221 quasi
2343 2173 2382 2209 in
2409 2172 2551 2210 multis:
2574 2172 2657 2221 sed,

1594 2226 1701 2274 quasi
1724 2226 1762 2261 in
1786 2237 1874 2270 uno,
1906 2239 1925 2258 «
1948 2229 1982 2261 et
2007 2225 2142 2261 semini
2165 2230 2228 2262 tuo
2250 2239 2284 2270 »,
2314 2226 2379 2274 qui
2401 2230 2454 2262 est
2482 2202 2697 2303 ΟΙιηΩιιιιΪ;

1594 2277 1655 2314 Ad
1683 2276 1809 2314 David
1843 2284 1974 2314 autern
2009 2276 2156 2314 dictum
2183 2284 2239 2314 est
2256 2277 2296 2314 *ε
2335 2278 2392 2314 De
2407 2278 2540 2326 ‚fr-uem
2572 2283 2659 2318 rens

1593 2332 1659 2367 tris
1685 2332 1740 2367 tui
1758 2335 1904 2380 ponam
1937 2341 2050 2380 super
2074 2330 2198 2367 sedem
2232 2335 2346 2367 tuam.
2389 2329 2511 2368 Unde
2519 2336 2571 2368 et
2589 2324 2709 2382 po-¹¹

1593 2382 1675 2433 puli
1693 2389 1708 2412 Υ
1736 2383 1980 2429 Iudaeorum,
2000 2390 2043 2420 ut
2070 2393 2199 2433 regem
2217 2382 2432 2421 honorifice
2450 2382 2660 2439 susoifian'

1594 2444 1660 2483 tes,
1686 2435 1874 2483 dicebant,
1893 2436 2029 2472 Matth.
2049 2446 2109 2473 xxx
2131 2434 2170 2472 *ε
2199 2437 2388 2474 Hosanna
2406 2436 2505 2475 Filia
2519 2429 2697 2476 M·

1648 2489 1827 2527 Secunda
1854 2488 1949 2526 ratio
1985 2495 2040 2525 est
2074 2487 2166 2538 quia
2194 2488 2368 2526 Christus
2401 2489 2571 2528 sutum&
2571 2495 2659 2533 W

1594 2554 1670 2589 rex,
1691 2541 1918 2592 propheta*
1943 2548 1980 2578 et
2007 2541 2196 2579 sacerdos.
2225 2541 2424 2580 Abraham
2442 2548 2579 2581 autem
2587 2548 2697 2583 16*-·

1593 2595 1729 2632 cerdos
1756 2594 1842 2632 fuit:
1873 2602 1915 2631 ut
1942 2602 2045 2643 patet
2067 2606 2117 2631 ex
2133 2595 2210 2631 hoc
2227 2595 2334 2644 quod
2354 2595 2556 2634 Dominus
2563 2591 2718 2634 dffln

1593 2648 1641 2685 ad
1661 2660 1764 2694 eum,
1786 2648 1878 2685 Gen.
1887 2659 1936 2684 xv
1948 2647 1983 2684 *ε
2006 2649 2119 2685 Sume
2131 2649 2197 2685 tibi
2207 2659 2362 2686 vaccam
2375 2649 2576 2696 triennem,
2584 2656 2655 2687 etc.
2682 2660 2697 2673 ·
2718 2686 2732 2692 ,Α

1593 2700 1681 2738 Fuit
1708 2700 1823 2738 etiam
1851 2701 2057 2750 prophzeta
2087 2700 2304 2738 secundum
2323 2700 2363 2738 id
2389 2701 2499 2750 quod
2519 2699 2659 2740 dicitur
2717 2699 2728 2747 ζ

1597 2755 1688 2791 Gen.
1708 2766 1755 2790 xx
1773 2753 1810 2790 *z
1839 2755 2025 2802 Propheta
2053 2759 2115 2800 est,
2143 2759 2177 2790 et
2204 2755 2324 2791 orabit
2344 2766 2420 2804 pro
2446 2759 2491 2792 te.
2529 2753 2657 2793 David
2682 2761 2694 2774 ¹
2710 2779 2726 2792 ι,

1593 2814 1723 2844 autern
1752 2818 1817 2843 rex
1844 2805 1913 2843 fuit
1941 2814 1978 2843 et
2004 2806 2205 2867 propheta.
2742 2817 2752 2843 z

1646 2858 1776 2896 Tertia
1810 2859 1905 2897 ratio
1939 2866 1993 2896 est
2028 2859 2119 2908 quia
2154 2859 2194 2896 in
2220 2859 2418 2897 Abraham
2444 2858 2573 2910 primo
2599 2859 2656 2908 iff-

1593 2912 1718 2962 coepit
1752 2911 1991 2949 circumcisio
2015 2911 2053 2949 *ι
2092 2911 2132 2949 in
2164 2912 2290 2950 David
2325 2919 2456 2950 autem
2486 2908 2656 2951 maxime
2696 2915 2747 2960 «t'ssjj.

1592 2964 1830 3003 manifestata
1853 2972 1908 3002 est
1935 2964 2007 3002 Dei
2026 2965 2171 3012 electio,
2200 2965 2417 3002 secundum
2435 2964 2529 3003 illud
2546 2964 2681 3016 quod*
2694 2963 2699 2970 ”

1593 3017 1729 3056 dicitur
1747 3019 1761 3054 I
1780 3019 1949 3068 Reg.x111
1967 3017 2004 3054 *ε
2041 3019 2228 3061 Quaesivit
2243 3019 2315 3056 sibi
2329 3019 2515 3056 Dominus
2530 3019 2656 3059 vim
2680 3026 2693 3039 ·
2706 3015 2750 3067 ,ᾗ

1593 3073 1697 3109 iuxta
1722 3083 1790 3108 cor
1814 3082 1934 3107 suum.
1964 3071 2013 3108 Et
2031 3070 2119 3108 ideo
2142 3070 2342 3120 utriusque
2361 3070 2462 3109 filius
2481 3069 2655 3111 ΟΜ

1592 3122 1861 3174 specialissime
1889 3122 2036 3171 dicitur,
2065 3131 2108 3160 ut
2135 3124 2357 3162 ostendatur
2382 3135 2466 3161 esse
2492 3122 2546 3162 in
2554 3122 2653 3162 salu-
2722 3119 2737 3122 ”

1591 3185 1670 3215 tem
1690 3175 1981 3214 Circumcisioni
2009 3184 2045 3213 et
2072 3175 2246 3214 electioni
2273 3175 2493 3214 Gentilium.
2620 3171 2647 3205 ’θ
2731 3201 2740 3210 ,ν

1645 3231 1704 3267 An
1732 3240 1865 3266 ramum
1894 3240 1992 3266 ERGO
2019 3240 2200 3268 nicentium
2227 3229 2335 3279 quod
2363 3228 2526 3267 obiectio
2544 3227 2558 3252 ⁶
2585 3224 2654 3267 fuit
2684 3245 2690 3274 1
2703 3227 2746 3273 {14

1591 3282 1720 3320 Fausti
1745 3281 1972 3328 Manichaei,
1993 3281 2155 3319 volentis
2173 3282 2338 3332 probare
2357 3281 2553 3319 Christum
2572 3277 2652 3320 noh

1591 3348 1673 3374 esse
1706 3335 1832 3372 filium
1868 3334 2010 3382 David,
2045 3334 2137 3384 quia
2171 3346 2251 3372 non
2279 3342 2335 3372 est
2362 3342 2598 3384 conceptus
2596 3331 2651 3372 eii
2707 3337 2747 3370 '3

1592 3389 1742 3437 Ioseph,
1771 3399 1894 3437 usque
1921 3387 1970 3424 ad
1989 3399 2105 3436 quem
2127 3387 2265 3425 seriem
2283 3386 2536 3436 generationis
2554 3387 2651 3425 Mat-

2723 2642 2759 2661 ιρῖ

1644 3519 1671 3551 γ)
1687 3518 1955 3550 popu1i.-popu1us
1973 3517 1993 3543 F
2011 3523 2037 3543 et
2055 3517 2174 3544 tenim-
2192 3518 2243 3542 Pm
2265 3522 2296 3543 ur
2320 3525 2418 3552 regem,
2437 3526 2497 3545 eum
2515 3522 2545 3544 ut
2563 3525 2591 3544 re
2624 3525 2649 3543 ιιι

1592 3553 1645 3584 FG,
1668 3553 1800 3578 Christum
1821 3556 1850 3578 ut
1869 3559 1958 3586 regem
1978 3552 2025 3583 sti,
2044 3553 2129 3585 ipsum
2149 3555 2179 3577 ut
2197 3559 2285 3586 regem
2305 3553 2348 3584 sn,
2367 3561 2426 3579 eum
2446 3553 2472 3579 in
2492 3560 2614 3588 regem.

1644 3586 1669 3621 δ)
1687 3588 1806 3613 obiectio.
1823 3588 1924 3613 -haec
1942 3587 2053 3613 obiectio
2072 3587 2092 3612 F
2110 3592 2135 3612 et
2153 3588 2235 3612 tertia.
