2872 3970
521 296 600 343 364

1016 524 1426 604 QUAESTIO
1465 523 2207 580 TRIGESIMASEXTA

950 645 1040 685 DE
1088 641 1719 703 MANIFESTATIONE
1768 641 2046 682 CHRISTI
2094 641 2262 682 NATI

1340 757 1374 782 IN

601 867 707 892 amna
743 852 1067 891 considerandum
1103 859 1158 887 est
1190 850 1238 887 de
1277 849 1579 887 manifestatione

599 906 737 944 Christi
765 905 880 943 nati*

514 962 563 998 Et
589 960 688 997 circa
716 957 803 995 hoc
818 965 1058 1007 quaeruntur
1085 963 1183 993 octo.

566 1012 717 1049 Primo·
747 1018 878 1048 utrum
897 1009 1071 1047 nativitas
1092 1008 1230 1045 Christi
1259 1007 1433 1044 debuerit
1451 1006 1576 1044 omni-

619 1065 692 1101 bus
720 1075 802 1100 esse
830 1062 1039 1100 manifesta

566 1116 768 1155 Secundo:
811 1123 943 1152 utrum
980 1113 1154 1152 debuerit
1190 1112 1381 1163 aliquibus
1418 1112 1575 1150 manife-

619 1177 718 1206 stari.

565 1222 718 1260 Tertio:
748 1220 888 1271 quibus
917 1219 1147 1257 manifestari
1175 1218 1360 1256 debuerit.

277 909 394 958 '’anqu
414 914 474 930 xxx

1323 1335 1643 1378 ARTICULUS
1673 1335 1880 1378 PRIMUS
2071 1354 2074 1358 ι
2592 1330 2634 1400 1²*

865 1438 1021 1469 UTRUM
1046 1437 1219 1468 CHRISTI
1242 1436 1478 1468 NATIVITAS
1500 1436 1721 1468 DEBUERIT
1746 1436 1940 1469 OMNIBUS
1961 1436 2064 1469 ESSE
2088 1437 2339 1469 MANIFESTA
2588 1437 2590 1439 ’
2616 1439 2618 1441 ’

1378 1524 1454 1554 Infra,
1473 1532 1518 1557 qu.
1537 1519 1618 1554 xxxix.
1638 1529 1684 1549 art.
1703 1523 1729 1554 8,
1748 1524 1780 1550 ad
1801 1523 1824 1551 3.

561 1640 568 1644 -
631 1652 667 1696 ἶ
662 1636 682 1650 -
707 1627 745 1651 D
775 1626 909 1651 PRIMUM
938 1625 989 1650 s1c
1018 1625 1252 1650 PROCEDlTUR.
1282 1612 1443 1650 Videtur
1467 1612 1574 1662 quod

535 1629 703 1726 §.NJ
725 1666 864 1705 Christi
883 1665 1057 1703 nativitas
1084 1665 1258 1703 debuerit
1286 1665 1468 1703 omnibus
1492 1677 1574 1703 esse

531 1699 713 1809 ‘'539(
724 1717 1574 1820 “¹³3f32¹5p0¹n¹35ssit¹052‘5ffl35315211132‘31315.

277 1836 484 1864 ‘Ps-x21x2ver⁵·3·
513 1827 701 1865 adventus
730 1823 869 1862 Christi
897 1824 1033 1861 dicitur
1059 1823 1099 1860 in
1126 1824 1280 1860 Psalmo
1299 1823 1339 1860 *2
1368 1825 1470 1860 Deus
1496 1836 1574 1861 ma-

514 1881 642 1928 nifeste
658 1879 786 1916 veniet.
814 1876 928 1914 Venit
947 1884 1078 1914 autem
1098 1888 1167 1925 per
1185 1875 1308 1913 carnis
1326 1853 1572 1913 nativitatem.

514 1934 615 1981 Ergo
634 1930 786 1968 videtur
804 1929 911 1979 quod
939 1929 1020 1967 eius
1048 1928 1221 1965 nativitas
1247 1928 1379 1966 debuit
1405 1941 1487 1966 esse
1506 1928 1574 1966 toti

514 1985 663 2023 mundo
693 1982 900 2020 manifesta.

570 2050 603 2074 2.
634 2038 872 2083 PRAETEREA,
901 2036 915 2071 Ι
939 2034 990 2072 ad
1019 2036 1113 2072 Tim.
1141 2046 1151 2071 1
1177 2034 1197 2056 ’¹‘
1225 2033 1377 2071 dicitur:
1412 2035 1575 2071 Christus

514 2093 551 2127 in
580 2092 678 2127 hunc
709 2089 888 2126 mundum
915 2089 1013 2125 venit
1045 2093 1256 2136 peccatores
1281 2087 1403 2125 salvos
1426 2087 1572 2135 facere.

515 2143 591 2181 Sed
611 2143 686 2179 hoc
704 2154 784 2179 non
811 2141 854 2177 fit
882 2139 953 2177 nisi
971 2139 1202 2189 inquantum
1228 2139 1281 2176 eis
1299 2139 1416 2188 gratia
1437 2139 1575 2176 Christi

276 2202 287 2214 ⁸
302 2201 366 2223 νοτε·
384 2207 459 2228 ⁰¹¹²·
513 2195 792 2232 manifestatur:
823 2193 1038 2230 secundum
1067 2192 1159 2229 illud
1192 2193 1259 2229 Tit.
1285 2204 1306 2228 11
1326 2192 1362 2229 *ε
1391 2193 1576 2242 Apparuit

511 2250 636 2299 gratia
669 2248 870 2285 Salvatoris
904 2247 1021 2282 nostri
1044 2246 1118 2282 Dei
1144 2246 1313 2282 omnibus
1346 2245 1573 2291 hominibus,

513 2301 682 2338 erudiens
710 2312 776 2337 nos
804 2305 852 2345 ut,
882 2301 1108 2348 abnegantes
1135 2299 1357 2347 impietatem
1390 2304 1423 2335 et
1448 2310 1574 2335 saecu-

512 2355 609 2391 laria
636 2353 835 2399 desideria,
863 2353 985 2388 sobrie
1018 2357 1051 2388 et
1072 2352 1137 2401 pie
1165 2357 1197 2387 et
1225 2352 1315 2388 iuste
1341 2352 1509 2389 vivamus
1536 2352 1573 2387 in

508 2403 582 2444 'hoc
608 2406 766 2443 saeculo.
797 2406 898 2453 Ergo
924 2403 1076 2441 videtur
1101 2403 1209 2453 quod
1236 2402 1375 2441 Christi
1400 2403 1575 2441 nativitas

511 2459 686 2497 debuerit
713 2470 794 2495 esse
823 2457 1005 2495 omnibus
1032 2456 1240 2494 manifesta.

533 2533 536 2537 -
569 2513 602 2549 3.
633 2513 869 2558 PRAETEREA,
898 2510 1004 2546 Deus
1032 2521 1148 2559 super
1176 2509 1308 2547 omnia
1334 2508 1494 2559 pronior
1521 2517 1576 2546 est

395 2579 486 2600 κνοω.
513 2565 563 2602 ad
590 2564 873 2602 miserendum:
904 2563 1120 2599 secundum
1148 2562 1241 2599 illud
1269 2562 1411 2599 Psalmi
1428 2562 1468 2599 *2
1497 2563 1575 2600 Mi-

512 2619 713 2655 serationes
749 2619 825 2654 eius
857 2628 969 2666 super
1003 2617 1130 2653 omnia
1157 2627 1272 2665 opera
1301 2617 1387 2652 eius.
1431 2615 1508 2653 Sed
1535 2615 1575 2652 in

513 2670 684 2708 secundo
704 2667 883 2715 adventu,
913 2681 992 2718 quo
1012 2669 1161 2705 iustitias
1177 2673 1193 2689 ‘²
1212 2668 1384 2706 iudicabit
1397 2667 1428 2715 ³¹³,
1448 2668 1575 2705 veniet

278 2737 298 2768 ξι
326 2711 487 2733 'mmm'
514 2723 695 2761 omnibus
710 2722 947 2759 manifestus:
969 2721 1184 2758 secundum
1200 2720 1293 2758 illud
1306 2721 1572 2758 Matth.xxiv*:

339 2763 369 2779 η’
384 2763 395 2779 ²
412 2773 418 2779 ⁰
515 2778 615 2814 Sicut
623 2776 764 2826 fulgur
782 2777 857 2812 exit
876 2776 923 2811 ab
943 2776 1083 2811 oriente
1102 2780 1134 2810 et
1147 2780 1258 2823 paret
1286 2786 1399 2824 usque
1417 2775 1454 2811 in
1483 2775 1575 2811 occi-

515 2829 670 2875 dentem,
687 2831 736 2865 ita
751 2829 818 2865 erit
833 2827 1110 2865 adventusFilii
1125 2828 1313 2864 Hominis.
1335 2827 1437 2875 Ergo
1451 2828 1574 2864 multo

516 2881 636 2930 magis
662 2881 827 2930 primus,
857 2892 936 2929 quo
965 2887 1076 2917 natus
1102 2887 1158 2916 est
1185 2879 1225 2916 in
1257 2879 1406 2916 mundo
1442 2891 1574 2917 secun-

516 2934 611 2971 dum
640 2946 814 2981 carnem,
851 2932 981 2969 debuit
1009 2932 1191 2969 omnibus
1224 2944 1306 2969 esse
1341 2932 1573 2970 manifestus.

568 2987 641 3024 SED
657 2998 800 3023 CONTRA
815 2997 880 3022 EST
895 2985 1001 3034 quod
1030 2984 1166 3022 dicitur
1191 2985 1309 3023 Isaiae
1327 2998 1400 3023 XLV
1417 2985 1455 3022 *τ
1490 2987 1545 3023 Tu
1560 2984 1575 3015 β

515 3052 551 3076 es
578 3041 679 3076 Deus
706 3038 949 3084 absconditus,
970 3040 1124 3075 Sanctus
1148 3039 1279 3085 Israel,
1309 3039 1490 3076 Salvator.
1527 3039 1576 3076 Et

515 3091 630 3129 Isaiae
651 3091 758 3128 L111*:
795 3092 912 3134 Quasi
942 3091 1174 3128 absconditus
1205 3097 1255 3128 est
1286 3091 1404 3129 vultus
1435 3093 1512 3128 eius
1543 3097 1578 3128 et

516 3145 711 3194 despectus.

569 3197 792 3233 RESPONDEO
840 3207 1020 3233 malannum
1067 3196 1174 3245 quod
1219 3196 1394 3234 nativitas
1437 3196 1577 3234 Christi

517 3260 594 3285 non
615 3247 746 3285 debuit
773 3247 954 3284 omnibus
980 3249 1238 3286 communiter
1263 3261 1345 3286 esse
1364 3249 1573 3288 manifesta.

518 3300 648 3337 Primo
683 3300 860 3350 quidem,
894 3299 983 3348 quia
1017 3312 1086 3349 per
1120 3302 1196 3338 hoc
1231 3301 1414 3351 impedita
1447 3302 1576 3340 fuisset

518 3352 689 3390 humana
717 3351 942 3402 redemptiO,
966 3364 1066 3401 quae
1098 3365 1167 3402 per
1194 3366 1349 3392 crucem
1381 3354 1464 3392 eius
1490 3367 1575 3405 per-

572 3492 599 3525 α)
619 3493 742 3518 iustitias.
759 3507 779 3512 -
797 3493 830 3523 Ρ;
851 3492 978 3518 iustitiam
998 3492 1087 3523 FGHI,
1106 3492 1132 3516 in
1151 3493 1261 3518 scientia
1280 3494 1311 3525 D,
1331 3495 1434 3520 iustitie:
1455 3495 1539 3521 ceteri.
1599 3494 1604 3521 Ι

1189 291 1451 339 QUAESTIO
1481 291 1658 339 XXXVI,
1687 291 1980 329 ARTICULUS
2007 292 2022 329 Ι

1403 756 1502 782 OCTO
1530 756 1732 782 ARTICULOS
1758 756 1871 782 DIVISA

1685 850 1856 896 Quarto:
1889 857 2022 887 utrum
2049 849 2130 899 ipse
2165 862 2206 887 se
2234 849 2408 888 debuerit
2434 856 2476 888 m
2521 850 2537 858 ’“
2579 845 2582 848 ’

1737 903 1800 939 vel
1826 901 1956 951 potius
1982 901 2214 940 manifestari
2240 914 2311 952 per
2336 902 2441 941 alios.
2548 928 2550 931 »
2717 920 2743 950 ’φ

1685 954 1852 1002 Quinto:
1881 966 1952 1005 per
1978 965 2079 1004 quae
2098 955 2170 992 alia
2197 954 2428 994 manifestari
2455 941 2738 1002 debuerim&

1684 1008 1821 1045 Sexto:
1851 1007 1900 1044 de
1928 1007 2064 1045 ordine
2091 1006 2454 1046 manifestationum
2503 1016 2507 1019 ’

1685 1059 1879 1109 Septimo:
1910 1060 1958 1097 de
1986 1061 2090 1098 stella
2117 1071 2187 1110 per
2214 1072 2334 1111 quam
2361 1061 2733 1112 manifestatum

1738 1112 1820 1150 eius
1848 1112 2034 1150 nativitas.
2534 1130 2535 1133 ¹
2563 1119 2566 1140 ⁵
2645 1111 2701 1136 'm
2709 1117 2717 1123 ”

1684 1164 1855 1203 Octavo:
1895 1165 1943 1202 de
1977 1165 2226 1203 veneratione
2262 1162 2499 1215 Magorum,
2636 1188 2641 1201 ι

1737 1219 1884 1256 stellam
1912 1217 2148 1256 nativitatem
2177 1218 2317 1256 Christi
2344 1228 2498 1269 cognov
2558 1166 2635 1259 'id

2536 1277 2580 1301 un
2612 1272 2695 1305 affl&

2541 1549 2544 1552 ⁴
2587 1536 2694 1566 *vum

1629 1619 1712 1650 acta
1744 1619 1818 1650 est:
1848 1612 1951 1662 quia,
1971 1621 2014 1650 ut
2033 1612 2171 1651 dicitur
2188 1615 2203 1651 I
2221 1613 2275 1652 ad
2295 1596 2747 1677 Cor.11¹¹⁸„,si‘a’cqg’rgqgw⁴

1627 1666 1771 1712 vissent,
1793 1678 1984 1716 nunquam
2005 1667 2211 1704 Dominum
2237 1666 2387 1717 gloriae
2412 1666 2519 1715 crus
2533 1675 2539 1681 ·
2563 1686 2621 1701 n>
2631 1686 2644 1701 a

1682 1718 1876 1766 Secundo,
1905 1718 1998 1768 quia
2024 1719 2101 1757 hoc
2129 1718 2370 1757 diminuisset
2387 1712 2609 1775 merium!
2599 1701 2653 1753 “fb

1626 1783 1696 1820 per
1714 1783 1835 1820 quam
1853 1778 2011 1809 venerat
2037 1771 2216 1811 homines
2235 1771 2452 1821 iustificare,
2475 1766 2517 1813 ξε
2603 1766 2626 1818 ·,³·

1627 1823 1719 1860 illud
1738 1825 1849 1861 Rom.
1865 1836 1898 1861 111
1911 1823 1948 1861 *:
1973 1825 2116 1862 Iustitia
2133 1825 2208 1862 Dei
2217 1825 2421 1876 perfidem
2437 1815 2546 1868 Iena
2588 1848 2603 1858 ιι

1629 1875 1668 1913 Si
1697 1876 1802 1913 enim
1820 1876 2028 1914 manifestis
2046 1876 2206 1925 indiciis,
2228 1877 2380 1916 Christo
2399 1886 2647 1932 nasssentffim
2677 1923 2682 1926 Α

1627 1928 1801 1966 nativitas
1829 1928 2012 1967 omnibus
2031 1938 2242 1979 appareret,
2270 1930 2346 1968 iam
2375 1932 2572 1977 tolleretur
2592 1926 2734 1987 ζᾲῑῇο

1627 1980 1730 2027 fidei,
1759 1993 1860 2031 quae
1889 1989 1943 2018 est
1970 1988 2235 2034 argumentum
2255 1995 2330 2021 non
2349 1986 2644 2035 apparentium,
2649 1983 2694 2028 iat

1629 2033 1766 2071 dicitur
1792 2035 1891 2072 Heb.
1911 2047 1947 2072 xi
1965 2034 1996 2072 ²¹⁶.
2718 2044 2731 2057 ⁶

1681 2086 1826 2133 Tertio,
1855 2087 1947 2136 quia
1973 2099 2044 2136 per
2070 2088 2146 2125 hoc
2173 2087 2339 2126 venisset
2366 2089 2406 2127 in
2433 2071 2616 2131 dubium
2617 2103 2693 2152 vy,
2731 2098 2754 2134 ῤ’

1629 2138 1716 2176 ritas
1744 2138 1991 2177 humanitatis
2018 2139 2149 2190 ipsius.
2185 2141 2297 2179 Unde
2325 2141 2567 2190 Augustinus
2588 2137 2707 2199 Q

1628 2191 1667 2228 in
1686 2191 1858 2241 Epistola
1876 2192 1940 2230 ad
1951 2193 2191 2231 Volusianum
2209 2194 2245 2231 *ε
2271 2196 2313 2232 Si
2329 2194 2450 2235 nullas
2468 2207 2519 2233 ex
2529 2209 2600 2248 Ρ

1628 2247 1666 2281 in
1695 2246 1915 2283 iuventutem
1943 2251 2101 2284 mutaret
2128 2252 2274 2308 aetates,
2304 2247 2424 2286 nullos
2441 2248 2572 2302 cibos,

1629 2304 1776 2347 caperet
1802 2310 1964 2345 somnos,
1994 2311 2118 2336 nonne
2138 2301 2350 2350 opinionem
2368 2299 2632 2356 confirmaret.

1629 2351 1745 2397 roris,
1776 2363 1844 2388 nec
1870 2352 2058 2389 hominem
2085 2364 2216 2390 verum
2253 2353 2328 2390 ullo
2359 2350 2471 2392 modo
2495 2364 2585 2402 susc.
2636 2395 2638 2398 ,

1628 2403 1858 2441 crederetur:
1884 2410 1929 2451 et,
1949 2405 2037 2442 dum
2057 2407 2184 2443 omnia
2202 2406 2422 2444 mirabiliter
2437 2406 2551 2456 flacit,

1630 2463 1683 2494 ret
1712 2457 1811 2506 quod
1836 2458 2123 2496 misericorditer
2137 2457 2262 2507 fecit?
2567 2455 2570 2461 ’

1682 2511 1739 2547 AD
1768 2522 1903 2548 PRIMUM
1930 2522 2028 2548 ERGO
2056 2523 2238 2556 DlOENDUM
2265 2512 2374 2562 quod
2401 2492 2645 2567 auctoritas?

1629 2562 1845 2611 intelligitur
1872 2563 1919 2600 de
1948 2563 2119 2601 adventu
2147 2563 2287 2602 Christi
2314 2565 2364 2602 ad
2391 2564 2597 2611 iudicium.
2626 2565 2747 2622 ff*

1629 2616 1802 2653 cundum
1831 2616 1939 2665 quod
1967 2615 2143 2655 Glossa*
2169 2616 2315 2656 ibidem
2343 2618 2512 2668 exponit.
2555 2663 2558 2668 Ι
2600 2662 2622 2664 Ι,

1682 2669 1739 2706 An
1759 2681 1947 2707 SECUNDUM
1965 2681 2148 2708 morannum
2175 2671 2283 2720 quod
2311 2670 2359 2709 de
2386 2670 2505 2722 gratia
2519 2667 2613 2724 Deig
2676 2688 2679 2689 ⁷
2700 2670 2747 2718 '1⁵'

1628 2721 1770 2765 vatoris
1797 2721 1998 2760 erudiendi
2026 2731 2133 2760 erant
2153 2735 2291 2761 omnes
2308 2723 2490 2764 homines
2515 2724 2578 2777 ad.
2602 2766 2619 2779 Ἰ
2708 2724 2729 2767 ὲ

1628 2782 1718 2821 tem,
1739 2786 1819 2811 non
1847 2774 1886 2811 in
1914 2774 2102 2825 principio
2121 2771 2323 2814 nativitatis
2342 2777 2435 2824 eim,
2456 2774 2566 2815 sed·
2579 2773 2612 2811 ·’'
2630 2801 2634 2810 ·

1627 2835 1802 2877 ternpore
1829 2828 2073 2877 procedente,
2101 2837 2309 2880 postquam
2337 2836 2510 2880 operatus
2526 2836 2660 2892 esset

1629 2881 1739 2918 lutem
1768 2882 1805 2917 in
1834 2881 1974 2918 medio·
1983 2887 2106 2919 terrae
2125 2881 2156 2919 *.
2193 2880 2325 2930 Unde,
2353 2891 2441 2934 post
2470 2880 2573 2946 passi
2605 2867 2666 2932 js
2695 2874 2727 2931 ,ΙΪ

1630 2941 1666 2970 et
1693 2933 2012 2971 resurrectionem
2039 2946 2163 2982 suam,
2183 2935 2286 2986 ,dixit
2313 2935 2529 2987 discipulis,
2563 2978 2582 2986 ΙΙ

1629 2987 1694 3023 ult.
1714 2986 1751 3023 *ε
1781 2988 1931 3033 Euntes,
1960 2987 2086 3024 docete
2111 3000 2239 3026 omnes
2265 2994 2403 3039 gentes.

1683 3040 1740 3076 An
1758 3051 1917 3077 TERTIUM
1938 3051 2119 3078 DICENDUM
2145 3041 2252 3090 quod
2279 3041 2329 3078 ad
2352 3041 2557 3080 iudicium
2697 3089 2707 3091 Ι

1630 3091 1724 3128 ritur
1742 3092 1850 3141 quod
1869 3089 2073 3130 auctoritas
2091 3093 2226 3131 iudicis
2245 3102 2516 3143 cognoscatur:
2539 3102 2576 3133 et
2594 3099 2714 3156 piu*

1629 3152 1714 3194 pter
1741 3145 1817 3182 hoc
1843 3153 1994 3194 oportet
2017 3146 2124 3195 quod
2142 3146 2332 3185 adventus
2351 3147 2493 3186 Christi
2516 3146 2586 3187 ad
2714 3156 2722 3159 '⁷

1630 3197 1734 3235 cium
1762 3197 1809 3235 sit
1835 3198 2069 3236 manifestus.
2112 3199 2190 3238 Sed
2225 3199 2377 3250 primus
2404 3198 2640 3241 advenum&

1631 3250 1680 3288 ad
1707 3250 1886 3288 omnium
1913 3252 2087 3299 salutem,
2115 3262 2217 3302 quae
2245 3260 2302 3290 est
2326 3263 2398 3303 per
2426 3252 2561 3301 fidem,

1630 3302 1790 3353 quidem
1814 3310 1869 3340 est
1886 3303 1934 3340 de
1954 3315 2034 3341 non
2053 3304 2336 3354 apparentibus.
2366 3306 2415 3344 Et
2432 3303 2522 3346 ideo
2547 3305 2635 3356 ady-

1629 3363 1690 3394 tus
1719 3355 1859 3394 Christi
1885 3355 2034 3406 primus
2061 3357 2193 3395 debuit
2220 3369 2302 3396 esse
2330 3359 2513 3399 occultus·
2634 3356 2638 3360 ⁴

1683 3494 1709 3530 β)
1731 3495 1779 3522 n«.
1795 3509 1816 3515 -
1839 3496 1903 3522 Vere
1921 3496 2012 3522 εκεῖ
2031 3501 2058 3522 et
2075 3496 2156 3522 tertia.
