2872 3970
264 978 281 994 α

167 1073 238 1120 Ιοῶἷ·
250 1073 367 1126 aaa?

170 1129 234 1146 tract.
250 1124 289 1147 1x.

267 1231 281 1264 β

168 1341 178 1350 “
193 1340 248 1367 Cap.
264 1346 296 1361 κι,

169 1658 179 1668 ·
194 1656 261 1677 Vers.
276 1662 299 1682 4.

173 1815 183 1825 ⁸
196 1814 220 1835 1³
235 1814 289 1840 11⁸⁶,
300 1819 338 1841 qu.
348 1817 385 1838 cx,

138 1870 140 1872 Ι
172 1844 214 1862 art.
228 1847 249 1866 2,
267 1840 296 1861 ad
310 1846 330 1861 2.

170 1978 184 1988 ¹⁸
200 1977 246 2004 Qu.
262 1982 285 2003 n,
306 1979 346 1997 an.
363 1975 385 1997 6.

403 296 476 332 104

1114 283 1377 331 QUAESTIO
1406 282 1474 330 Vl,
1504 281 1795 319 ARTICULUS
1821 281 1873 319 VI

1215 434 1534 477 ARTICULUS
1563 434 1772 476 SEXTUS
1802 467 1804 469 .

663 539 821 572 UTRUM
845 538 982 570 rimus
1005 538 1078 569 Dat
1101 535 1395 569 ASSUMPSERIT
1418 536 1645 567 HUMANAM
1668 534 1885 567 NATURAM
1909 535 2137 567 MEDIANTE
2162 535 2327 567 GRATIA

583 630 675 662 Supra,
695 635 739 661 qu.
758 635 786 658 u,
806 632 852 653 art.
873 634 920 651 10:
940 626 971 651 111
991 627 1074 655 Sena,
1094 626 1153 651 dist.
1171 632 1199 655 n.
1218 632 1263 657 qu.
1281 631 1310 655 ιι,
1329 629 1376 650 art.
1395 631 1419 649 2.
1438 624 1488 656 qu*
1509 630 1533 654 1,
1553 630 1583 654 23
1602 623 1661 649 dist.
1680 630 1734 654 xm,
1753 630 1798 656 qu.
1816 630 1855 654 m,
1873 628 1920 649 art.
1939 630 1969 655 ις
1989 624 2031 649 De
2052 623 2146 653 γονέι,
2166 631 2210 656 qu.
2229 630 2295 655 xxix,
2313 627 2361 649 art.
2381 629 2409 654 ²3

1022 661 1119 692 Quodl.
1138 661 1180 691 lx,
1199 668 1244 693 qu.
1262 667 1290 691 11,
1309 665 1356 686 art,
1377 666 1400 689 1.
1420 660 1452 684 ad
1473 658 1502 689 3;
1525 660 1669 692 compend.
1691 659 1789 689 noel„
1809 667 1864 692 cap.
1883 666 1969 685 ccxiv.

446 766 452 781 i
477 778 482 782 .
497 768 502 779 ι

439 782 503 810 κζ’-,Η

619 764 641 789 D
670 763 811 789 sextum
839 763 891 787 sm
919 761 1154 787 pnocnm'rua.
1184 747 1346 786 Videtur
1364 748 1471 797 quod

507 775 509 778 ’
529 779 596 815 *cir-{x

437 806 527 851 &²¹3³
544 809 594 852 Ἣ.

467 853 557 937 ἐξ
560 840 747 916 turam
788 854 982 892 mediante
1022 853 1151 903 gratia.
1200 854 1274 891 Per
1313 850 1472 902 gratiam

464 923 478 936 „
544 917 556 935 ,s

407 972 492 1001 tura
530 962 569 1000 in
599 962 750 1000 Christo
788 961 956 998 maxime
993 960 1062 997 fuit
1089 959 1197 997 unita
1216 965 1244 996 α.
1281 960 1383 1007 Ergo
1412 957 1473 996 illa

407 1016 502 1054 unio
531 1017 628 1052 facta
654 1014 724 1052 fuit
750 1026 821 1063 per
846 1013 1017 1061 gratiam.

463 1079 497 1105 2.
528 1070 761 1114 PRAETEREA,
782 1066 878 1103 sicut
896 1077 1038 1115 corpus
1056 1063 1150 1102 vivit
1168 1076 1238 1115 per
1256 1064 1427 1102 animam
1440 1063 1472 1107 ’¹2

407 1132 507 1171 quae
537 1129 592 1158 est
620 1120 702 1157 eius
729 1119 930 1169 perfectio,
960 1118 1010 1156 ita
1038 1117 1167 1155 anima
1200 1129 1271 1168 per
1301 1115 1471 1166 gratiam.

409 1174 486 1212 Sed
515 1175 689 1211 humana
707 1180 844 1210 natura
862 1170 1034 1209 redditur
1061 1182 1233 1219 congrua
1258 1171 1307 1208 ad
1327 1182 1474 1207 assum-

407 1227 583 1277 ptionem
610 1238 680 1275 per
706 1225 878 1263 animam
898 1221 923 1262 β.
953 1225 1055 1272 Ergo
1082 1223 1200 1261 Filius
1226 1223 1300 1260 Dei
1326 1235 1474 1260 assum-

409 1280 482 1330 psit
510 1279 682 1317 animam
710 1278 903 1315 mediante
930 1277 1058 1325 gratia.

465 1333 499 1369 3.
530 1331 762 1378 Pmaraam,
788 1330 1036 1379 Augustinus,
1058 1331 1128 1367 XV
1143 1330 1189 1367 de
1211 1330 1314 1366 Trin.
1334 1328 1366 1375 ⁹¹³,
1386 1327 1476 1365 dicit

410 1385 517 1435 quod
543 1385 718 1422 Verbum
746 1383 988 1420 incarnatum
1016 1390 1071 1419 est
1098 1381 1195 1420 sicut
1220 1381 1386 1419 verbum
1406 1392 1475 1418 no-

410 1446 533 1475 strum
552 1437 591 1474 in
611 1449 719 1474 voce.
751 1436 827 1473 Sed
846 1435 1012 1473 verbum
1040 1442 1217 1472 nostrum
1238 1433 1371 1471 unitur
1388 1433 1476 1471 voci

410 1490 602 1528 mediante
631 1489 776 1538 spiritu.
807 1490 909 1536 Ergo
928 1488 1103 1525 Verbum
1121 1487 1194 1524 Dei
1213 1486 1345 1524 unitur
1371 1485 1476 1523 carni

409 1543 602 1581 mediante
632 1541 775 1591 Spiritu
804 1542 962 1578 Sancto:
993 1548 1029 1577 et
1058 1540 1107 1577 ita
1125 1539 1318 1577 mediante
1346 1539 1475 1587 gratia,

410 1608 509 1646 quae
539 1594 696 1645 Spiritui
723 1595 863 1632 Sancto
892 1593 1118 1639 attribuitur,
1139 1593 1355 1629 secundum
1383 1590 1477 1628 illud

408 1651 423 1687 I
452 1649 503 1687 ad
532 1650 619 1686 Cor.
640 1647 741 1684 X11*:
772 1648 980 1695 Divisiones
1006 1648 1219 1696 gratiarum
1246 1651 1350 1691 sunt,
1380 1644 1476 1681 idem

410 1708 533 1740 autem
562 1703 728 1751 Spiritus.

465 1754 539 1792 SED
568 1766 712 1791 CONTRA
740 1765 805 1790 EST
833 1753 941 1801 quod
967 1751 1086 1800 gratia
1113 1759 1169 1788 est
1188 1751 1389 1800 quoddam
1417 1762 1477 1787 ac-

411 1808 543 1845 cidens
579 1805 749 1852 animae,
779 1813 821 1841 ut
849 1805 888 1841 in
917 1805 1097 1842 Secunda
1124 1805 1234 1840 Parte
1254 1803 1273 1825 ²¹⁵
1301 1802 1477 1839 habitum

412 1868 478 1898 est.
508 1859 609 1897 Unio
630 1866 757 1896 autem
779 1857 895 1894 Verbi
924 1858 972 1894 ad
992 1858 1206 1894 humanam
1226 1863 1404 1893 naturam
1423 1863 1479 1891 est

411 1913 508 1951 facta
537 1912 753 1949 secundum
782 1909 1077 1958 subsistentiam,
1098 1917 1135 1946 et
1153 1920 1233 1946 non
1262 1908 1478 1945 secundum

413 1965 610 2004 accidens:
640 1972 683 2001 ut
701 1977 748 2001 ex
767 1975 884 2012 supra
902 1963 922 1985 ²¹²
949 1962 1057 2000 dictis
1075 1970 1189 2012 patet.
1219 1962 1320 2009 Ergo
1342 1968 1479 1998 natura

413 2019 587 2056 humana
614 2029 695 2054 non
723 2024 778 2053 est
797 2024 995 2065 assumpta
1022 2015 1214 2052 mediante
1242 2014 1371 2061 gratia.

467 2074 692 2110 RESPONDEO
720 2081 901 2106 memnon
934 2069 1041 2118 quod
1070 2067 1110 2104 in
1139 2067 1291 2104 Christo
1323 2066 1481 2116 ponitur

413 2124 532 2172 gratia
558 2122 733 2168 unionis,
763 2129 800 2158 et
827 2121 944 2169 gratia
972 2120 1187 2158 habitualis.
1225 2119 1357 2157 Gratia
1389 2130 1479 2166 ergo

414 2189 495 2215 non
522 2184 647 2227 potest
683 2174 836 2222 intelligi
864 2182 906 2211 ut
933 2173 1109 2210 medium
1145 2173 1185 2210 in
1217 2171 1480 2222 assumptione

414 2230 610 2268 humanae
639 2236 810 2273 naturae,
832 2226 912 2264 sive
931 2228 1140 2276 loquamur
1159 2226 1206 2262 de
1225 2225 1343 2274 gratia
1369 2224 1480 2262 unio-

415 2284 486 2331 nis,
507 2282 587 2319 sive
616 2282 662 2319 de
690 2280 810 2329 gratia
828 2279 1022 2316 habituali.
1054 2278 1182 2316 Gratia
1201 2277 1308 2315 enim
1326 2277 1481 2315 unionis

415 2344 471 2373 est
498 2336 627 2385 ipsum
662 2346 744 2371 esse
772 2334 974 2382 personale
1011 2332 1119 2381 quod
1151 2331 1263 2379 gratis
1299 2330 1482 2367 divinitus

415 2390 528 2427 datur
555 2390 750 2425 humanae
779 2394 936 2423 naturae
966 2383 1005 2422 in
1023 2396 1190 2434 persona
1208 2383 1343 2421 Verbi:
1374 2383 1482 2432 quod

415 2442 574 2491 quidem
599 2448 654 2477 est
672 2439 858 2476 terminus
887 2437 1171 2487 assumptionis
1203 2436 1334 2474 Gratia
1352 2443 1482 2473 autem

415 2493 639 2542 habitualis,
668 2491 862 2542 pertinens
891 2492 940 2528 ad
978 2490 1184 2540 specialem
1202 2495 1218 2517 Υ
1246 2489 1482 2526 sanctitatem

466 2636 493 2670 α)
513 2637 598 2662 unita.
616 2650 635 2654 -
654 2635 730 2660 unita
750 2634 808 2659 Deo
827 2634 859 2663 G,
882 2633 938 2658 Deo
958 2632 1035 2657 unita
1054 2631 1073 2656 F
1093 2637 1119 2656 et
1138 2636 1222 2656 cetera
1240 2631 1324 2656 tertia.

470 2672 495 2706 β)
515 2672 643 2697 animam.
655 2685 674 2690 —
697 2670 817 2703 gratiam
836 2676 929 2693 omnes
953 2673 1055 2701 praeter
1067 2667 1097 2697 E,
1111 2668 1155 2699 qui
1174 2667 1235 2700 legit
1254 2667 1373 2691 animam
1394 2669 1423 2691 ut
1442 2666 1482 2691 di-

413 2712 485 2734 ctum
499 2711 555 2733 est.-
572 2714 638 2739 ergo
651 2710 677 2731 ee
695 2706 787 2730 anima
805 2704 931 2729 redditur·
948 2709 1070 2736 congrua
1083 2702 1121 2727 ad
1134 2702 1342 2734 assumptionem
1352 2708 1405 2734 per
1418 2709 1483 2735 gra-

417 2744 492 2769 tiam.

1526 747 1625 785 illius
1662 746 1852 795 hominis,
1881 755 1937 784 est
1964 748 2123 785 effectus
2150 747 2310 797 quidam
2346 759 2588 798 consequens

620 804 738 841 Filius
772 803 844 840 Dei
880 801 1128 852 assumpserit
1162 802 1375 838 humanam
1406 812 1472 837 na·
1526 800 1732 838 unionem:
1762 798 2299 838 secundumilludloan.1*:
2328 801 2492 838 Vidimus
2509 801 2588 851 glo-

1527 855 1624 891 riam
1644 855 1720 890 eius
1748 854 1855 903 quasi
1875 853 2067 903 Unigeniti
2082 866 2106 890 a
2124 853 2247 903 Patre,
2260 853 2416 904 plenum
2441 856 2590 904 gratiae

602 909 725 946 enim
760 909 919 946 unimur
953 907 1050 945 Deo.
1090 907 1167 944 Sed
1199 907 1372 944 humana
1406 918 1472 943 na·
1497 899 1502 939 Ι
1526 912 1560 944 et
1586 907 1768 951 veritatis,-
1803 917 1873 955 per
1900 905 2008 954 quod
2044 905 2156 943 datur
2182 905 2335 954 intelligi
2371 906 2479 956 quod
2513 907 2590 944 hoc

1527 958 1611 1009 ipso
1631 958 1739 1008 quod
1757 958 1818 996 ille
1837 959 1959 995 homo
1979 966 2035 995 est
2053 957 2280 1006 Unigenitus
2297 971 2320 996 a
2338 959 2461 1006 Patre,
2481 960 2589 1008 quod

1527 1012 1643 1049 habet
1661 1010 1674 1034 δ
1701 1023 1772 1060 per
1789 1010 1990 1058 unionem,
2010 1010 2126 1048 habet
2152 1011 2430 1060 plenitudinem
2450 1012 2590 1060 gratiae

1527 1073 1564 1101 et
1590 1063 1768 1101 veritatis.

1581 1117 1622 1155 Si
1649 1129 1743 1154 vero
1781 1114 2008 1165 intelligatur
2042 1112 2161 1164 gratia
2195 1115 2278 1166 ipsa
2304 1117 2482 1154 voluntas
2518 1116 2592 1157 Dei

1528 1169 1673 1220 aliquid
1700 1169 1812 1218 gratis
1839 1169 1981 1207 faciens
2008 1169 2070 1207 vel
2097 1169 2263 1216 donans,
2293 1166 2347 1206 sic
2373 1169 2467 1206 unio
2495 1169 2592 1207 facta

1529 1231 1584 1261 est
1610 1235 1680 1273 per
1696 1221 1869 1270 gratiam,
1889 1234 1970 1259 non
1998 1221 2095 1259 sicut
2112 1233 2182 1271 per
2200 1221 2387 1266 medium,
2407 1222 2475 1260 sed
2495 1222 2594 1260 sicut

1527 1288 1597 1326 per
1623 1287 1782 1313 causam
1810 1274 2051 1312 efficientem.

1581 1330 1638 1366 An
1667 1338 1802 1365 PRIMUM
1821 1339 1919 1365 ERGO
1947 1338 2129 1365 mcaunum
2149 1328 2256 1377 quod
2276 1327 2370 1365 unio
2393 1335 2524 1365 nostra
2542 1328 2592 1366 ad

1528 1381 1658 1419 Deum
1687 1387 1742 1418 est
1768 1392 1838 1430 per
1872 1379 2156 1430 operationem,
2186 1379 2418 1430 inquantum
2455 1379 2594 1419 scilicet

1530 1447 1621 1472 eum
1649 1433 1918 1482 cognoscimus
1937 1441 1973 1470 et
1995 1444 2184 1471 amamus.
2214 1433 2263 1470 Et
2281 1433 2368 1471 ideo
2387 1432 2470 1471 talis
2497 1433 2592 1471 unio

1530 1495 1585 1524 est
1602 1499 1672 1536 per
1698 1485 1857 1534 gratiam
1876 1486 2132 1524 habitualem:
2162 1485 2393 1535 inquantum
2421 1486 2594 1536 operatio

1529 1541 1694 1589 perfecta
1729 1538 1901 1588 procedit
1928 1539 1977 1576 ab
2006 1538 2150 1576 habitu.
2190 1539 2266 1576 Sed
2303 1538 2398 1576 unio
2435 1546 2596 1578 naturae

1531 1594 1726 1629 humanae
1745 1592 1794 1628 ad
1813 1591 1987 1629 Verbum
2006 1591 2078 1628 Dei
2097 1598 2153 1628 est
2171 1591 2389 1628 secundum
2408 1603 2491 1628 esse
2508 1603 2594 1642 per-

1531 1646 1679 1682 sonale:
1710 1643 1817 1694 quod
1836 1655 1916 1681 non
1935 1643 2126 1694 dependet
2144 1643 2192 1681 ab
2212 1643 2342 1693 aliquo
2361 1643 2507 1693 habitu,
2527 1642 2595 1682 sed

1531 1697 1751 1735 immediate
1779 1696 1827 1734 ab
1854 1696 1938 1747 ipsa
1965 1704 2112 1734 natura.
2494 1698 2499 1702 ’

1584 1752 1641 1787 AD
1669 1762 1858 1788 SECUNDUM
1885 1762 2067 1787 DlCENDUM
2095 1749 2203 1799 quod
2231 1749 2360 1787 anima
2393 1757 2448 1787 est
2474 1749 2597 1799 perfe-

1531 1802 1606 1850 ctio
1635 1802 1889 1839 substantialis
1916 1802 2106 1851 corporis:
2135 1802 2253 1850 gratia
2270 1814 2365 1840 vero
2393 1810 2448 1840 est
2474 1802 2596 1852 perfe-

1532 1855 1606 1892 ctio
1626 1855 1777 1892 animae
1797 1854 2048 1892 accidentalis.
2070 1856 2118 1891 Et
2137 1855 2224 1892 ideo
2240 1854 2359 1903 gratia
2376 1866 2457 1892 non
2471 1863 2598 1905 potest

1533 1907 1710 1945 ordinare
1738 1907 1910 1944 animam
1936 1907 1985 1944 ad
2004 1906 2192 1944 unionem
2219 1909 2474 1957 personalem,
2495 1919 2596 1958 quae

1532 1973 1613 1998 non
1641 1968 1696 1998 est
1724 1959 1975 2007 accidentalis,
2005 1959 2102 1997 sicut
2129 1959 2259 1997 anima
2286 1972 2427 2010 corpus
2446 1966 2470 1998 Ε.

1585 2014 1643 2050 Αι)
1670 2025 1830 2051 TERTlUM
1856 2025 2038 2050 memnon
2075 2012 2183 2062 quo-d
2219 2013 2386 2051 verbum
2418 2020 2597 2052 nostrum

1533 2066 1664 2103 unitur
1691 2066 1779 2103 voci
1806 2065 1998 2103 mediante
2027 2065 2175 2115 spiritu,
2205 2077 2286 2103 non
2313 2065 2472 2115 quidem
2500 2066 2599 2104 siem

1533 2118 1663 2156 medio
1691 2118 1853 2165 formali,
1883 2119 1950 2155 sed
1979 2118 2075 2155 sicut
2101 2130 2171 2167 per
2198 2118 2373 2156 medium
2409 2130 2595 2157 movens:

1533 2183 1626 2208 nam
1652 2183 1698 2208 ex
1718 2171 1839 2208 verbo
1859 2179 2046 2220 concepto
2066 2170 2223 2208 interius
2241 2170 2414 2220 procedit
2432 2171 2597 2221 spiritus,

1534 2238 1581 2262 ex
1609 2236 1689 2273 quo
1717 2223 1904 2261 formatur
1930 2236 2019 2261 vox.
2049 2225 2098 2261 Et
2125 2223 2296 2261 similiter
2314 2236 2360 2261 ex
2378 2224 2508 2262 Verbo
2535 2235 2598 2263 ae-

1534 2285 1643 2314 terno
1662 2277 1836 2326 procedit
1854 2276 2017 2329 Spiritus
2037 2277 2211 2323 Sanctus,
2231 2276 2299 2326 qui
2317 2277 2498 2315 formavit
2515 2289 2601 2315 cor-

1534 2342 1609 2380 pus
1629 2329 1781 2377 Christi,
1802 2337 1845 2366 ut·
1862 2329 1958 2366 insta
1971 2329 1992 2351 ‘¹‘
2012 2329 2166 2379 patebit.
2195 2330 2287 2367 Non
2306 2337 2438 2367 autem
2456 2341 2504 2367 ex
2522 2330 2600 2368 hoc
2626 2338 2635 2350 ·
2684 2353 2691 2360 ·

1535 2382 1708 2432 sequitur
1734 2383 1842 2432 quod
1873 2381 1991 2430 gratia
2020 2382 2182 2432 Spiritus
2210 2381 2338 2420 Sancti
2365 2381 2412 2419 sit
2438 2383 2600 2421 formale

1536 2435 1711 2472 medium
1740 2435 1779 2472 in
1807 2435 1952 2472 unione
1980 2434 2184 2485 praedicta.

1589 2630 1617 2674 J)
1635 2631 1785 2670 speciaIem.
1802 2644 1821 2648 -
1839 2629 2006 2661 spiritualem
2025 2629 2089 2661 pEH
2109 2633 2134 2653 et
2147 2615 2289 2654 editiones.

1589 2666 1613 2736 23
1631 2666 1818 2734 ἕένῗκξαξεὲὶ
1827 2665 1942 2732 ᾎοξὲξιῖ
1951 2664 2032 2729 gg?
2045 2663 2083 2724 gd
2099 2706 2196 2732 corpus
2214 2700 2252 2725 bc.

1090 2827 1427 2860 Commentario.
1449 2825 1703 2858 Car-ainans
1724 2825 1927 2857 Caietam

476 2929 584 2950 nutus
608 2918 731 2949 articuli
755 2918 833 2948 sexti
857 2915 1083 2956 intelligendus
1107 2921 1154 2946 est
1175 2921 1212 2946 ut
1235 2920 1337 2945 sonat.

418 2929 473 2993 T
531 2965 566 2994 ln
597 2972 733 3003 corpore
757 2961 878 2992 articuli
910 2961 1005 2991 unica
1033 2965 1079 2990 est
1101 2959 1268 2990 conclusio
1299 2959 1483 2999 responsiva

418 3009 579 3048 quaesito:
606 3007 722 3038 Gratia
746 3015 810 3036 non
822 3010 930 3046 potest
952 3005 1092 3046 intelligi
1107 3009 1144 3035 ut
1157 3003 1296 3034 medium
1312 3003 1344 3034 in
1360 3011 1484 3033 assum-

410 3053 525 3093 ptione
547 3052 708 3082 humanae
724 3055 871 3080 naturae.
895 3050 936 3079 Et
951 3049 1104 3089 probatur
1119 3049 1173 3078 sic.
1199 3047 1306 3078 Gratia
1321 3047 1485 3087 tripliciter

418 3096 480 3127 dici
503 3101 625 3136 potest:
656 3095 824 3134 dupliciter
854 3093 985 3133 quidem
1015 3093 1048 3123 in
1072 3093 1217 3128 Christo,
1245 3092 1364 3122 scilicet
1387 3091 1484 3131 gratia

418 3141 557 3175 unionis,
583 3145 614 3170 et
628 3139 726 3178 gratia
741 3134 924 3173 habitualis;
949 3143 980 3167 et
1003 3138 1097 3167 tertio
1117 3136 1228 3172 modo,
1252 3137 1321 3176 ipsa
1335 3135 1483 3166 voluntas

419 3185 479 3214 Dei
502 3184 596 3223 gratis
620 3182 752 3212 donans.
780 3180 843 3211 Sed
861 3181 951 3211 nullo
967 3182 1102 3211 istorum
1124 3180 1298 3211 modorum
1320 3180 1415 3210 habet
1436 3189 1484 3209 ra-

418 3229 541 3258 tionem
564 3226 661 3257 medii
691 3226 725 3255 in
749 3225 966 3264 assumptione
989 3225 1148 3255 humanae
1171 3229 1312 3255 naturae.
1343 3224 1439 3264 Ergo.

475 3271 630 3301 Probatur
650 3269 841 3309 singillatim.
866 3268 983 3303 ptime,
1001 3267 1040 3298 de
1061 3270 1159 3308 gratia
1174 3269 1312 3299 unionis.
1336 3267 1423 3306 Quia
1438 3272 1485 3298 est

420 3316 527 3355 ipsum
551 3323 618 3345 esse
642 3313 809 3353 personale
832 3312 926 3351 gratis
949 3311 1073 3346 datum,
1098 3312 1187 3352 quod
1209 3313 1243 3342 in
1267 3312 1484 3352 assumptione

422 3369 455 3389 se
470 3360 566 3389 habet
581 3363 617 3388 ut
632 3357 796 3391 terminus,
813 3364 880 3386 non
897 3360 932 3386 ut
947 3354 1100 3386 medium.
1113 3373 1136 3378 -
1154 3356 1315 3392 Secundo,
1332 3356 1371 3387 de
1387 3356 1485 3396 gratia

422 3403 583 3433 habituali.
609 3401 694 3440 Quia
717 3409 750 3431 se
773 3400 868 3430 habet
888 3405 923 3429 ut
947 3398 1077 3429 effectus
1100 3408 1302 3439 consequens
1317 3401 1483 3436 unionem,

422 3451 458 3476 ut
479 3451 565 3486 patet
581 3446 668 3476 Ioan.
684 3455 704 3475 1.
728 3463 751 3467 —
766 3444 887 3478 Tertio,
905 3442 944 3473 de
960 3442 1124 3472 voluntate
1141 3442 1255 3474 divina.
1279 3444 1364 3481 Quia
1380 3453 1413 3474 se
1429 3444 1484 3474 ha-

422 3490 476 3520 bet
499 3495 534 3520 ut
557 3498 651 3519 causa
675 3488 824 3524 efficiens,
847 3495 915 3517 non
938 3491 974 3516 ut
997 3485 1150 3516 medium.

480 3533 516 3563 ΙΙ.
541 3533 625 3563 Nota
641 3533 692 3563 hic
709 3533 824 3572 primo,
842 3530 930 3571 quod
946 3530 1043 3570 gratia
1062 3534 1166 3569 potest
1183 3530 1350 3569 dupliciter
1364 3531 1484 3561 inesse:

424 3577 543 3607 scilicet
558 3577 738 3611 formaliter,
751 3576 800 3606 vel
815 3575 966 3606 effective.
984 3574 1024 3604 Et
1039 3574 1114 3613 quia
1126 3574 1223 3613 gratia
1239 3574 1348 3613 primis
1360 3574 1486 3604 duobus

1536 2913 1641 2944 modis
1665 2912 1779 2943 dicitur
1802 2912 1992 2948 formaliter,
2023 2912 2117 2942 tertio
2144 2917 2252 2943 autem
2281 2911 2440 2949 effective,
2469 2910 2543 2943 ideo
2566 2911 2600 2943 in

1536 2958 1638 2988 littera
1658 2957 1781 2987 Auctor
1796 2956 1958 2996 duplicem
1973 2961 2099 2987 tantum
2114 2957 2148 2986 in
2164 2956 2292 2987 Christo
2307 2956 2341 2987 in
2356 2955 2513 2996 principio
2529 2964 2600 2986 cor-

1536 3002 1623 3042 poris
1638 3001 1762 3031 articuli
1777 3000 1864 3037 dixit,
1881 3001 2001 3031 scilicet
2016 3001 2145 3031 unionis
2161 3006 2192 3031 et
2207 3000 2347 3031 habitus:
2363 3004 2498 3040 utraque
2513 2999 2600 3030 enirn

1537 3051 1584 3077 est
1606 3045 1780 3076 formaliter
1802 3045 1836 3075 in
1861 3045 1999 3075 Christo.
2024 3045 2139 3075 Divina
2155 3049 2262 3075 autem
2276 3043 2424 3074 voluntas
2440 3048 2487 3074 est
2501 3044 2600 3083 gratia

1538 3089 1697 3120 effective:
1722 3098 1758 3120 ac
1781 3098 1839 3129 per
1854 3090 1927 3125 hoc,
1948 3089 2037 3120 velut
2051 3089 2226 3119 extrinseca
2240 3097 2344 3119 causa.
2367 3087 2409 3118 Et
2429 3092 2600 3127 propterea

1537 3142 1604 3165 non
1629 3139 1675 3164 est
1697 3134 1730 3164 in
1746 3133 1847 3163 littera
1862 3138 2094 3163 connumerata
2108 3133 2190 3163 inter
2204 3132 2318 3172 gratias
2331 3131 2365 3162 in
2380 3130 2519 3162 Christo.
2544 3130 2600 3162 Illa

1538 3177 1697 3218 siquidem
1719 3177 1914 3218 praepositio
1932 3177 1964 3207 in
1987 3177 2119 3208 denotat
2136 3185 2205 3207 esse
2222 3176 2256 3206 in
2269 3174 2399 3206 Christo
2415 3174 2600 3212 formaliter,

1539 3223 1620 3253 sicut
1644 3221 1747 3252 forma
1768 3227 1817 3252 est
1838 3222 1873 3252 in
1896 3221 2051 3252 subiecto.

1593 3266 1679 3297 Nota
1699 3264 1844 3297 secundo
1873 3264 1980 3306 quod,
2010 3272 2087 3296 eum
2114 3263 2186 3304 quis
2214 3262 2350 3303 gratiose
2379 3261 2433 3293 dat
2457 3262 2600 3303 seipsum

1539 3311 1647 3347 alicui,
1672 3315 1749 3341 tunc
1771 3311 1907 3350 ipsemet
1927 3314 2062 3340 vocatur
2082 3313 2115 3338 et
2137 3311 2184 3338 at
2205 3307 2320 3347 gratia:
2343 3306 2430 3337 iuxta
2452 3315 2601 3338 eommu-

1538 3364 1614 3386 nem
1630 3363 1725 3385 usum
1741 3353 1906 3394 loquendi,
1926 3361 1994 3393 quo
2006 3356 2197 3383 concessum
2212 3350 2348 3390 gratiose
2362 3350 2487 3381 donum
2500 3351 2601 3391 gratia

1538 3404 1680 3435 vocatur,
1703 3398 1782 3429 dum
1804 3397 1950 3433 (lichnus,
1974 3395 2139 3437 {arefecit
2159 3394 2237 3425 mihi
2258 3394 2342 3425 hanc
2363 3394 2522 3436 gratiam,
2539 3400 2599 3425 etc.

1539 3443 1579 3473 Et
1603 3443 1666 3473 hoc
1689 3442 1799 3478 modo,
1825 3442 1899 3482 quia
1922 3450 1971 3471 res
1993 3439 2065 3470 data
2080 3439 2238 3469 humanae
2253 3443 2384 3469 naturae
2398 3438 2432 3469 in
2448 3439 2599 3479 mysterio

1539 3487 1766 3526 assumptionis
1787 3491 1835 3516 est
1858 3492 1925 3515 esse
1947 3481 2114 3524 personale
2137 3481 2207 3512 Filii
2226 3482 2296 3519 Dei,
2319 3481 2394 3513 ideo
2409 3482 2515 3523 ipsum
2531 3491 2601 3513 esse

1539 3530 1716 3570 personale,
1740 3535 1776 3560 ut
1798 3529 1902 3560 induit
1923 3527 2079 3558 rationem
2100 3525 2179 3557 doni
2202 3526 2338 3566 gratiose
2361 3527 2519 3562 concessi,
2542 3535 2601 3557 vo-

1540 3578 1628 3603 catur
1650 3574 1764 3613 gratia:
1797 3572 1925 3604 unionis
1948 3576 2071 3606 autern,
2102 3570 2177 3610 quia
2206 3579 2263 3610 per
2285 3571 2441 3601 unionem
2468 3571 2602 3601 habetur
