2872 3970
186 943 372 970 ⁸1⁸11M..quux

187 974 227 991 an.
242 976 263 996 2,
278 976 298 995 7

186 1517 195 1527 ⁸
209 1516 257 1537 Art.
273 1523 295 1541 4.

184 1789 195 1800 ⁸
210 1789 275 1810 Vers.
290 1796 323 1817 37.

186 1892 197 1902 ⁸
221 1891 343 1912 Comment.
373 1891 397 1912 in

189 1917 271 1939 Matth.
289 1918 327 1938 lib.
343 1917 383 1939 IV.

184 1997 193 2005 ⁴
209 1996 266 2023 Cap.
282 2002 331 2018 vm.

279 2211 294 2239 t

426 290 496 328 192

422 359 618 397 delectatio
647 359 799 397 divinae
818 357 1148 418 contemplationis
1174 358 1224 395 ita
1243 369 1312 416 per
1330 356 1481 405 dispen-

423 413 611 450 sationem
645 413 798 451 divinae
832 411 979 450 virtutis
1014 410 1246 448 retinebatur
1280 409 1319 446 in
1353 416 1481 446 mente

424 465 563 502 Christi
589 466 695 514 quod
724 477 804 502 non
832 462 1107 502 derivabatur⁰
1135 463 1184 500 ad
1210 462 1309 499 vires
1337 461 1481 498 sensiti-

422 531 503 565 vaS,
524 526 566 555 ut
583 530 654 567 per
679 519 755 555 hoc
774 518 884 555 dolor
911 516 1097 554 sensibilis
1121 515 1394 552 excluderetur.
1426 513 1481 551 Si-

423 578 487 608 cut
515 578 644 608 autem
673 571 784 608 dolor
810 568 995 607 sensibilis
1024 576 1079 605 est
1106 567 1145 604 in
1166 566 1337 616 appetitu
1365 565 1482 603 sensi—

423 623 514 667 tivo‚
536 623 585 660 ita
613 631 648 660 et
666 622 826 660 tristitia:
857 622 923 659 sed
953 629 1007 658 est
1025 620 1238 658 differentia
1266 619 1481 656 secundum

423 675 627 723 motivum,
648 675 727 712 sive
747 674 953 711 obiectum.
991 674 1094 710 Nam
1114 673 1308 709 obiectum
1336 680 1371 708 et
1399 684 1482 708 mo-

423 728 556 765 tivum.
582 728 724 765 doloris
752 735 806 764 est
840 727 955 764 laesio
989 737 1104 762 sensu
1132 733 1252 762 tactus
1284 732 1480 773 percepta:

424 781 520 818 sicut
554 792 644 817 cum
679 780 815 839 aliquis
847 780 1080 816 vulneratur.
1117 777 1323 815 obiectum
1352 785 1481 814 autem

424 841 460 870 et
478 832 669 870 motivum
696 832 862 869 tristitiae
891 839 946 868 est
964 830 1149 868 nocivum
1169 842 1237 866 seu
1259 829 1435 866 malum
1427 841 1482 866 1n-

423 885 539 923 terius
567 885 864 944 apprehensum,
886 884 965 921 sive
993 895 1062 932 per
1090 882 1277 920 rationem
1306 881 1386 918 sive
1414 894 1483 931 per

375 937 747 996 vrimagiriationem,
768 937 863 974 sicut
883 936 921 973 in
941 936 1120 974 Secunda
1139 936 1250 972 Parte
1268 934 1288 956 '¹‘
1306 934 1482 973 habitum

423 999 497 1027 est.
528 989 624 1027 sicut
651 1002 742 1027 cum
761 989 897 1038 aliquis
924 989 1090 1026 tristatur
1107 988 1156 1025 de
1175 987 1382 1025 amissione
1401 1000 1483 1036 gra·

422 1043 495 1080 tiae
523 1044 583 1079 vel
611 1042 809 1091 pecuniae.
1289 1059 1292 1062 ⁴

476 1095 603 1132 Potuit
627 1103 756 1132 autem
776 1094 904 1132 anima
933 1093 1073 1131 Christi
1091 1093 1249 1130 interius
1269 1094 1482 1144 apprehen-

423 1148 512 1185 dere
541 1147 683 1197 aliquid
712 1155 754 1186 ut
781 1146 977 1194 nocivum,
999 1155 1034 1184 et
1062 1154 1252 1196 quantum
1280 1147 1329 1184 ad
1357 1159 1409 1193 se,
1437 1146 1483 1183 si—

423 1209 486 1238 cut
505 1200 631 1250 passio
651 1209 687 1238 et
705 1213 810 1238 mors
830 1200 911 1238 eius
930 1199 1018 1237 fuit:
1041 1208 1077 1236 et
1095 1208 1287 1249 quantum
1306 1199 1355 1237 ad
1375 1199 1482 1246 alios,

423 1253 519 1290 sicut
546 1262 748 1303 peccatum
775 1253 1064 1302 discipulorum,
1091 1254 1152 1290 vel
1181 1252 1295 1290 etiam
1324 1253 1482 1290 ludaeo-

423 1318 511 1343 rum
535 1306 793 1343 occidentium
819 1306 958 1355 ipsum.
988 1307 1036 1343 Et
1063 1305 1164 1353 ideo,
1185 1305 1281 1342 sicut
1308 1305 1347 1342 in
1377 1305 1482 1342 Chri-

424 1367 481 1396 sto
509 1359 633 1409 potuit
661 1372 742 1396 esse
770 1371 885 1396 verus
913 1359 1035 1406 dolor,
1057 1358 1106 1396 ita
1125 1359 1165 1396 in
1185 1371 1231 1395 eo
1250 1359 1374 1408 potuit
1401 1371 1483 1395 esse

423 1424 514 1449 vera
541 1412 703 1449 tristitia:
734 1412 808 1449 alio
842 1420 971 1449 tamen
1000 1412 1120 1448 modo
1155 1423 1275 1460 quam
1303 1410 1343 1448 in
1371 1411 1482 1449 nobis

424 1473 496 1511 est,
526 1465 742 1502 secundum
770 1465 830 1502 illa
858 1464 927 1502 tria
955 1477 1055 1514 quae
1083 1472 1171 1501 sunt
1205 1463 1393 1512 assignata
1420 1477 1482 1501 su-

422 1530 491 1566 pra
509 1517 539 1562 ²⁸,
560 1530 651 1554 cum
670 1517 928 1555 communiter
955 1518 1003 1555 de
1033 1517 1171 1555 Christi
1190 1517 1400 1566 passione⁵
1428 1519 1482 1555 lo-

422 1582 641 1619 queremur.

474 1625 531 1660 An
560 1636 694 1661 PRIMUM
724 1635 821 1660 ERGO
850 1635 1031 1661 DICENDUM
1052 1623 1159 1672 quod
1187 1623 1331 1660 tristitia
1359 1635 1482 1660 remo-

422 1684 533 1713 vetur
560 1689 582 1714 a
603 1676 753 1713 Christo
782 1677 998 1713 secundum
1016 1676 1237 1725 passionem
1255 1676 1481 1725 perfectam:

422 1728 490 1766 fuit
509 1737 638 1766 tamen
655 1728 694 1766 in
710 1741 756 1766 eo
772 1729 925 1776 initiata,
942 1729 1158 1766 secundum
1176 1729 1481 1778 propassionem.

422 1782 534 1818 Unde
563 1781 699 1818 dicitur
726 1783 861 1819 Matth.
890 1794 972 1818 xxvl
990 1781 1027 1817 *z
1061 1783 1188 1830 Coepit
1215 1783 1426 1818 contristari
1452 1788 1484 1819 et

423 1840 580 1871 moestus
593 1847 679 1871 esse.
703 1849 721 1867 «
739 1835 854 1871 Aliud
874 1834 978 1871 enim
998 1841 1052 1870 est
1071 1833 1292 1879 contristari,
1309 1834 1412 1871 aliud
1431 1834 1484 1871 in-

423 1886 548 1936 cipere
567 1887 787 1933 contristari,
807 1903 825 1920 »
853 1895 896 1923 ut
915 1886 1177 1935 Hieronymus
1196 1886 1369 1923 ibidem*
1383 1886 1482 1923 dicit.

476 1941 532 1976 AD
561 1952 749 1977 SECUNDUM
777 1951 957 1977 DICENDUM
986 1939 1104 1988 quod,
1126 1938 1222 1975 sicut
1249 1939 1484 1987 Augustinus

423 1991 523 2039 dicit,
544 1993 630 2029 XIV
649 1993 694 2029 de
716 1994 793 2030 Civ.
816 1993 887 2029 Dei
903 1992 935 2039 ²⁸,
958 2004 1033 2041 pro
1060 1993 1175 2029 trihus
1196 1994 1483 2042 perturbationi-

422 2047 500 2091 bus,
517 2045 655 2082 scilicet
674 2045 890 2094 cupiditate,
906 2044 1044 2082 laetitia
1063 2053 1099 2082 et
1117 2044 1267 2091 timore,
1283 2047 1396 2082 Stoici
1412 2051 1484 2082 tres

422 2099 621 2147 eupatlzias,
642 2098 738 2135 idest
757 2099 878 2135 bonas
906 2097 1114 2147 passiones,
1136 2099 1173 2134 in
1193 2099 1321 2134 anima
1338 2100 1483 2147 sapien-

421 2152 464 2187 tis
486 2157 712 2200 posuerunt.-
739 2151 876 2188 scilicet
903 2163 978 2200 pro
1011 2151 1207 2200 cupiditate
1236 2151 1481 2196 voluntatem,

415 2215 490 2252 pro
517 2204 651 2240 laetitia
676 2204 875 2254 gaudium,
897 2216 972 2253 pro
998 2209 1096 2240 metu
1122 2204 1331 2240 cautionem
1351 2202 1374 2240 ζ.
1412 2204 1485 2240 Sed

415 2269 489 2305 pro
509 2258 650 2294 tristitia
670 2263 899 2306 negaverunt
918 2257 1059 2306 aliquid
1069 2269 1180 2306 posse
1203 2268 1279 2293 esse
1297 2258 1334 2293 in
1355 2258 1482 2294 animo

419 2311 612 2358 sapientis:
640 2311 725 2358 quia
753 2311 894 2346 tristitia
923 2315 972 2346 est
1000 2310 1045 2346 de
1063 2310 1163 2346 malo
1192 2310 1291 2358 quod
1317 2311 1392 2346 iam
1421 2322 1481 2346 ac—

472 2439 497 2473 ὃ)
517 2440 698 2466 derivabatur.
716 2455 735 2458 —
751 2440 851 2464 PEF’sD
872 2445 897 2464 et
915 2447 946 2471 ας
967 2440 1161 2465 derivabuntur
1179 2441 1296 2474 ABCpD,
1313 2441 1483 2466 derivaretur

420 2481 503 2500 cetera
523 2481 603 2501 tertia.

1117 278 1380 326 QUAESTIO
1409 279 1497 325 XV,
1526 278 1819 316 ARTICULUS
1848 279 1897 315 VI

1532 356 1642 400 cidit‚·
1671 357 1814 394 nullum
1841 362 1965 395 autem
1987 356 2133 394 >malum
2162 357 2355 395 aestimant
2367 369 2479 406 posse
2503 359 2597 399 anci,b

1535 409 1624 446 dere
1648 410 1814 458 sapienti.
1856 409 1904 446 Et
1932 409 2007 446 hoc
2035 408 2123 445 ideo
2154 417 2212 448 est
2237 408 2330 457 quia
2360 409 2598 452 menstede*

1535 462 1628 498 bant
1663 460 1807 510 aliquid
1835 473 1917 499 esse
1948 461 2101 499 bonum
2129 460 2201 499 nisi
2234 461 2474 509 honestum,
2485 462 2598 511 quod

1537 513 1716 550 homines
1751 514 1876 550 bonos
1910 513 2012 559 sacit3
2049 525 2120 550 nec
2143 513 2315 567 aliquid
2330 526 2425 555 esse
2449 516 2598 558 malum

1537 565 1608 603 nisi
1637 566 1904 612 inhonestum,
1930 577 2000 615 per
2027 566 2138 616 quod
2161 562 2341 607 homines
2365 566 2459 610 mali
2485 566 2596 609 fiunt.

1581 618 1781 678 Quamvis
1816 625 1946 657 autem
1981 619 2190 660 honestum
2218 618 2263 657 sit
2289 618 2518 669 principale
2526 620 2598 661 ho-

1537 671 1651 708 minis
1679 671 1840 716 bonum,
1862 679 1898 708 et
1925 670 2174 709 inhonestum
2192 671 2401 721 principale
2429 672 2599 711 hominis

1536 726 1698 770 malum,
1718 723 1810 773 quia
1837 724 1933 761 haec
1959 723 2149 773 pertinent
2175 725 2225 762 ad
2246 724 2367 774 ipsam
2397 724 2597 772 rationem,

1537 789 1637 826 quae
1658 784 1712 813 est
1731 776 1950 826 principalis
1968 777 2007 813 in
2027 777 2204 823 homine;
2227 785 2316 814 sunt
2333 785 2463 815 tamen
2482 789 2599 827 quae·

1538 830 1628 867 dam
1648 828 1874 866 secundaria
1891 829 2061 867 hominis
2088 830 2203 877 bona,
2223 841 2324 880 quae
2342 830 2599 892 pertineritqd

1537 882 1667 933 ipsum
1695 893 1847 932 corpuS,
1867 883 1929 919 vel
1957 882 2006 919 ad
2034 882 2239 921 exteriores
2266 892 2326 920 res
2354 882 2506 934 corpori
2534 883 2599 920 de-

1537 934 1755 972 servientes.
1799 935 1847 972 Et
1875 935 2090 972 secundum
2127 935 2220 982 hoc,
2248 942 2373 987 potest
2399 935 2440 973 in
2467 935 2598 975 animo

1538 987 1716 1048 sapientis
1736 1000 1818 1025 esse
1837 987 1992 1035 tristitia,
2007 995 2199 1037 quantum
2214 988 2264 1026 ad
2282 986 2496 1038 appetitum
2514 1001 2599 1026 sen—

1538 1041 1706 1088 sitivum‚
1735 1041 1951 1078 secundum
1988 1040 2339 1100 apprehensionem
2373 1041 2599 1081 huiusmodi

1537 1095 1751 1132 malorum:
1781 1105 1862 1131 non
1880 1101 2011 1131 tamen
2039 1093 2090 1130 ita
2111 1094 2220 1143 quod
2248 1093 2319 1131 ista
2344 1093 2488 1131 tristitia
2514 1105 2600 1144 per—

1537 1147 1663 1184 turbet
1690 1146 1890 1184 rationem.
1920 1147 1968 1183 Et
1996 1147 2212 1184 secundum
2240 1146 2316 1184 hoc
2351 1146 2465 1185 etiam
2493 1146 2600 1184 intel-

1538 1199 1662 1249 ligitur
1694 1199 1801 1250 quod
1837 1211 1912 1237 non
1940 1201 2166 1238 contristabit
2199 1201 2332 1237 iustum
2364 1198 2542 1250 quidquid
2567 1200 2602 1238 ei

1537 1253 1733 1291 acciderit.-
1767 1251 1858 1302 quia
1892 1251 2032 1290 scilicet
2065 1265 2112 1290 ex
2146 1253 2253 1290 nullo
2287 1251 2491 1290 accidente
2517 1251 2600 1291 eius

1538 1306 1632 1343 ratio
1660 1306 1914 1355 perturbatur.
1945 1306 1993 1342 Et
2015 1306 2232 1343 secundum
2258 1306 2335 1343 hoc
2359 1305 2506 1344 tristitia
2531 1304 2601 1344 fuit

1537 1359 1576 1396 in
1601 1359 1765 1406 Christo,
1786 1358 2002 1396 secundum
2030 1358 2335 1408 propassionem,
2356 1369 2436 1396 non
2465 1370 2600 1397 secun-

1537 1413 1633 1449 dum
1661 1411 1893 1462 passionem.

1589 1466 1647 1502 AD
1674 1477 1833 1502 ’mimum
1867 1477 2048 1502 moenum-M
2076 1464 2184 1514 quod
2219 1463 2346 1502 omnis
2374 1463 2518 1502 tristitia
2545 1471 2601 1501 est

1537 1519 1685 1556 malum
1713 1529 1882 1568 poenae:
1920 1530 2000 1555 non
2027 1525 2157 1555 tamen
2190 1529 2343 1567 semper
2370 1525 2426 1554 est
2452 1518 2601 1556 malum

1537 1573 1685 1620 culpae,
1706 1571 1773 1608 sed
1801 1572 1929 1608 solum
1955 1570 2112 1619 quando
2141 1582 2189 1607 ex
2215 1569 2433 1608 inordinato
2461 1569 2602 1614 affectu

1537 1624 1720 1674 procedit.
1736 1624 1848 1661 Unde
1862 1623 2100 1672 Augustinus
2118 1622 2220 1670 dicit,
2231 1623 2317 1660 XIV
2331 1623 2378 1660 de
2389 1624 2468 1661 (Σίν.
2479 1622 2600 1660 Dei-Q:
2628 1624 2637 1635 '

1541 1679 1635 1714 Cum
1665 1682 1803 1714 rectam
1823 1678 2005 1714 rationem
2038 1681 2239 1726 sequantur
2257 1677 2346 1713 istae
2376 1675 2600 1726 affectiones,

1538 1736 1571 1767 et
1589 1730 1738 1780 quando
1765 1735 1799 1766 et
1826 1731 1888 1767 ubi
1910 1735 2051 1779 oportet
2078 1729 2308 1775 adhibentur,
2329 1730 2408 1779 quis
2435 1738 2498 1766 eas
2514 1731 2603 1777 tunc,

1537 1783 1725 1820 morbidas
1752 1788 1816 1820 aut
1842 1783 1989 1820 vitiosas
2009 1784 2204 1832 passiones
2230 1782 2364 1820 audeat
2391 1780 2543 1820 dicere?
2560 1782 2577 1822 ’,

1591 1836 1649 1871 An
1678 1847 1850 1877 QUARTUM
1876 1847 2059 1872 memnon
2087 1835 2195 1884 quod
2218 1834 2311 1872 nihil
2338 1833 2519 1884 prohibet
2527 1833 2601 1875 flii·-

1539 1887 1632 1936 quid
1670 1899 1752 1924 esse
1797 1887 2031 1924 contrarium
2074 1887 2261 1924 voluntati
2299 1887 2516 1924 secundum
2559 1898 2602 1924 se

1539 1940 1646 1989 quod
1673 1948 1803 1977 tamen
1832 1947 1887 1976 est
1913 1939 2078 1978 volitum
2113 1940 2260 1977 ratione
2287 1934 2376 1977 finis
2404 1939 2452 1977 ad
2481 1950 2601 1989 quem

1538 1992 1754 2030 ordinatur:
1785 1992 1880 2030 sicut
1898 1992 2089 2030 medicina
2117 2005 2248 2030 amara
2274 2004 2354 2030 non
2383 2000 2439 2030 est
2465 2003 2601 2030 secun-

1538 2045 1634 2082 dum
1662 2058 1702 2082 se
1728 2045 1856 2092 volita,
1877 2045 1944 2082 sed
1972 2047 2100 2083 solum
2119 2046 2336 2083 secundum
2364 2045 2472 2095 quod
2499 2044 2601 2089 ordi-

1538 2106 1650 2135 natur
1677 2098 1726 2135 ad
1754 2098 1964 2136 sanitatem.
1995 2099 2043 2136 Et
2071 2099 2147 2136 hoc
2173 2099 2295 2136 modo
2322 2110 2429 2136 mors
2461 2097 2602 2137 Christi

1537 2159 1573 2187 et
1601 2151 1682 2188 eius
1703 2150 1831 2200 passio
1859 2150 1939 2196 fuit,
1960 2151 2176 2188 secundum
2205 2163 2246 2188 se
2273 2150 2554 2198 considerata,
2543 2163 2601 2189 m·-

1536 2203 1753 2241 voluntaria
1781 2211 1817 2240 et
1844 2180 2030 2241 tristitiam
2063 2215 2246 2242 causans:
2283 2204 2368 2241 licet
2394 2203 2506 2241 fuerit
2527 2214 2602 2242 νὼ

1537 2256 1698 2294 luntaria
1726 2256 1765 2293 in
1794 2257 1928 2294 ordine
1957 2257 2006 2294 ad
2033 2256 2174 2305 finem,
2204 2257 2271 2306 qui
2299 2265 2355 2294 est
2387 2256 2601 2308 redemptio

1537 2309 1698 2347 humani
1726 2309 1884 2358 generis.

1588 2440 1612 2475 ε)
1634 2441 1734 2467 Christi
1754 2442 1890 2474 passione.
1907 2456 1927 2461 -
1941 2441 2112 2474 passionibus
2134 2440 2235 2466 Christi
2256 2440 2365 2465 animae
2382 2439 2413 2472 F,
2430 2439 2604 2472 passionibus

1533 2477 1642 2502 animae
1662 2477 1765 2502 Christi
1782 2478 1865 2503 tertia.

1587 2512 1613 2547 ζ)
1632 2512 1794 2538 cautionem.
1810 2527 1830 2532 -
1848 2513 1891 2538 EF
1911 2518 1936 2538 et
1955 2513 2043 2543 tertia;
2063 2513 2196 2538 timorem.

1094 2599 1427 2633 Commentaria
1447 2600 1699 2634 Cardinalis
1722 2601 1921 2635 Caietam

480 2698 585 2718 nurus
620 2688 721 2718 clarus
756 2694 811 2719 est.
833 2707 856 2710 -
880 2688 915 2718 ln
942 2697 1077 2728 corpore
1106 2689 1201 2719 unica
1236 2694 1282 2719 est
1314 2689 1479 2719 conclusio

422 2700 663 2773 Tresponsiva
693 2733 852 2772 quaesito:
879 2732 970 2763 Sicut
992 2733 1024 2763 in
1051 2733 1179 2764 Christo
1201 2733 1312 2773 potuit
1333 2742 1400 2764 esse
1429 2743 1480 2764 ve-

421 2787 477 2807 rus
508 2777 618 2812 dolor,
644 2777 688 2806 ita
705 2777 815 2816 potuit
837 2777 869 2806 in
894 2786 931 2806 eo
956 2786 1022 2807 esse
1045 2787 1121 2807 uera
1150 2777 1291 2808 tristitia.
1315 2777 1480 2808 Probatur.

420 2821 536 2851 Anima
555 2821 671 2851 Christi
691 2821 797 2860 potuit
820 2821 939 2861 aliquid
956 2821 1193 2861 apprehendere
1215 2822 1348 2852 interius
1370 2827 1406 2852 ut
1421 2831 1481 2852 no-

421 2865 536 2894 civum.
561 2865 646 2904 Ergo
666 2866 772 2905 potuit
788 2866 820 2895 in
837 2875 876 2895 eo
894 2875 961 2896 esse
984 2875 1057 2896 vera
1079 2866 1212 2902 tristitia,
1229 2866 1311 2896 sicut
1335 2871 1366 2896 et
1388 2875 1481 2896 verus

421 2908 523 2938 dolor.

475 2952 674 2983 Antecedens
697 2953 924 2984 manifestatur.
959 2954 1044 2992 Quia
1071 2960 1102 2984 et
1126 2959 1283 2995 quantum
1307 2954 1346 2985 ad
1369 2964 1418 2990 se,
1451 2959 1481 2985 et

422 3002 576 3036 quantum
592 2997 630 3027 ad
647 2997 734 3033 alios,
747 2998 852 3037 potuit
868 2998 1105 3038 apprehendere
1122 2998 1243 3038 aliquid
1258 3004 1294 3029 ut
1309 2999 1478 3029 nocivum:

422 3046 456 3070 ut
486 3047 570 3080 patet
600 3041 632 3071 in
661 3042 822 3081 exemplis.
845 3060 867 3064 —
891 3042 1132 3082 Consequentia
1154 3052 1230 3073 vero
1263 3043 1416 3083 probatur
1443 3052 1480 3073 ex

422 3084 507 3124 quod
529 3084 605 3124 quid
627 3090 673 3115 est
700 3085 839 3115 tristitiae
869 3091 899 3116 et
927 3086 1063 3122 doloris,
1097 3092 1127 3117 et
1155 3097 1192 3117 ex
1223 3097 1287 3117 una
1315 3087 1480 3117 communi

423 3128 586 3167 utriusque
610 3138 703 3158 causa
725 3129 758 3158 in
778 3129 914 3159 Christo.
939 3131 1125 3170 Assignatur
1140 3131 1298 3171 siquidem
1314 3131 1480 3171 utriusque

424 3171 580 3210 quidditas
604 3181 641 3201 ex
657 3173 812 3202 essentiali
829 3175 1051 3208 convenientia
1068 3181 1098 3205 et
1112 3174 1288 3206 differentia
1303 3176 1479 3216 utriusque

425 3215 469 3244 Ex
494 3216 556 3245 hoc
579 3224 718 3254 namque
742 3216 830 3255 quod
854 3218 1050 3248 conveniunt
1072 3219 1104 3249 in
1121 3220 1184 3250 hoc
1208 3219 1297 3260 quod
1320 3226 1394 3250 sunt
1418 3229 1481 3251 una

425 3259 528 3298 passio
553 3259 709 3298 appetitus
738 3260 891 3296 sensitivi‚
923 3262 1098 3293 consistens
1127 3264 1159 3293 in
1188 3263 1378 3294 refutatione
1406 3264 1481 3295 mali

425 3303 611 3351 praesentis;
636 3308 665 3332 et
689 3302 835 3333 differunt
858 3313 955 3343 penes
979 3306 1157 3342 obiectum,
1183 3308 1256 3347 quia
1280 3307 1399 3338 doloris
1423 3308 1480 3339 ob·-

426 3345 542 3375 iectum
567 3351 612 3376 est
636 3346 755 3376 malum
779 3348 922 3386 corporis
946 3357 1092 3387 praesens
1123 3360 1216 3381 sensu
1240 3357 1341 3382 tactus
1371 3362 1480 3393 perce-

1533 2695 1636 2740 ptum,
1661 2690 1811 2720 tristitiae.
1819 2695 1928 2720 autem
1942 2690 2065 2721 malum
2080 2700 2230 2731 praesens
2245 2691 2378 2723 interius
2393 2697 2599 2734 perceptum5

1534 2734 1646 2765 iuncto
1670 2734 1718 2764 his
1749 2733 1839 2774 quod
1868 2743 1963 2765 causa
1985 2733 2106 2765 doloris
2135 2735 2296 2776 possibilis
2324 2736 2358 2767 in
2381 2736 2510 2769 Christo
2539 2734 2602 2769 tuit

1535 2777 1728 2818 dispensatio
1753 2777 1877 2808 divinae
1892 2779 2015 2809 virtutis
2039 2779 2177 2810 retinens
2192 2780 2226 2810 in
2241 2785 2330 2821 parte
2345 2781 2508 2832 superiori
2516 2787 2600 2826 quae

1534 2828 1608 2852 sunt
1626 2822 1755 2862 gloriae,
1779 2828 1815 2853 ut
1837 2832 1908 2863 pars
1924 2823 2071 2853 sensitiva
2086 2825 2215 2864 propn'a
2231 2823 2372 2855 dolendo
2395 2822 2600 2867 exequipoe-

1534 2872 1596 2897 set:
1622 2866 1704 2896 clare
1727 2867 1871 2907 sequitur
1894 2866 1993 2907 quod,
2013 2868 2095 2898 sicut
2109 2869 2143 2899 in
2159 2868 2288 2899 Christo
2302 2869 2410 2909 potuit
2423 2877 2492 2902 este
2504 2874 2600 2905 'vetus

1535 2910 1637 2946 dolor,
1661 2911 1705 2941 ita
1728 2916 1759 2941 et
1777 2921 1851 2942 vera
1865 2911 1998 2942 tristitia.
2023 2912 2064 2942 Et
2087 2912 2119 2953 ly
2134 2912 2218 2944 sicut
2239 2918 2396 2944 mensu-at
2408 2922 2478 2947 non
2492 2912 2600 2950 solum

1534 2955 1775 2986 similitudinem
1799 2965 1856 2986 seu
1875 2956 2133 2987 convenientiam
2149 2957 2182 2988 in
2199 2966 2294 2988 causa
2315 2966 2444 2999 proptia
2458 2948 2599 2995 Chiiao,

1534 2998 1590 3030 sed
1613 3005 1644 3030 et
1667 2999 1700 3030 in
1724 3000 1957 3040 proportionali
1980 3001 2103 3032 ratione
2127 3000 2289 3032 definitiva
2311 3001 2488 3043 utriusque,
2511 3006 2543 3032 et
2564 3001 2599 3034 in

1534 3042 1634 3074 modo
1659 3044 1826 3074 communi
1850 3045 2000 3075 omnibus
2024 3046 2056 3075 in
2077 3044 2205 3076 Christo
2227 3045 2445 3086 passionibus,
2467 3044 2598 3082 scilicet,

1534 3097 1592 3128 per
1613 3087 1749 3118 modum
1767 3089 2004 3129 propassionis.
2040 3089 2088 3120 De
2112 3098 2179 3130 quo
2202 3089 2303 3120 modo
2325 3088 2471 3120 subditur
2491 3089 2525 3119 in
2548 3089 2599 3120 lit-

1534 3138 1599 3162 tera
1629 3133 1808 3163 remittente
1838 3142 1872 3163 se
1901 3133 1941 3164 ad
1965 3133 2049 3164 dicta
2075 3134 2109 3164 in
2132 3133 2267 3165 anicmo
2292 3138 2406 3174 quarto
2435 3133 2599 3165 huiusnet

1535 3177 1740 3217 quaestionis.

1590 3220 1687 3251 11.1n
1715 3222 1925 3261 responsione
1955 3221 1994 3253 ad
2024 3221 2217 3259 secundum,
2244 3226 2427 3258 memento,
2450 3220 2597 3258 Novitie,

1534 3265 1660 3296 numeri
1682 3265 1907 3306 principalium
1930 3266 2134 3306 passionum,
2162 3266 2281 3302 scilicet
2303 3265 2371 3306 spei
2394 3275 2451 3296 seu
2474 3264 2598 3306 cupidi-

1535 3309 1615 3344 tatis
1640 3307 1868 3346 delectationis,
1885 3310 2006 3340 timoris
2023 3316 2054 3342 et
2068 3310 2208 3341 nistitiae
2222 3310 2257 3340 ἐ
2282 3314 2313 3341 et
2327 3308 2483 3350 intelliges
2499 3318 2639 3365 quare(¹

1535 3352 1574 3383 ad
1597 3353 1652 3383 has
1677 3360 1815 3394 quatuor
1838 3354 2023 3394 spectabant
2045 3353 2154 3385 Stoici.

1376 3491 1639 3499 Mane-vem

2625 3290 2862 3359 ‘ua-*1¹⁸¹'i

2641 3339 2799 3366 mxxv-nn·
