<?xml version="1.0" encoding="UTF-8"?>
<!DOCTYPE html PUBLIC "-//W3C//DTD XHTML 1.0 Transitional//EN"
    "http://www.w3.org/TR/xhtml1/DTD/xhtml1-transitional.dtd">
<html xmlns="http://www.w3.org/1999/xhtml" xml:lang="en" lang="en">
 <head>
  <title>
</title>
<meta http-equiv="Content-Type" content="text/html;charset=utf-8" />
  <meta name='ocr-system' content='tesseract 3.04.00' />
  <meta name='ocr-capabilities' content='ocr_page ocr_carea ocr_par ocr_line ocrx_word'/>
</head>
<body>
  <div class='ocr_page' id='page_1' title='image "./operaomniaiussui11thom/operaomniaiussui11thom_0225.png"; bbox 0 0 2872 3970; ppageno 0'>
   <div class='ocr_carea' id='block_1_1' title="bbox 0 0 117 3970">
    <p class='ocr_par' dir='ltr' id='par_1_1' title="bbox 0 0 117 3970">
     <span class='ocr_line' id='line_1_1' title="bbox 0 0 117 3970; baseline 0 -3557"><span class='ocrx_word' id='word_1_1' title='bbox 0 0 117 3970; x_wconf 95' lang='lat' dir='ltr'>   </span> 
     </span>
    </p>
   </div>
   <div class='ocr_carea' id='block_1_2' title="bbox 170 354 188 403">
    <p class='ocr_par' dir='ltr' id='par_1_2' title="bbox 170 354 188 403">
     <span class='ocr_line' id='line_1_2' title="bbox 170 354 188 403; baseline 0 0"><span class='ocrx_word' id='word_1_2' title='bbox 170 354 188 403; x_wconf 44' lang='grc' dir='ltr'>’τ</span> 
     </span>
    </p>
   </div>
   <div class='ocr_carea' id='block_1_3' title="bbox 44 570 216 624">
    <p class='ocr_par' dir='ltr' id='par_1_3' title="bbox 44 570 216 624">
     <span class='ocr_line' id='line_1_3' title="bbox 44 570 216 624; baseline -0.012 -14"><span class='ocrx_word' id='word_1_3' title='bbox 44 570 93 624; x_wconf 46' lang='lat' dir='ltr'>‘&#39;J&#39;&#39;</span> <span class='ocrx_word' id='word_1_4' title='bbox 102 585 168 609; x_wconf 70' lang='lat' dir='ltr'>Vm.</span> <span class='ocrx_word' id='word_1_5' title='bbox 180 589 216 613; x_wconf 84' lang='lat'>37-</span> 
     </span>
    </p>
   </div>
   <div class='ocr_carea' id='block_1_4' title="bbox 49 415 285 455">
    <p class='ocr_par' dir='ltr' id='par_1_4' title="bbox 41 415 285 455">
     <span class='ocr_line' id='line_1_4' title="bbox 49 415 285 455; baseline -0.016 -5.131"><span class='ocrx_word' id='word_1_6' title='bbox 49 415 53 422; x_wconf 45' lang='lat'>³</span> <span class='ocrx_word' id='word_1_7' title='bbox 77 429 89 440; x_wconf 78' lang='lat'>⁸</span> <span class='ocrx_word' id='word_1_8' title='bbox 98 427 144 455; x_wconf 82' lang='lat' dir='ltr'>Qu.</span> <span class='ocrx_word' id='word_1_9' title='bbox 154 431 204 453; x_wconf 76' lang='lat' dir='ltr'>vni,</span> <span class='ocrx_word' id='word_1_10' title='bbox 213 428 254 447; x_wconf 74' lang='lat' dir='ltr'>ert.</span> <span class='ocrx_word' id='word_1_11' title='bbox 264 430 285 453; x_wconf 84' lang='lat'>3.</span> 
     </span>
    </p>
   </div>
   <div class='ocr_carea' id='block_1_5' title="bbox 1011 289 1384 334">
    <p class='ocr_par' dir='ltr' id='par_1_5' title="bbox 1011 289 1384 334">
     <span class='ocr_line' id='line_1_5' title="bbox 1011 289 1384 334; baseline -0.003 -9"><span class='ocrx_word' id='word_1_12' title='bbox 1011 289 1272 334; x_wconf 88' lang='lat' dir='ltr'>QUAESTIO</span> <span class='ocrx_word' id='word_1_13' title='bbox 1302 289 1384 334; x_wconf 85' lang='lat' dir='ltr'>XII,</span> 
     </span>
    </p>
   </div>
   <div class='ocr_carea' id='block_1_6' title="bbox 312 364 1369 886">
    <p class='ocr_par' dir='ltr' id='par_1_6' title="bbox 312 364 1369 822">
     <span class='ocr_line' id='line_1_6' title="bbox 312 364 1367 416; baseline -0.001 -13"><span class='ocrx_word' id='word_1_14' title='bbox 312 374 373 403; x_wconf 89' lang='lat' dir='ltr'>tus</span> <span class='ocrx_word' id='word_1_15' title='bbox 393 374 447 403; x_wconf 92' lang='lat' dir='ltr'>est</span> <span class='ocrx_word' id='word_1_16' title='bbox 463 372 479 395; x_wconf 76' lang='grc' dir='ltr'><strong>Υ</strong></span> <span class='ocrx_word' id='word_1_17' title='bbox 507 374 622 416; x_wconf 91' lang='lat' dir='ltr'>caput</span> <span class='ocrx_word' id='word_1_18' title='bbox 641 365 842 411; x_wconf 85' lang='lat' dir='ltr'>Ecclesiae,</span> <span class='ocrx_word' id='word_1_19' title='bbox 863 364 1080 414; x_wconf 88' lang='lat' dir='ltr'>quinimmo</span> <span class='ocrx_word' id='word_1_20' title='bbox 1101 365 1278 402; x_wconf 90' lang='lat' dir='ltr'>omnium</span> <span class='ocrx_word' id='word_1_21' title='bbox 1298 366 1367 402; x_wconf 94' lang='lat' dir='ltr'>ho-</span> 
     </span>
     <span class='ocr_line' id='line_1_7' title="bbox 312 418 1368 468; baseline -0.002 -12"><span class='ocrx_word' id='word_1_22' title='bbox 312 419 484 466; x_wconf 87' lang='lat' dir='ltr'>minum,</span> <span class='ocrx_word' id='word_1_23' title='bbox 514 427 555 456; x_wconf 91' lang='lat' dir='ltr'>ut</span> <span class='ocrx_word' id='word_1_24' title='bbox 583 431 699 468; x_wconf 87' lang='lat' dir='ltr'>supra</span> <span class='ocrx_word' id='word_1_25' title='bbox 716 418 736 439; x_wconf 72' lang='grc'><em>*</em></span> <span class='ocrx_word' id='word_1_26' title='bbox 763 418 908 455; x_wconf 90' lang='lat' dir='ltr'>dictum</span> <span class='ocrx_word' id='word_1_27' title='bbox 945 425 1019 463; x_wconf 85' lang='lat' dir='ltr'>est,</span> <span class='ocrx_word' id='word_1_28' title='bbox 1049 426 1090 454; x_wconf 92' lang='lat' dir='ltr'>ut</span> <span class='ocrx_word' id='word_1_29' title='bbox 1126 430 1207 454; x_wconf 91' lang='lat' dir='ltr'>non</span> <span class='ocrx_word' id='word_1_30' title='bbox 1242 419 1368 454; x_wconf 90' lang='lat' dir='ltr'>solum</span> 
     </span>
     <span class='ocr_line' id='line_1_8' title="bbox 314 470 1366 519; baseline -0.002 -11"><span class='ocrx_word' id='word_1_31' title='bbox 314 483 450 508; x_wconf 90' lang='lat' dir='ltr'>omnes</span> <span class='ocrx_word' id='word_1_32' title='bbox 487 471 665 508; x_wconf 91' lang='lat' dir='ltr'>homines</span> <span class='ocrx_word' id='word_1_33' title='bbox 692 483 762 519; x_wconf 90' lang='lat' dir='ltr'>per</span> <span class='ocrx_word' id='word_1_34' title='bbox 788 470 916 519; x_wconf 88' lang='lat' dir='ltr'>ipsum</span> <span class='ocrx_word' id='word_1_35' title='bbox 952 470 1111 517; x_wconf 85' lang='lat' dir='ltr'>gratiam</span> <span class='ocrx_word' id='word_1_36' title='bbox 1144 470 1366 519; x_wconf 87' lang='lat' dir='ltr'>acciperent,</span> 
     </span>
     <span class='ocr_line' id='line_1_9' title="bbox 314 522 1368 560; baseline -0.001 0"><span class='ocrx_word' id='word_1_37' title='bbox 314 524 381 560; x_wconf 89' lang='lat' dir='ltr'>sed</span> <span class='ocrx_word' id='word_1_38' title='bbox 409 523 523 560; x_wconf 89' lang='lat' dir='ltr'>etiam</span> <span class='ocrx_word' id='word_1_39' title='bbox 558 531 599 560; x_wconf 92' lang='lat' dir='ltr'>ut</span> <span class='ocrx_word' id='word_1_40' title='bbox 627 535 763 560; x_wconf 89' lang='lat' dir='ltr'>omnes</span> <span class='ocrx_word' id='word_1_41' title='bbox 799 522 847 559; x_wconf 92' lang='lat' dir='ltr'>ab</span> <span class='ocrx_word' id='word_1_42' title='bbox 876 534 922 558; x_wconf 93' lang='lat' dir='ltr'>eo</span> <span class='ocrx_word' id='word_1_43' title='bbox 957 523 1169 559; x_wconf 87' lang='lat' dir='ltr'>doctrinam</span> <span class='ocrx_word' id='word_1_44' title='bbox 1204 522 1368 559; x_wconf 89' lang='lat' dir='ltr'>veritatis</span> 
     </span>
     <span class='ocr_line' id='line_1_10' title="bbox 314 574 1369 625; baseline 0 -13"><span class='ocrx_word' id='word_1_45' title='bbox 314 575 534 625; x_wconf 84' lang='lat' dir='ltr'>reciperent.</span> <span class='ocrx_word' id='word_1_46' title='bbox 564 576 674 613; x_wconf 87' lang='lat' dir='ltr'>Unde</span> <span class='ocrx_word' id='word_1_47' title='bbox 703 575 783 624; x_wconf 90' lang='lat' dir='ltr'>ipse</span> <span class='ocrx_word' id='word_1_48' title='bbox 811 574 911 621; x_wconf 85' lang='lat' dir='ltr'>dicit,</span> <span class='ocrx_word' id='word_1_49' title='bbox 940 575 1200 612; x_wconf 75' lang='lat' dir='ltr'>Ioan.xvn1*:</span> <span class='ocrx_word' id='word_1_50' title='bbox 1229 577 1276 612; x_wconf 90' lang='lat' dir='ltr'>In</span> <span class='ocrx_word' id='word_1_51' title='bbox 1300 577 1369 612; x_wconf 83' lang='lat' dir='ltr'>hoc</span> 
     </span>
     <span class='ocr_line' id='line_1_11' title="bbox 314 628 1368 674; baseline -0.001 -9"><span class='ocrx_word' id='word_1_52' title='bbox 314 634 420 666; x_wconf 88' lang='lat' dir='ltr'>natus</span> <span class='ocrx_word' id='word_1_53' title='bbox 446 641 546 674; x_wconf 90' lang='lat' dir='ltr'>sum,</span> <span class='ocrx_word' id='word_1_54' title='bbox 576 634 609 664; x_wconf 90' lang='lat' dir='ltr'>et</span> <span class='ocrx_word' id='word_1_55' title='bbox 635 628 686 666; x_wconf 86' lang='lat' dir='ltr'>ad</span> <span class='ocrx_word' id='word_1_56' title='bbox 711 630 781 665; x_wconf 85' lang='lat' dir='ltr'>hoc</span> <span class='ocrx_word' id='word_1_57' title='bbox 807 629 894 664; x_wconf 80' lang='lat' dir='ltr'>vem·</span> <span class='ocrx_word' id='word_1_58' title='bbox 919 629 955 663; x_wconf 86' lang='lat' dir='ltr'>in</span> <span class='ocrx_word' id='word_1_59' title='bbox 985 628 1185 673; x_wconf 87' lang='lat' dir='ltr'>mundum,</span> <span class='ocrx_word' id='word_1_60' title='bbox 1215 634 1252 664; x_wconf 91' lang='lat' dir='ltr'>ut</span> <span class='ocrx_word' id='word_1_61' title='bbox 1278 629 1368 664; x_wconf 88' lang='lat' dir='ltr'>testi-</span> 
     </span>
     <span class='ocr_line' id='line_1_12' title="bbox 314 679 1368 730; baseline -0.002 -12"><span class='ocrx_word' id='word_1_62' title='bbox 314 682 480 718; x_wconf 87' lang='lat' dir='ltr'>monium</span> <span class='ocrx_word' id='word_1_63' title='bbox 493 681 711 730; x_wconf 82' lang='lat' dir='ltr'>perhibeam</span> <span class='ocrx_word' id='word_1_64' title='bbox 736 681 888 717; x_wconf 82' lang='lat' dir='ltr'>veritati.</span> <span class='ocrx_word' id='word_1_65' title='bbox 919 680 966 716; x_wconf 92' lang='lat' dir='ltr'>Et</span> <span class='ocrx_word' id='word_1_66' title='bbox 986 679 1073 717; x_wconf 92' lang='lat' dir='ltr'>ideo</span> <span class='ocrx_word' id='word_1_67' title='bbox 1093 692 1173 717; x_wconf 92' lang='lat' dir='ltr'>non</span> <span class='ocrx_word' id='word_1_68' title='bbox 1191 679 1260 717; x_wconf 80' lang='lat' dir='ltr'>fuit</span> <span class='ocrx_word' id='word_1_69' title='bbox 1279 692 1368 717; x_wconf 92' lang='lat' dir='ltr'>con-</span> 
     </span>
     <span class='ocr_line' id='line_1_13' title="bbox 314 731 1369 781; baseline -0.002 -11"><span class='ocrx_word' id='word_1_70' title='bbox 314 732 472 771; x_wconf 87' lang='lat' dir='ltr'>veniens</span> <span class='ocrx_word' id='word_1_71' title='bbox 491 732 573 770; x_wconf 89' lang='lat' dir='ltr'>eius</span> <span class='ocrx_word' id='word_1_72' title='bbox 590 732 758 780; x_wconf 86' lang='lat' dir='ltr'>dignitati</span> <span class='ocrx_word' id='word_1_73' title='bbox 777 740 819 769; x_wconf 90' lang='lat' dir='ltr'>ut</span> <span class='ocrx_word' id='word_1_74' title='bbox 833 744 855 770; x_wconf 87' lang='lat' dir='ltr'>a</span> <span class='ocrx_word' id='word_1_75' title='bbox 869 744 1120 781; x_wconf 90' lang='lat' dir='ltr'>quocumque</span> <span class='ocrx_word' id='word_1_76' title='bbox 1140 731 1369 769; x_wconf 73' lang='lat' dir='ltr'>hominum⁶</span> 
     </span>
     <span class='ocr_line' id='line_1_14' title="bbox 313 785 526 822; baseline 0 0"><span class='ocrx_word' id='word_1_77' title='bbox 313 785 526 822; x_wconf 86' lang='lat' dir='ltr'>doceretur.</span> 
     </span>
    </p>

    <p class='ocr_par' dir='ltr' id='par_1_7' title="bbox 366 837 1369 886">
     <span class='ocr_line' id='line_1_15' title="bbox 366 837 1369 886; baseline 0 -12"><span class='ocrx_word' id='word_1_78' title='bbox 366 839 424 874; x_wconf 77' lang='lat' dir='ltr'>An</span> <span class='ocrx_word' id='word_1_79' title='bbox 443 849 578 874; x_wconf 73' lang='lat' dir='ltr'>ptumum</span> <span class='ocrx_word' id='word_1_80' title='bbox 597 849 695 874; x_wconf 78' lang='lat' dir='ltr'>ERGo</span> <span class='ocrx_word' id='word_1_81' title='bbox 723 849 904 875; x_wconf 81' lang='lat' dir='ltr'>DICENDUM</span> <span class='ocrx_word' id='word_1_82' title='bbox 931 838 1049 886; x_wconf 82' lang='lat' dir='ltr'>quod,</span> <span class='ocrx_word' id='word_1_83' title='bbox 1070 837 1166 874; x_wconf 91' lang='lat' dir='ltr'>sicut</span> <span class='ocrx_word' id='word_1_84' title='bbox 1185 837 1369 885; x_wconf 86' lang='lat' dir='ltr'>Origenes</span> 
     </span>
    </p>
   </div>
   <div class='ocr_carea' id='block_1_7' title="bbox 258 889 1369 940">
    <p class='ocr_par' dir='ltr' id='par_1_8' title="bbox 258 889 1369 940">
     <span class='ocr_line' id='line_1_16' title="bbox 258 889 1369 940; baseline -0.001 -13"><span class='ocrx_word' id='word_1_85' title='bbox 258 911 263 917; x_wconf 94' lang='lat'>·</span> <span class='ocrx_word' id='word_1_86' title='bbox 313 890 422 936; x_wconf 86' lang='lat' dir='ltr'>dicit,</span> <span class='ocrx_word' id='word_1_87' title='bbox 449 902 561 940; x_wconf 86' lang='lat' dir='ltr'>super</span> <span class='ocrx_word' id='word_1_88' title='bbox 594 891 684 927; x_wconf 93' lang='lat' dir='ltr'>Luc.</span> <span class='ocrx_word' id='word_1_89' title='bbox 704 889 745 936; x_wconf 63' lang='lat'>³⁸,</span> <span class='ocrx_word' id='word_1_90' title='bbox 773 891 958 927; x_wconf 86' lang='lat' dir='ltr'><em>Dominus</em></span> <span class='ocrx_word' id='word_1_91' title='bbox 994 892 1264 940; x_wconf 83' lang='lat' dir='ltr'>interrogabat,</span> <span class='ocrx_word' id='word_1_92' title='bbox 1295 902 1369 927; x_wconf 91' lang='lat' dir='ltr'>non</span> 
     </span>
    </p>
   </div>
   <div class='ocr_carea' id='block_1_8' title="bbox 312 942 1368 1044">
    <p class='ocr_par' dir='ltr' id='par_1_9' title="bbox 312 942 1368 1044">
     <span class='ocr_line' id='line_1_17' title="bbox 313 942 1368 992; baseline 0 -13"><span class='ocrx_word' id='word_1_93' title='bbox 313 948 351 980; x_wconf 90' lang='lat' dir='ltr'>ut</span> <span class='ocrx_word' id='word_1_94' title='bbox 377 942 518 992; x_wconf 82' lang='lat' dir='ltr'>aliquid</span> <span class='ocrx_word' id='word_1_95' title='bbox 542 943 694 980; x_wconf 82' lang='lat' dir='ltr'>disceret</span> <span class='ocrx_word' id='word_1_96' title='bbox 713 948 736 989; x_wconf 62' lang='grc' dir='ltr'>ε,</span> <span class='ocrx_word' id='word_1_97' title='bbox 764 943 829 980; x_wconf 85' lang='lat' dir='ltr'>sed</span> <span class='ocrx_word' id='word_1_98' title='bbox 854 949 892 979; x_wconf 89' lang='lat' dir='ltr'>ut</span> <span class='ocrx_word' id='word_1_99' title='bbox 920 944 1168 992; x_wconf 82' lang='lat' dir='ltr'>interrogatus</span> <span class='ocrx_word' id='word_1_100' title='bbox 1198 943 1368 979; x_wconf 90' lang='lat' dir='ltr'>erudiret.</span> 
     </span>
     <span class='ocr_line' id='line_1_18' title="bbox 312 996 1368 1044; baseline 0 -12"><span class='ocrx_word' id='word_1_101' title='bbox 312 996 376 1032; x_wconf 88' lang='lat' dir='ltr'>Ex</span> <span class='ocrx_word' id='word_1_102' title='bbox 403 1008 477 1032; x_wconf 90' lang='lat' dir='ltr'>uno</span> <span class='ocrx_word' id='word_1_103' title='bbox 505 997 638 1044; x_wconf 82' lang='lat' dir='ltr'>quippe</span> <span class='ocrx_word' id='word_1_104' title='bbox 665 996 855 1032; x_wconf 83' lang='lat' dir='ltr'>doctrinae</span> <span class='ocrx_word' id='word_1_105' title='bbox 871 997 983 1043; x_wconf 88' lang='lat' dir='ltr'>fonte</span> <span class='ocrx_word' id='word_1_106' title='bbox 1001 1002 1129 1032; x_wconf 89' lang='lat' dir='ltr'>manat</span> <span class='ocrx_word' id='word_1_107' title='bbox 1156 1001 1189 1032; x_wconf 88' lang='lat' dir='ltr'>et</span> <span class='ocrx_word' id='word_1_108' title='bbox 1216 997 1368 1032; x_wconf 86' lang='lat' dir='ltr'>interro-</span> 
     </span>
    </p>
   </div>
   <div class='ocr_carea' id='block_1_9' title="bbox 277 1047 1372 1150">
    <p class='ocr_par' dir='ltr' id='par_1_10' title="bbox 277 1047 1372 1150">
     <span class='ocr_line' id='line_1_19' title="bbox 277 1047 1370 1097; baseline 0 -13"><span class='ocrx_word' id='word_1_109' title='bbox 277 1078 281 1079; x_wconf 40' lang='lat'>.</span> <span class='ocrx_word' id='word_1_110' title='bbox 312 1059 408 1097; x_wconf 82' lang='lat' dir='ltr'>gare</span> <span class='ocrx_word' id='word_1_111' title='bbox 434 1054 467 1085; x_wconf 89' lang='lat' dir='ltr'>et</span> <span class='ocrx_word' id='word_1_112' title='bbox 495 1049 716 1097; x_wconf 83' lang='lat' dir='ltr'>respondere</span> <span class='ocrx_word' id='word_1_113' title='bbox 749 1050 943 1097; x_wconf 81' lang='lat' dir='ltr'>sapienter.</span> <span class='ocrx_word' id='word_1_114' title='bbox 979 1049 1091 1085; x_wconf 91' lang='lat' dir='ltr'>Unde</span> <span class='ocrx_word' id='word_1_115' title='bbox 1124 1056 1160 1084; x_wconf 91' lang='lat' dir='ltr'>et</span> <span class='ocrx_word' id='word_1_116' title='bbox 1187 1047 1331 1084; x_wconf 88' lang='lat' dir='ltr'>ibidem</span> <span class='ocrx_word' id='word_1_117' title='bbox 1350 1047 1370 1069; x_wconf 75' lang='lat'>’¹‘</span> 
     </span>
     <span class='ocr_line' id='line_1_20' title="bbox 312 1099 1372 1150; baseline 0.001 -14"><span class='ocrx_word' id='word_1_118' title='bbox 312 1099 352 1137; x_wconf 91' lang='lat' dir='ltr'>in</span> <span class='ocrx_word' id='word_1_119' title='bbox 380 1100 589 1148; x_wconf 84' lang='lat' dir='ltr'>Evangelio</span> <span class='ocrx_word' id='word_1_120' title='bbox 609 1100 780 1150; x_wconf 89' lang='lat' dir='ltr'>sequitur</span> <span class='ocrx_word' id='word_1_121' title='bbox 807 1101 914 1149; x_wconf 93' lang='lat' dir='ltr'>quod</span> <span class='ocrx_word' id='word_1_122' title='bbox 938 1103 1129 1150; x_wconf 85' lang='lat' dir='ltr'>stupebant</span> <span class='ocrx_word' id='word_1_123' title='bbox 1155 1113 1281 1138; x_wconf 89' lang='lat' dir='ltr'>omnes</span> <span class='ocrx_word' id='word_1_124' title='bbox 1309 1102 1372 1149; x_wconf 87' lang='lat' dir='ltr'>qui</span> 
     </span>
    </p>
   </div>
   <div class='ocr_carea' id='block_1_10' title="bbox 311 1153 1368 1359">
    <p class='ocr_par' dir='ltr' id='par_1_11' title="bbox 313 1153 1367 1203">
     <span class='ocr_line' id='line_1_21' title="bbox 313 1153 1367 1203; baseline 0.001 -14"><span class='ocrx_word' id='word_1_125' title='bbox 313 1165 397 1190; x_wconf 88' lang='lat' dir='ltr'>eum</span> <span class='ocrx_word' id='word_1_126' title='bbox 424 1153 632 1199; x_wconf 82' lang='lat' dir='ltr'>audiebant,</span> <span class='ocrx_word' id='word_1_127' title='bbox 661 1166 772 1202; x_wconf 86' lang='lat' dir='ltr'>super</span> <span class='ocrx_word' id='word_1_128' title='bbox 793 1154 992 1203; x_wconf 82' lang='lat' dir='ltr'>prudentia</span> <span class='ocrx_word' id='word_1_129' title='bbox 1016 1160 1049 1190; x_wconf 89' lang='lat' dir='ltr'>et</span> <span class='ocrx_word' id='word_1_130' title='bbox 1071 1155 1252 1202; x_wconf 83' lang='lat' dir='ltr'>responsis</span> <span class='ocrx_word' id='word_1_131' title='bbox 1280 1155 1367 1190; x_wconf 88' lang='lat' dir='ltr'>eius.</span> 
     </span>
    </p>

    <p class='ocr_par' dir='ltr' id='par_1_12' title="bbox 311 1205 1368 1359">
     <span class='ocr_line' id='line_1_22' title="bbox 365 1205 1368 1255; baseline 0 -13"><span class='ocrx_word' id='word_1_132' title='bbox 365 1206 422 1242; x_wconf 83' lang='lat' dir='ltr'>AD</span> <span class='ocrx_word' id='word_1_133' title='bbox 441 1217 630 1244; x_wconf 78' lang='lat' dir='ltr'>SECUNDUM</span> <span class='ocrx_word' id='word_1_134' title='bbox 649 1217 830 1243; x_wconf 83' lang='lat' dir='ltr'>DICENDUM</span> <span class='ocrx_word' id='word_1_135' title='bbox 850 1207 957 1255; x_wconf 92' lang='lat' dir='ltr'>quod</span> <span class='ocrx_word' id='word_1_136' title='bbox 976 1206 1036 1243; x_wconf 90' lang='lat' dir='ltr'>ille</span> <span class='ocrx_word' id='word_1_137' title='bbox 1055 1205 1123 1254; x_wconf 92' lang='lat' dir='ltr'>qui</span> <span class='ocrx_word' id='word_1_138' title='bbox 1141 1205 1300 1243; x_wconf 89' lang='lat' dir='ltr'>addiscit</span> <span class='ocrx_word' id='word_1_139' title='bbox 1320 1206 1368 1242; x_wconf 92' lang='lat' dir='ltr'>ab</span> 
     </span>
     <span class='ocr_line' id='line_1_23' title="bbox 312 1257 1368 1307; baseline 0.002 -13"><span class='ocrx_word' id='word_1_140' title='bbox 312 1257 473 1302; x_wconf 85' lang='lat' dir='ltr'>homine</span> <span class='ocrx_word' id='word_1_141' title='bbox 501 1270 580 1295; x_wconf 91' lang='lat' dir='ltr'>non</span> <span class='ocrx_word' id='word_1_142' title='bbox 608 1258 742 1307; x_wconf 89' lang='lat' dir='ltr'>accipit</span> <span class='ocrx_word' id='word_1_143' title='bbox 769 1258 974 1295; x_wconf 87' lang='lat' dir='ltr'>inmediate</span> <span class='ocrx_word' id='word_1_144' title='bbox 1003 1258 1195 1296; x_wconf 87' lang='lat' dir='ltr'>scientiam</span> <span class='ocrx_word' id='word_1_145' title='bbox 1231 1271 1253 1296; x_wconf 82' lang='lat' dir='ltr'>a</span> <span class='ocrx_word' id='word_1_146' title='bbox 1286 1270 1368 1307; x_wconf 84' lang='lat' dir='ltr'>spe-</span> 
     </span>
     <span class='ocr_line' id='line_1_24' title="bbox 311 1309 1367 1359; baseline 0.001 -13"><span class='ocrx_word' id='word_1_147' title='bbox 311 1309 442 1347; x_wconf 92' lang='lat' dir='ltr'>ciebus</span> <span class='ocrx_word' id='word_1_148' title='bbox 461 1310 753 1358; x_wconf 86' lang='lat' dir='ltr'>intelligibilibus</span> <span class='ocrx_word' id='word_1_149' title='bbox 781 1323 881 1359; x_wconf 89' lang='lat' dir='ltr'>quae</span> <span class='ocrx_word' id='word_1_150' title='bbox 909 1311 1054 1348; x_wconf 87' lang='lat' dir='ltr'>suntin</span> <span class='ocrx_word' id='word_1_151' title='bbox 1074 1318 1202 1348; x_wconf 90' lang='lat' dir='ltr'>mente</span> <span class='ocrx_word' id='word_1_152' title='bbox 1230 1310 1367 1359; x_wconf 89' lang='lat' dir='ltr'>ipsius:</span> 
     </span>
    </p>
   </div>
   <div class='ocr_carea' id='block_1_11' title="bbox 257 1363 1369 1412">
    <p class='ocr_par' dir='ltr' id='par_1_13' title="bbox 257 1363 1369 1412">
     <span class='ocr_line' id='line_1_25' title="bbox 257 1363 1369 1412; baseline 0.001 -13"><span class='ocrx_word' id='word_1_153' title='bbox 257 1397 259 1399; x_wconf 79' lang='grc'>,</span> <span class='ocrx_word' id='word_1_154' title='bbox 312 1363 379 1400; x_wconf 89' lang='lat' dir='ltr'>sed</span> <span class='ocrx_word' id='word_1_155' title='bbox 413 1363 670 1400; x_wconf 89' lang='lat' dir='ltr'>mediantibus</span> <span class='ocrx_word' id='word_1_156' title='bbox 705 1363 946 1400; x_wconf 90' lang='lat' dir='ltr'>sensibilibus</span> <span class='ocrx_word' id='word_1_157' title='bbox 975 1363 1154 1410; x_wconf 63' lang='lat' dir='ltr'>vocibus.</span> <span class='ocrx_word' id='word_1_158' title='bbox 1183 1371 1369 1412; x_wconf 87' lang='lat' dir='ltr'>tanquam</span> 
     </span>
    </p>
   </div>
   <div class='ocr_carea' id='block_1_12' title="bbox 310 1415 1370 1517">
    <p class='ocr_par' dir='ltr' id='par_1_14' title="bbox 310 1415 1370 1517">
     <span class='ocr_line' id='line_1_26' title="bbox 312 1415 1370 1466; baseline 0 -14"><span class='ocrx_word' id='word_1_159' title='bbox 312 1415 426 1463; x_wconf 91' lang='lat' dir='ltr'>signis</span> <span class='ocrx_word' id='word_1_160' title='bbox 454 1415 797 1453; x_wconf 68' lang='lat' dir='ltr'>intellectualium&lt;</span> <span class='ocrx_word' id='word_1_161' title='bbox 825 1416 1135 1466; x_wconf 89' lang='lat' dir='ltr'>conceptionum.</span> <span class='ocrx_word' id='word_1_162' title='bbox 1171 1416 1276 1453; x_wconf 89' lang='lat' dir='ltr'>Sicut</span> <span class='ocrx_word' id='word_1_163' title='bbox 1304 1429 1370 1453; x_wconf 91' lang='lat' dir='ltr'>au-</span> 
     </span>
     <span class='ocr_line' id='line_1_27' title="bbox 310 1468 1370 1517; baseline 0 -13"><span class='ocrx_word' id='word_1_164' title='bbox 310 1475 389 1505; x_wconf 91' lang='lat' dir='ltr'>tem</span> <span class='ocrx_word' id='word_1_165' title='bbox 417 1480 533 1505; x_wconf 91' lang='lat' dir='ltr'>voces</span> <span class='ocrx_word' id='word_1_166' title='bbox 568 1469 616 1506; x_wconf 91' lang='lat' dir='ltr'>ab</span> <span class='ocrx_word' id='word_1_167' title='bbox 645 1468 802 1506; x_wconf 89' lang='lat' dir='ltr'>homine</span> <span class='ocrx_word' id='word_1_168' title='bbox 837 1469 1021 1506; x_wconf 83' lang='lat' dir='ltr'>formatae</span> <span class='ocrx_word' id='word_1_169' title='bbox 1057 1477 1145 1505; x_wconf 89' lang='lat' dir='ltr'>sunt</span> <span class='ocrx_word' id='word_1_170' title='bbox 1180 1468 1284 1517; x_wconf 88' lang='lat' dir='ltr'>signa</span> <span class='ocrx_word' id='word_1_171' title='bbox 1314 1468 1370 1505; x_wconf 91' lang='lat' dir='ltr'>in-</span> 
     </span>
    </p>
   </div>
   <div class='ocr_carea' id='block_1_13' title="bbox 1414 288 1782 326">
    <p class='ocr_par' dir='ltr' id='par_1_15' title="bbox 1414 288 1782 326">
     <span class='ocr_line' id='line_1_28' title="bbox 1414 288 1782 326; baseline 0 -2"><span class='ocrx_word' id='word_1_172' title='bbox 1414 288 1704 326; x_wconf 91' lang='lat' dir='ltr'>ARTICULUS</span> <span class='ocrx_word' id='word_1_173' title='bbox 1733 288 1782 324; x_wconf 90' lang='lat' dir='ltr'>1V</span> 
     </span>
    </p>
   </div>
   <div class='ocr_carea' id='block_1_14' title="bbox 1422 364 2481 1468">
    <p class='ocr_par' dir='ltr' id='par_1_16' title="bbox 1422 364 2481 718">
     <span class='ocr_line' id='line_1_29' title="bbox 1422 364 2480 414; baseline 0.001 -12"><span class='ocrx_word' id='word_1_174' title='bbox 1422 365 1640 402; x_wconf 90' lang='lat' dir='ltr'>tellectualis</span> <span class='ocrx_word' id='word_1_175' title='bbox 1669 365 1844 402; x_wconf 88' lang='lat' dir='ltr'>scientiae</span> <span class='ocrx_word' id='word_1_176' title='bbox 1874 364 2012 414; x_wconf 86' lang='lat' dir='ltr'>ipsius,</span> <span class='ocrx_word' id='word_1_177' title='bbox 2042 366 2091 402; x_wconf 88' lang='lat' dir='ltr'>ita</span> <span class='ocrx_word' id='word_1_178' title='bbox 2123 373 2317 404; x_wconf 87' lang='lat' dir='ltr'>creaturae</span> <span class='ocrx_word' id='word_1_179' title='bbox 2346 378 2368 404; x_wconf 88' lang='lat' dir='ltr'>a</span> <span class='ocrx_word' id='word_1_180' title='bbox 2395 366 2480 403; x_wconf 94' lang='lat' dir='ltr'>Deo</span> 
     </span>
     <span class='ocr_line' id='line_1_30' title="bbox 1423 418 2481 467; baseline 0.001 -12"><span class='ocrx_word' id='word_1_181' title='bbox 1423 418 1597 455; x_wconf 89' lang='lat' dir='ltr'>conditae</span> <span class='ocrx_word' id='word_1_182' title='bbox 1617 426 1705 455; x_wconf 91' lang='lat' dir='ltr'>sunt</span> <span class='ocrx_word' id='word_1_183' title='bbox 1731 418 1836 466; x_wconf 89' lang='lat' dir='ltr'>signa</span> <span class='ocrx_word' id='word_1_184' title='bbox 1854 418 2057 467; x_wconf 87' lang='lat' dir='ltr'>sapientiae</span> <span class='ocrx_word' id='word_1_185' title='bbox 2073 418 2171 455; x_wconf 90' lang='lat' dir='ltr'>eius:</span> <span class='ocrx_word' id='word_1_186' title='bbox 2197 419 2301 456; x_wconf 89' lang='lat' dir='ltr'>unde</span> <span class='ocrx_word' id='word_1_187' title='bbox 2316 418 2481 456; x_wconf 78' lang='lat' dir='ltr'>Eccli.1*</span> 
     </span>
     <span class='ocr_line' id='line_1_31' title="bbox 1423 471 2481 520; baseline 0.001 -13"><span class='ocrx_word' id='word_1_188' title='bbox 1423 471 1559 508; x_wconf 92' lang='lat' dir='ltr'>dicitur</span> <span class='ocrx_word' id='word_1_189' title='bbox 1583 471 1690 519; x_wconf 89' lang='lat' dir='ltr'>quod</span> <span class='ocrx_word' id='word_1_190' title='bbox 1718 471 1824 508; x_wconf 91' lang='lat' dir='ltr'>Deus</span> <span class='ocrx_word' id='word_1_191' title='bbox 1848 471 1974 519; x_wconf 82' lang='lat' dir='ltr'>effudit</span> <span class='ocrx_word' id='word_1_192' title='bbox 2000 473 2217 520; x_wconf 85' lang='lat' dir='ltr'>sapientiam</span> <span class='ocrx_word' id='word_1_193' title='bbox 2240 484 2347 509; x_wconf 90' lang='lat' dir='ltr'>suam</span> <span class='ocrx_word' id='word_1_194' title='bbox 2369 483 2481 520; x_wconf 87' lang='lat' dir='ltr'>super</span> 
     </span>
     <span class='ocr_line' id='line_1_32' title="bbox 1423 523 2481 572; baseline 0.001 -12"><span class='ocrx_word' id='word_1_195' title='bbox 1423 525 1550 560; x_wconf 88' lang='lat' dir='ltr'>omnia</span> <span class='ocrx_word' id='word_1_196' title='bbox 1578 536 1691 572; x_wconf 88' lang='lat' dir='ltr'>opera</span> <span class='ocrx_word' id='word_1_197' title='bbox 1718 536 1798 560; x_wconf 89' lang='lat' dir='ltr'>sua.</span> <span class='ocrx_word' id='word_1_198' title='bbox 1829 523 1934 560; x_wconf 84' lang='lat' dir='ltr'>Sicut</span> <span class='ocrx_word' id='word_1_199' title='bbox 1961 523 2072 571; x_wconf 87' lang='lat' dir='ltr'>igitur</span> <span class='ocrx_word' id='word_1_200' title='bbox 2099 524 2248 572; x_wconf 86' lang='lat' dir='ltr'>dignius</span> <span class='ocrx_word' id='word_1_201' title='bbox 2274 532 2329 561; x_wconf 93' lang='lat' dir='ltr'>est</span> <span class='ocrx_word' id='word_1_202' title='bbox 2352 524 2481 561; x_wconf 91' lang='lat' dir='ltr'>doceri</span> 
     </span>
     <span class='ocr_line' id='line_1_33' title="bbox 1423 576 2480 625; baseline 0.002 -13"><span class='ocrx_word' id='word_1_203' title='bbox 1423 589 1446 613; x_wconf 92' lang='lat' dir='ltr'>a</span> <span class='ocrx_word' id='word_1_204' title='bbox 1473 577 1558 613; x_wconf 90' lang='lat' dir='ltr'>Deo</span> <span class='ocrx_word' id='word_1_205' title='bbox 1595 588 1714 625; x_wconf 91' lang='lat' dir='ltr'>quam</span> <span class='ocrx_word' id='word_1_206' title='bbox 1750 576 1799 613; x_wconf 88' lang='lat' dir='ltr'>ab</span> <span class='ocrx_word' id='word_1_207' title='bbox 1828 576 2005 621; x_wconf 91' lang='lat' dir='ltr'>homine,</span> <span class='ocrx_word' id='word_1_208' title='bbox 2035 576 2085 613; x_wconf 91' lang='lat' dir='ltr'>ita</span> <span class='ocrx_word' id='word_1_209' title='bbox 2110 576 2262 624; x_wconf 89' lang='lat' dir='ltr'>dignius</span> <span class='ocrx_word' id='word_1_210' title='bbox 2300 584 2354 613; x_wconf 91' lang='lat' dir='ltr'>est</span> <span class='ocrx_word' id='word_1_211' title='bbox 2385 576 2480 614; x_wconf 88' lang='lat' dir='ltr'>acci-</span> 
     </span>
     <span class='ocr_line' id='line_1_34' title="bbox 1423 628 2481 678; baseline 0.002 -14"><span class='ocrx_word' id='word_1_212' title='bbox 1423 641 1514 677; x_wconf 83' lang='lat' dir='ltr'>pere</span> <span class='ocrx_word' id='word_1_213' title='bbox 1534 628 1728 666; x_wconf 89' lang='lat' dir='ltr'>scientiam</span> <span class='ocrx_word' id='word_1_214' title='bbox 1747 640 1816 677; x_wconf 90' lang='lat' dir='ltr'>per</span> <span class='ocrx_word' id='word_1_215' title='bbox 1834 628 2027 665; x_wconf 89' lang='lat' dir='ltr'>sensibiles</span> <span class='ocrx_word' id='word_1_216' title='bbox 2055 637 2244 666; x_wconf 88' lang='lat' dir='ltr'>creaturas</span> <span class='ocrx_word' id='word_1_217' title='bbox 2270 641 2389 678; x_wconf 88' lang='lat' dir='ltr'>quam</span> <span class='ocrx_word' id='word_1_218' title='bbox 2412 641 2481 678; x_wconf 91' lang='lat' dir='ltr'>per</span> 
     </span>
     <span class='ocr_line' id='line_1_35' title="bbox 1424 680 1845 718; baseline 0 -1"><span class='ocrx_word' id='word_1_219' title='bbox 1424 681 1592 718; x_wconf 91' lang='lat' dir='ltr'>hominis</span> <span class='ocrx_word' id='word_1_220' title='bbox 1621 680 1845 718; x_wconf 90' lang='lat' dir='ltr'>doctrinam.</span> 
     </span>
    </p>

    <p class='ocr_par' dir='ltr' id='par_1_17' title="bbox 1424 734 2481 1468">
     <span class='ocr_line' id='line_1_36' title="bbox 1505 734 2481 783; baseline 0.001 -13"><span class='ocrx_word' id='word_1_221' title='bbox 1505 735 1561 770; x_wconf 85' lang='lat' dir='ltr'>AD</span> <span class='ocrx_word' id='word_1_222' title='bbox 1588 745 1746 771; x_wconf 82' lang='lat' dir='ltr'>TERTIUM</span> <span class='ocrx_word' id='word_1_223' title='bbox 1774 745 1954 771; x_wconf 82' lang='lat' dir='ltr'>DICENDUM</span> <span class='ocrx_word' id='word_1_224' title='bbox 1983 734 2090 782; x_wconf 92' lang='lat' dir='ltr'>quod</span> <span class='ocrx_word' id='word_1_225' title='bbox 2118 735 2221 771; x_wconf 91' lang='lat' dir='ltr'>Iesus</span> <span class='ocrx_word' id='word_1_226' title='bbox 2256 734 2481 783; x_wconf 88' lang='lat' dir='ltr'>proficiebat</span> 
     </span>
     <span class='ocr_line' id='line_1_37' title="bbox 1424 785 2478 834; baseline 0.002 -12"><span class='ocrx_word' id='word_1_227' title='bbox 1424 786 1464 823; x_wconf 92' lang='lat' dir='ltr'>in</span> <span class='ocrx_word' id='word_1_228' title='bbox 1492 786 1646 823; x_wconf 84' lang='lat' dir='ltr'>scientia</span> <span class='ocrx_word' id='word_1_229' title='bbox 1680 785 1965 834; x_wconf 87' lang='lat' dir='ltr'>experimentali</span> <span class='ocrx_word' id='word_1_230' title='bbox 2000 786 2095 824; x_wconf 91' lang='lat' dir='ltr'>sicut</span> <span class='ocrx_word' id='word_1_231' title='bbox 2130 787 2243 824; x_wconf 89' lang='lat' dir='ltr'>etiam</span> <span class='ocrx_word' id='word_1_232' title='bbox 2271 787 2310 823; x_wconf 91' lang='lat' dir='ltr'>in</span> <span class='ocrx_word' id='word_1_233' title='bbox 2341 794 2478 833; x_wconf 90' lang='lat' dir='ltr'>aetate,</span> 
     </span>
     <span class='ocr_line' id='line_1_38' title="bbox 1425 838 2479 888; baseline 0.001 -13"><span class='ocrx_word' id='word_1_234' title='bbox 1425 846 1466 875; x_wconf 89' lang='lat' dir='ltr'>ut</span> <span class='ocrx_word' id='word_1_235' title='bbox 1495 838 1639 875; x_wconf 91' lang='lat' dir='ltr'>dictum</span> <span class='ocrx_word' id='word_1_236' title='bbox 1668 846 1722 875; x_wconf 91' lang='lat' dir='ltr'>est</span> <span class='ocrx_word' id='word_1_237' title='bbox 1740 838 1770 874; x_wconf 63' lang='lat'>⁹¹⁸.</span> <span class='ocrx_word' id='word_1_238' title='bbox 1802 838 1906 876; x_wconf 88' lang='lat' dir='ltr'>Sicut</span> <span class='ocrx_word' id='word_1_239' title='bbox 1934 846 2063 876; x_wconf 91' lang='lat' dir='ltr'>autem</span> <span class='ocrx_word' id='word_1_240' title='bbox 2095 847 2196 877; x_wconf 82' lang='lat' dir='ltr'>aetas</span> <span class='ocrx_word' id='word_1_241' title='bbox 2224 847 2442 888; x_wconf 87' lang='lat' dir='ltr'>opportuna</span> <span class='ocrx_word' id='word_1_242' title='bbox 2462 845 2479 866; x_wconf 72' lang='grc' dir='ltr'><strong>η</strong></span> 
     </span>
     <span class='ocr_line' id='line_1_39' title="bbox 1425 891 2480 941; baseline 0.002 -14"><span class='ocrx_word' id='word_1_243' title='bbox 1425 891 1628 939; x_wconf 89' lang='lat' dir='ltr'>requiritur</span> <span class='ocrx_word' id='word_1_244' title='bbox 1655 891 1703 927; x_wconf 92' lang='lat' dir='ltr'>ad</span> <span class='ocrx_word' id='word_1_245' title='bbox 1723 891 1798 927; x_wconf 89' lang='lat' dir='ltr'>hoc</span> <span class='ocrx_word' id='word_1_246' title='bbox 1817 891 1924 940; x_wconf 92' lang='lat' dir='ltr'>quod</span> <span class='ocrx_word' id='word_1_247' title='bbox 1951 892 2072 928; x_wconf 90' lang='lat' dir='ltr'>homo</span> <span class='ocrx_word' id='word_1_248' title='bbox 2101 891 2259 941; x_wconf 88' lang='lat' dir='ltr'>accipiat</span> <span class='ocrx_word' id='word_1_249' title='bbox 2285 891 2480 929; x_wconf 87' lang='lat' dir='ltr'>scientiam</span> 
     </span>
     <span class='ocr_line' id='line_1_40' title="bbox 1424 943 2480 994; baseline 0.001 -15"><span class='ocrx_word' id='word_1_250' title='bbox 1424 955 1494 992; x_wconf 90' lang='lat' dir='ltr'>per</span> <span class='ocrx_word' id='word_1_251' title='bbox 1512 943 1784 989; x_wconf 82' lang='lat' dir='ltr'>inventionem,</span> <span class='ocrx_word' id='word_1_252' title='bbox 1805 943 1855 980; x_wconf 91' lang='lat' dir='ltr'>ita</span> <span class='ocrx_word' id='word_1_253' title='bbox 1883 944 1996 981; x_wconf 90' lang='lat' dir='ltr'>etiam</span> <span class='ocrx_word' id='word_1_254' title='bbox 2025 945 2074 981; x_wconf 91' lang='lat' dir='ltr'>ad</span> <span class='ocrx_word' id='word_1_255' title='bbox 2094 945 2170 982; x_wconf 89' lang='lat' dir='ltr'>hoc</span> <span class='ocrx_word' id='word_1_256' title='bbox 2188 945 2295 993; x_wconf 91' lang='lat' dir='ltr'>quod</span> <span class='ocrx_word' id='word_1_257' title='bbox 2322 944 2480 994; x_wconf 84' lang='lat' dir='ltr'>accipiat</span> 
     </span>
     <span class='ocr_line' id='line_1_41' title="bbox 1425 996 2481 1045; baseline 0.002 -13"><span class='ocrx_word' id='word_1_258' title='bbox 1425 996 1621 1032; x_wconf 90' lang='lat' dir='ltr'>scientiam</span> <span class='ocrx_word' id='word_1_259' title='bbox 1649 1008 1718 1044; x_wconf 91' lang='lat' dir='ltr'>per</span> <span class='ocrx_word' id='word_1_260' title='bbox 1737 996 1985 1045; x_wconf 87' lang='lat' dir='ltr'>disciplinam.</span> <span class='ocrx_word' id='word_1_261' title='bbox 2016 997 2207 1034; x_wconf 89' lang='lat' dir='ltr'>Dominus</span> <span class='ocrx_word' id='word_1_262' title='bbox 2230 1005 2358 1034; x_wconf 91' lang='lat' dir='ltr'>autem</span> <span class='ocrx_word' id='word_1_263' title='bbox 2387 997 2481 1034; x_wconf 91' lang='lat' dir='ltr'>nihil</span> 
     </span>
     <span class='ocr_line' id='line_1_42' title="bbox 1424 1048 2478 1096; baseline 0.001 -11"><span class='ocrx_word' id='word_1_264' title='bbox 1424 1048 1509 1085; x_wconf 87' lang='lat' dir='ltr'>fecit</span> <span class='ocrx_word' id='word_1_265' title='bbox 1537 1049 1644 1096; x_wconf 93' lang='lat' dir='ltr'>quod</span> <span class='ocrx_word' id='word_1_266' title='bbox 1671 1060 1751 1085; x_wconf 90' lang='lat' dir='ltr'>non</span> <span class='ocrx_word' id='word_1_267' title='bbox 1786 1057 2010 1096; x_wconf 86' lang='lat' dir='ltr'>congrueret</span> <span class='ocrx_word' id='word_1_268' title='bbox 2044 1049 2125 1087; x_wconf 89' lang='lat' dir='ltr'>eius</span> <span class='ocrx_word' id='word_1_269' title='bbox 2153 1050 2273 1087; x_wconf 83' lang='lat' dir='ltr'>aetati.</span> <span class='ocrx_word' id='word_1_270' title='bbox 2312 1051 2360 1086; x_wconf 85' lang='lat' dir='ltr'>Et</span> <span class='ocrx_word' id='word_1_271' title='bbox 2391 1050 2478 1087; x_wconf 91' lang='lat' dir='ltr'>ideo</span> 
     </span>
     <span class='ocr_line' id='line_1_43' title="bbox 1425 1100 2479 1140; baseline 0.002 -2"><span class='ocrx_word' id='word_1_272' title='bbox 1425 1100 1625 1138; x_wconf 87' lang='lat' dir='ltr'>audiendis</span> <span class='ocrx_word' id='word_1_273' title='bbox 1652 1100 1846 1138; x_wconf 88' lang='lat' dir='ltr'>doctrinae</span> <span class='ocrx_word' id='word_1_274' title='bbox 1875 1102 2117 1139; x_wconf 88' lang='lat' dir='ltr'>sermonibus</span> <span class='ocrx_word' id='word_1_275' title='bbox 2145 1114 2225 1139; x_wconf 94' lang='lat' dir='ltr'>non</span> <span class='ocrx_word' id='word_1_276' title='bbox 2260 1114 2479 1140; x_wconf 90' lang='lat' dir='ltr'>accommo-</span> 
     </span>
     <span class='ocr_line' id='line_1_44' title="bbox 1425 1153 2480 1203; baseline 0.003 -14"><span class='ocrx_word' id='word_1_277' title='bbox 1425 1153 1527 1190; x_wconf 90' lang='lat' dir='ltr'>davit</span> <span class='ocrx_word' id='word_1_278' title='bbox 1547 1153 1721 1190; x_wconf 84' lang='lat' dir='ltr'>auditum</span> <span class='ocrx_word' id='word_1_279' title='bbox 1740 1153 1811 1190; x_wconf 92' lang='lat' dir='ltr'>nisi</span> <span class='ocrx_word' id='word_1_280' title='bbox 1830 1153 1892 1190; x_wconf 91' lang='lat' dir='ltr'>illo</span> <span class='ocrx_word' id='word_1_281' title='bbox 1911 1161 2085 1202; x_wconf 89' lang='lat' dir='ltr'>tempore</span> <span class='ocrx_word' id='word_1_282' title='bbox 2105 1167 2183 1203; x_wconf 92' lang='lat' dir='ltr'>quo</span> <span class='ocrx_word' id='word_1_283' title='bbox 2203 1153 2349 1203; x_wconf 82' lang='lat' dir='ltr'>poterat</span> <span class='ocrx_word' id='word_1_284' title='bbox 2366 1155 2480 1192; x_wconf 90' lang='lat' dir='ltr'>etiam</span> 
     </span>
     <span class='ocr_line' id='line_1_45' title="bbox 1424 1205 2479 1255; baseline 0.003 -14"><span class='ocrx_word' id='word_1_285' title='bbox 1424 1217 1493 1254; x_wconf 90' lang='lat' dir='ltr'>per</span> <span class='ocrx_word' id='word_1_286' title='bbox 1512 1205 1615 1242; x_wconf 90' lang='lat' dir='ltr'>viam</span> <span class='ocrx_word' id='word_1_287' title='bbox 1635 1205 1886 1254; x_wconf 86' lang='lat' dir='ltr'>experientiae</span> <span class='ocrx_word' id='word_1_288' title='bbox 1905 1208 2020 1244; x_wconf 85' lang='lat' dir='ltr'>talem</span> <span class='ocrx_word' id='word_1_289' title='bbox 2040 1207 2216 1244; x_wconf 88' lang='lat' dir='ltr'>scientiae</span> <span class='ocrx_word' id='word_1_290' title='bbox 2244 1208 2406 1255; x_wconf 84' lang='lat' dir='ltr'>gradum</span> <span class='ocrx_word' id='word_1_291' title='bbox 2427 1216 2479 1244; x_wconf 91' lang='lat' dir='ltr'>at-</span> 
     </span>
     <span class='ocr_line' id='line_1_46' title="bbox 1424 1258 2479 1308; baseline 0.003 -14"><span class='ocrx_word' id='word_1_292' title='bbox 1424 1258 1558 1305; x_wconf 88' lang='lat' dir='ltr'>tigisse.</span> <span class='ocrx_word' id='word_1_293' title='bbox 1582 1258 1691 1295; x_wconf 89' lang='lat' dir='ltr'>Unde</span> <span class='ocrx_word' id='word_1_294' title='bbox 1707 1258 1912 1306; x_wconf 87' lang='lat' dir='ltr'>Gregorius</span> <span class='ocrx_word' id='word_1_295' title='bbox 1932 1259 2030 1305; x_wconf 86' lang='lat' dir='ltr'>dicit,</span> <span class='ocrx_word' id='word_1_296' title='bbox 2049 1272 2161 1308; x_wconf 84' lang='lat' dir='ltr'>super</span> <span class='ocrx_word' id='word_1_297' title='bbox 2175 1261 2305 1307; x_wconf 73' lang='lat' dir='ltr'>Ezech.</span> <span class='ocrx_word' id='word_1_298' title='bbox 2321 1260 2358 1296; x_wconf 67' lang='lat'>³³⁶:</span> <span class='ocrx_word' id='word_1_299' title='bbox 2379 1262 2479 1297; x_wconf 92' lang='lat' dir='ltr'>Duo-</span> 
     </span>
     <span class='ocr_line' id='line_1_47' title="bbox 1425 1308 2480 1361; baseline 0.003 -14"><span class='ocrx_word' id='word_1_300' title='bbox 1425 1311 1566 1348; x_wconf 87' lang='lat' dir='ltr'>decimo</span> <span class='ocrx_word' id='word_1_301' title='bbox 1585 1308 1598 1331; x_wconf 61' lang='grc' dir='ltr'>θ</span> <span class='ocrx_word' id='word_1_302' title='bbox 1626 1323 1726 1347; x_wconf 89' lang='lat' dir='ltr'>anno</span> <span class='ocrx_word' id='word_1_303' title='bbox 1754 1312 1880 1348; x_wconf 89' lang='lat' dir='ltr'>aetatis</span> <span class='ocrx_word' id='word_1_304' title='bbox 1913 1323 2002 1349; x_wconf 87' lang='lat' dir='ltr'>suae</span> <span class='ocrx_word' id='word_1_305' title='bbox 2029 1312 2201 1361; x_wconf 79' lang='lat' dir='ltr'>dignatus</span> <span class='ocrx_word' id='word_1_306' title='bbox 2235 1318 2285 1349; x_wconf 85' lang='lat' dir='ltr'>est</span> <span class='ocrx_word' id='word_1_307' title='bbox 2316 1314 2480 1350; x_wconf 86' lang='lat' dir='ltr'>homines</span> 
     </span>
     <span class='ocr_line' id='line_1_48' title="bbox 1425 1365 2478 1412; baseline 0.003 -13"><span class='ocrx_word' id='word_1_308' title='bbox 1425 1365 1660 1412; x_wconf 82' lang='lat' dir='ltr'>interrogare</span> <span class='ocrx_word' id='word_1_309' title='bbox 1687 1365 1723 1399; x_wconf 88' lang='lat' dir='ltr'>in</span> <span class='ocrx_word' id='word_1_310' title='bbox 1752 1369 1872 1409; x_wconf 84' lang='lat' dir='ltr'>terra,</span> <span class='ocrx_word' id='word_1_311' title='bbox 1903 1365 2006 1412; x_wconf 81' lang='lat' dir='ltr'>quia,</span> <span class='ocrx_word' id='word_1_312' title='bbox 2037 1366 2140 1401; x_wconf 87' lang='lat' dir='ltr'>iuxta</span> <span class='ocrx_word' id='word_1_313' title='bbox 2173 1367 2324 1402; x_wconf 86' lang='lat' dir='ltr'>rationis</span> <span class='ocrx_word' id='word_1_314' title='bbox 2361 1378 2478 1412; x_wconf 88' lang='lat' dir='ltr'>usum,</span> 
     </span>
     <span class='ocr_line' id='line_1_49' title="bbox 1425 1405 2480 1468; baseline 0.003 -16"><span class='ocrx_word' id='word_1_315' title='bbox 1425 1416 1614 1452; x_wconf 88' lang='lat' dir='ltr'>doctrinae</span> <span class='ocrx_word' id='word_1_316' title='bbox 1644 1428 1765 1452; x_wconf 84' lang='lat' dir='ltr'>sermo</span> <span class='ocrx_word' id='word_1_317' title='bbox 1795 1428 1868 1452; x_wconf 88' lang='lat' dir='ltr'>non</span> <span class='ocrx_word' id='word_1_318' title='bbox 1901 1419 2053 1466; x_wconf 84' lang='lat' dir='ltr'>suppetit</span> <span class='ocrx_word' id='word_1_319' title='bbox 2085 1405 2156 1454; x_wconf 88' lang='lat' dir='ltr'>nisi</span> <span class='ocrx_word' id='word_1_320' title='bbox 2186 1419 2222 1454; x_wconf 87' lang='lat' dir='ltr'>in</span> <span class='ocrx_word' id='word_1_321' title='bbox 2257 1424 2373 1455; x_wconf 88' lang='lat' dir='ltr'>aetate</span> <span class='ocrx_word' id='word_1_322' title='bbox 2394 1431 2480 1468; x_wconf 90' lang='lat' dir='ltr'>per-</span> 
     </span>
    </p>
   </div>
   <div class='ocr_carea' id='block_1_15' title="bbox 2409 288 2479 335">
    <p class='ocr_par' dir='ltr' id='par_1_18' title="bbox 2409 288 2479 335">
     <span class='ocr_line' id='line_1_50' title="bbox 2409 288 2479 335; baseline 0 -11"><span class='ocrx_word' id='word_1_323' title='bbox 2409 288 2479 335; x_wconf 85' lang='lat'>169</span> 
     </span>
    </p>
   </div>
   <div class='ocr_carea' id='block_1_16' title="bbox 1413 1469 1531 1516">
    <p class='ocr_par' dir='ltr' id='par_1_19' title="bbox 1413 1469 1531 1516">
     <span class='ocr_line' id='line_1_51' title="bbox 1413 1469 1531 1516; baseline 0 -11"><span class='ocrx_word' id='word_1_324' title='bbox 1413 1469 1531 1516; x_wconf 85' lang='lat' dir='ltr'>fecta.</span> 
     </span>
    </p>
   </div>
   <div class='ocr_carea' id='block_1_17' title="bbox 1036 1548 1792 1552">
    <p class='ocr_par' dir='ltr' id='par_1_20' title="bbox 1036 1548 1792 1552">
     <span class='ocr_line' id='line_1_52' title="bbox 1036 1548 1792 1552; baseline 0 0"><span class='ocrx_word' id='word_1_325' title='bbox 1036 1548 1792 1552; x_wconf 95' lang='lat' dir='ltr'> </span> 
     </span>
    </p>
   </div>
   <div class='ocr_carea' id='block_1_18' title="bbox 310 1581 1372 1714">
    <p class='ocr_par' dir='ltr' id='par_1_21' title="bbox 310 1581 1372 1714">
     <span class='ocr_line' id='line_1_53' title="bbox 364 1581 903 1615; baseline 0 -8"><span class='ocrx_word' id='word_1_326' title='bbox 364 1581 391 1615; x_wconf 88' lang='grc' dir='ltr'>γ)</span> <span class='ocrx_word' id='word_1_327' title='bbox 409 1584 457 1607; x_wconf 76' lang='lat' dir='ltr'>est.</span> <span class='ocrx_word' id='word_1_328' title='bbox 475 1596 494 1600; x_wconf 91' lang='lat'><em>-</em></span> <span class='ocrx_word' id='word_1_329' title='bbox 511 1590 528 1607; x_wconf 92' lang='lat' dir='ltr'>a</span> <span class='ocrx_word' id='word_1_330' title='bbox 549 1582 606 1607; x_wconf 85' lang='lat' dir='ltr'>Deo</span> <span class='ocrx_word' id='word_1_331' title='bbox 626 1583 722 1607; x_wconf 86' lang='lat' dir='ltr'>addunt</span> <span class='ocrx_word' id='word_1_332' title='bbox 741 1583 760 1607; x_wconf 85' lang='lat' dir='ltr'><strong>F</strong></span> <span class='ocrx_word' id='word_1_333' title='bbox 780 1588 805 1607; x_wconf 86' lang='lat' dir='ltr'>et</span> <span class='ocrx_word' id='word_1_334' title='bbox 822 1583 903 1608; x_wconf 82' lang='lat' dir='ltr'>tertia.</span> 
     </span>
     <span class='ocr_line' id='line_1_54' title="bbox 363 1616 812 1651; baseline 0 -9"><span class='ocrx_word' id='word_1_335' title='bbox 363 1616 388 1651; x_wconf 82' lang='grc' dir='ltr'>δ)</span> <span class='ocrx_word' id='word_1_336' title='bbox 407 1617 552 1642; x_wconf 83' lang='lat' dir='ltr'>hominum.</span> <span class='ocrx_word' id='word_1_337' title='bbox 569 1631 589 1636; x_wconf 90' lang='lat'><em>-</em></span> <span class='ocrx_word' id='word_1_338' title='bbox 606 1618 712 1643; x_wconf 86' lang='lat' dir='ltr'>homine</span> <span class='ocrx_word' id='word_1_339' title='bbox 730 1618 812 1643; x_wconf 79' lang='lat' dir='ltr'>tertia.</span> 
     </span>
     <span class='ocr_line' id='line_1_55' title="bbox 310 1651 1372 1714; baseline 0.001 -38"><span class='ocrx_word' id='word_1_340' title='bbox 310 1691 353 1714; x_wconf 61' lang='lat' dir='ltr'>ret</span> <span class='ocrx_word' id='word_1_341' title='bbox 362 1652 507 1713; x_wconf 50' lang='lat' dir='ltr'>agFaliquid</span> <span class='ocrx_word' id='word_1_342' title='bbox 526 1653 646 1678; x_wconf 80' lang='lat' dir='ltr'>disceret.</span> <span class='ocrx_word' id='word_1_343' title='bbox 663 1667 682 1672; x_wconf 93' lang='lat'>-—</span> <span class='ocrx_word' id='word_1_344' title='bbox 699 1653 854 1678; x_wconf 62' lang='lat' dir='ltr'>addiscerint</span> <span class='ocrx_word' id='word_1_345' title='bbox 873 1653 896 1682; x_wconf 76' lang='lat'>17,</span> <span class='ocrx_word' id='word_1_346' title='bbox 914 1653 1065 1678; x_wconf 81' lang='lat' dir='ltr'>addisceret</span> <span class='ocrx_word' id='word_1_347' title='bbox 1083 1660 1105 1681; x_wconf 84' lang='lat' dir='ltr'>c,</span> <span class='ocrx_word' id='word_1_348' title='bbox 1125 1652 1228 1685; x_wconf 69' lang='lat' dir='ltr'>aliquid</span> <span class='ocrx_word' id='word_1_349' title='bbox 1251 1651 1372 1677; x_wconf 78' lang='lat' dir='ltr'>addisce-</span> 
     </span>
    </p>
   </div>
   <div class='ocr_carea' id='block_1_19' title="bbox 1395 1581 1401 1712">
    <p class='ocr_par' dir='ltr' id='par_1_22' title="bbox 1395 1581 1401 1712">
     <span class='ocr_line' id='line_1_56' title="bbox 1395 1581 1401 1712; baseline 0 2258"><span class='ocrx_word' id='word_1_350' title='bbox 1395 1581 1401 1712; x_wconf 95' lang='lat' dir='ltr'> </span> 
     </span>
    </p>
   </div>
   <div class='ocr_carea' id='block_1_20' title="bbox 1478 1580 2481 1687">
    <p class='ocr_par' dir='ltr' id='par_1_23' title="bbox 1478 1580 2481 1687">
     <span class='ocr_line' id='line_1_57' title="bbox 1478 1580 2106 1614; baseline 0 -8"><span class='ocrx_word' id='word_1_351' title='bbox 1478 1580 1503 1614; x_wconf 79' lang='grc' dir='ltr'>ζ)</span> <span class='ocrx_word' id='word_1_352' title='bbox 1522 1582 1746 1607; x_wconf 80' lang='lat' dir='ltr'>intellectualium.</span> <span class='ocrx_word' id='word_1_353' title='bbox 1765 1596 1784 1601; x_wconf 88' lang='lat'>-</span> <span class='ocrx_word' id='word_1_354' title='bbox 1802 1581 2006 1614; x_wconf 81' lang='lat' dir='ltr'>intelligibilium</span> <span class='ocrx_word' id='word_1_355' title='bbox 2026 1582 2106 1607; x_wconf 81' lang='lat' dir='ltr'>tertia.</span> 
     </span>
     <span class='ocr_line' id='line_1_58' title="bbox 1478 1617 2481 1649; baseline 0.002 -8"><span class='ocrx_word' id='word_1_356' title='bbox 1478 1618 1505 1649; x_wconf 85' lang='grc' dir='ltr'>η)</span> <span class='ocrx_word' id='word_1_357' title='bbox 1525 1620 1683 1649; x_wconf 80' lang='lat' dir='ltr'>opportuna.</span> <span class='ocrx_word' id='word_1_358' title='bbox 1702 1631 1721 1635; x_wconf 80' lang='lat'>—</span> <span class='ocrx_word' id='word_1_359' title='bbox 1738 1617 1757 1640; x_wconf 91' lang='lat' dir='ltr'>F</span> <span class='ocrx_word' id='word_1_360' title='bbox 1777 1622 1803 1641; x_wconf 87' lang='lat' dir='ltr'>et</span> <span class='ocrx_word' id='word_1_361' title='bbox 1821 1617 1892 1641; x_wconf 80' lang='lat' dir='ltr'>tertia</span> <span class='ocrx_word' id='word_1_362' title='bbox 1917 1622 2016 1649; x_wconf 83' lang='lat' dir='ltr'>praeter</span> <span class='ocrx_word' id='word_1_363' title='bbox 2035 1617 2058 1646; x_wconf 85' lang='lat'>1;</span> <span class='ocrx_word' id='word_1_364' title='bbox 2078 1617 2216 1649; x_wconf 82' lang='lat' dir='ltr'>operativa</span> <span class='ocrx_word' id='word_1_365' title='bbox 2236 1618 2253 1647; x_wconf 84' lang='lat'>1,</span> <span class='ocrx_word' id='word_1_366' title='bbox 2273 1617 2372 1648; x_wconf 84' lang='lat' dir='ltr'>optima</span> <span class='ocrx_word' id='word_1_367' title='bbox 2396 1618 2481 1643; x_wconf 78' lang='lat' dir='ltr'>ceteri.</span> 
     </span>
     <span class='ocr_line' id='line_1_59' title="bbox 1479 1650 2480 1687; baseline 0.001 -11"><span class='ocrx_word' id='word_1_368' title='bbox 1479 1650 1503 1686; x_wconf 85' lang='grc' dir='ltr'>θ)</span> <span class='ocrx_word' id='word_1_369' title='bbox 1524 1652 1633 1684; x_wconf 67' lang='lat' dir='ltr'>Ezech..·</span> <span class='ocrx_word' id='word_1_370' title='bbox 1654 1652 1825 1677; x_wconf 75' lang='lat' dir='ltr'>Duodecimn.</span> <span class='ocrx_word' id='word_1_371' title='bbox 1843 1666 1862 1671; x_wconf 90' lang='lat'><em>-</em></span> <span class='ocrx_word' id='word_1_372' title='bbox 1880 1652 1980 1683; x_wconf 79' lang='lat' dir='ltr'>Tertia;</span> <span class='ocrx_word' id='word_1_373' title='bbox 2001 1651 2094 1685; x_wconf 72' lang='lat' dir='ltr'>Ezech.</span> <span class='ocrx_word' id='word_1_374' title='bbox 2114 1652 2203 1677; x_wconf 79' lang='lat' dir='ltr'>homil.</span> <span class='ocrx_word' id='word_1_375' title='bbox 2223 1652 2282 1677; x_wconf 87' lang='lat' dir='ltr'>XII</span> <span class='ocrx_word' id='word_1_376' title='bbox 2304 1651 2342 1685; x_wconf 79' lang='lat' dir='ltr'>(in</span> <span class='ocrx_word' id='word_1_377' title='bbox 2361 1653 2420 1677; x_wconf 89' lang='lat' dir='ltr'>XII</span> <span class='ocrx_word' id='word_1_378' title='bbox 2439 1652 2480 1687; x_wconf 80' lang='lat' dir='ltr'>F).</span> 
     </span>
    </p>
   </div>
   <div class='ocr_carea' id='block_1_21' title="bbox 984 1765 1810 1799">
    <p class='ocr_par' dir='ltr' id='par_1_24' title="bbox 984 1765 1810 1799">
     <span class='ocr_line' id='line_1_60' title="bbox 984 1765 1810 1799; baseline -0.002 -1"><span class='ocrx_word' id='word_1_379' title='bbox 984 1765 1316 1799; x_wconf 66' lang='lat' dir='ltr'>Commentario.</span> <span class='ocrx_word' id='word_1_380' title='bbox 1338 1765 1589 1799; x_wconf 65' lang='lat' dir='ltr'>cardinalis</span> <span class='ocrx_word' id='word_1_381' title='bbox 1610 1765 1810 1798; x_wconf 77' lang='lat' dir='ltr'>Caietam</span> 
     </span>
    </p>
   </div>
   <div class='ocr_carea' id='block_1_22' title="bbox 309 1844 1372 2017">
    <p class='ocr_par' dir='ltr' id='par_1_25' title="bbox 309 1844 1372 2017">
     <span class='ocr_line' id='line_1_61' title="bbox 371 1844 1371 1884; baseline 0 -10"><span class='ocrx_word' id='word_1_382' title='bbox 371 1855 476 1875; x_wconf 68' lang='lat' dir='ltr'>nunus</span> <span class='ocrx_word' id='word_1_383' title='bbox 501 1845 612 1875; x_wconf 85' lang='lat' dir='ltr'>clarus.</span> <span class='ocrx_word' id='word_1_384' title='bbox 627 1863 650 1867; x_wconf 87' lang='lat'>—</span> <span class='ocrx_word' id='word_1_385' title='bbox 673 1845 708 1874; x_wconf 90' lang='lat' dir='ltr'>In</span> <span class='ocrx_word' id='word_1_386' title='bbox 728 1854 863 1884; x_wconf 78' lang='lat' dir='ltr'>corpore</span> <span class='ocrx_word' id='word_1_387' title='bbox 884 1844 1007 1876; x_wconf 83' lang='lat' dir='ltr'>articuli</span> <span class='ocrx_word' id='word_1_388' title='bbox 1029 1854 1093 1875; x_wconf 90' lang='lat' dir='ltr'>una</span> <span class='ocrx_word' id='word_1_389' title='bbox 1116 1850 1162 1874; x_wconf 88' lang='lat' dir='ltr'>est</span> <span class='ocrx_word' id='word_1_390' title='bbox 1187 1845 1371 1884; x_wconf 85' lang='lat' dir='ltr'>conclusio,</span> 
     </span>
     <span class='ocr_line' id='line_1_62' title="bbox 313 1856 1372 1929; baseline -0.002 -10"><span class='ocrx_word' id='word_1_391' title='bbox 313 1856 552 1929; x_wconf 82' lang='lat' dir='ltr'>Tresponsiva</span> <span class='ocrx_word' id='word_1_392' title='bbox 569 1890 712 1929; x_wconf 87' lang='lat' dir='ltr'>quaesito</span> <span class='ocrx_word' id='word_1_393' title='bbox 735 1889 895 1928; x_wconf 87' lang='lat' dir='ltr'>negative:</span> <span class='ocrx_word' id='word_1_394' title='bbox 923 1888 1069 1920; x_wconf 78' lang='lat' dir='ltr'>Christus</span> <span class='ocrx_word' id='word_1_395' title='bbox 1089 1888 1169 1918; x_wconf 79' lang='lat' dir='ltr'>nihil</span> <span class='ocrx_word' id='word_1_396' title='bbox 1190 1887 1229 1918; x_wconf 89' lang='lat' dir='ltr'>ab</span> <span class='ocrx_word' id='word_1_397' title='bbox 1244 1887 1372 1918; x_wconf 86' lang='lat' dir='ltr'>homine</span> 
     </span>
     <span class='ocr_line' id='line_1_63' title="bbox 310 1932 1371 1972; baseline -0.002 -8"><span class='ocrx_word' id='word_1_398' title='bbox 310 1932 429 1968; x_wconf 82' lang='lat' dir='ltr'>didicit.</span> <span class='ocrx_word' id='word_1_399' title='bbox 454 1933 618 1964; x_wconf 85' lang='lat' dir='ltr'>Probatur.</span> <span class='ocrx_word' id='word_1_400' title='bbox 646 1933 790 1963; x_wconf 89' lang='lat' dir='ltr'>Primum</span> <span class='ocrx_word' id='word_1_401' title='bbox 805 1942 938 1963; x_wconf 87' lang='lat' dir='ltr'>movens</span> <span class='ocrx_word' id='word_1_402' title='bbox 959 1932 992 1963; x_wconf 91' lang='lat' dir='ltr'>in</span> <span class='ocrx_word' id='word_1_403' title='bbox 1009 1932 1153 1972; x_wconf 88' lang='lat' dir='ltr'>quolibet</span> <span class='ocrx_word' id='word_1_404' title='bbox 1172 1941 1288 1971; x_wconf 86' lang='lat' dir='ltr'>genere</span> <span class='ocrx_word' id='word_1_405' title='bbox 1304 1941 1371 1962; x_wconf 91' lang='lat' dir='ltr'>non</span> 
     </span>
     <span class='ocr_line' id='line_1_64' title="bbox 309 1975 1370 2017; baseline -0.002 -9"><span class='ocrx_word' id='word_1_406' title='bbox 309 1982 457 2008; x_wconf 79' lang='lat' dir='ltr'>movetur</span> <span class='ocrx_word' id='word_1_407' title='bbox 487 1977 539 2007; x_wconf 86' lang='lat' dir='ltr'>illa</span> <span class='ocrx_word' id='word_1_408' title='bbox 569 1977 674 2017; x_wconf 89' lang='lat' dir='ltr'>specie</span> <span class='ocrx_word' id='word_1_409' title='bbox 704 1982 821 2007; x_wconf 90' lang='lat' dir='ltr'>motus.</span> <span class='ocrx_word' id='word_1_410' title='bbox 858 1975 1003 2007; x_wconf 85' lang='lat' dir='ltr'>Christus</span> <span class='ocrx_word' id='word_1_411' title='bbox 1027 1981 1073 2007; x_wconf 89' lang='lat' dir='ltr'>est</span> <span class='ocrx_word' id='word_1_412' title='bbox 1102 1977 1224 2016; x_wconf 89' lang='lat' dir='ltr'>primus</span> <span class='ocrx_word' id='word_1_413' title='bbox 1247 1975 1370 2006; x_wconf 89' lang='lat' dir='ltr'>Doctor</span> 
     </span>
    </p>
   </div>
   <div class='ocr_carea' id='block_1_23' title="bbox 1396 1842 1400 2011">
    <p class='ocr_par' dir='ltr' id='par_1_26' title="bbox 1396 1842 1400 2011">
     <span class='ocr_line' id='line_1_65' title="bbox 1396 1842 1400 2011; baseline 0 1959"><span class='ocrx_word' id='word_1_414' title='bbox 1396 1842 1400 2011; x_wconf 95' lang='lat' dir='ltr'> </span> 
     </span>
    </p>
   </div>
   <div class='ocr_carea' id='block_1_24' title="bbox 1425 1843 2483 1966">
    <p class='ocr_par' dir='ltr' id='par_1_27' title="bbox 1425 1843 2483 1966">
     <span class='ocr_line' id='line_1_66' title="bbox 1425 1843 2483 1883; baseline 0.002 -10"><span class='ocrx_word' id='word_1_415' title='bbox 1425 1844 1595 1874; x_wconf 86' lang='lat' dir='ltr'>hominum</span> <span class='ocrx_word' id='word_1_416' title='bbox 1615 1844 1771 1874; x_wconf 85' lang='lat' dir='ltr'>omniurn.</span> <span class='ocrx_word' id='word_1_417' title='bbox 1796 1844 1881 1883; x_wconf 86' lang='lat' dir='ltr'>Ergo</span> <span class='ocrx_word' id='word_1_418' title='bbox 1897 1853 1963 1873; x_wconf 91' lang='lat' dir='ltr'>non</span> <span class='ocrx_word' id='word_1_419' title='bbox 1981 1843 2112 1874; x_wconf 89' lang='lat' dir='ltr'>docetur</span> <span class='ocrx_word' id='word_1_420' title='bbox 2128 1844 2166 1873; x_wconf 89' lang='lat' dir='ltr'>ab</span> <span class='ocrx_word' id='word_1_421' title='bbox 2183 1844 2290 1883; x_wconf 84' lang='lat' dir='ltr'>aliquo</span> <span class='ocrx_word' id='word_1_422' title='bbox 2306 1845 2447 1875; x_wconf 89' lang='lat' dir='ltr'>homine.</span> <span class='ocrx_word' id='word_1_423' title='bbox 2459 1864 2483 1867; x_wconf 98' lang='lat'><strong>—</strong></span> 
     </span>
     <span class='ocr_line' id='line_1_67' title="bbox 1426 1887 2481 1927; baseline 0.003 -11"><span class='ocrx_word' id='word_1_424' title='bbox 1426 1887 1528 1917; x_wconf 85' lang='lat' dir='ltr'>Maior</span> <span class='ocrx_word' id='word_1_425' title='bbox 1550 1887 1767 1917; x_wconf 85' lang='lat' dir='ltr'>manifestatur</span> <span class='ocrx_word' id='word_1_426' title='bbox 1789 1887 1822 1917; x_wconf 93' lang='lat' dir='ltr'>in</span> <span class='ocrx_word' id='word_1_427' title='bbox 1844 1888 1949 1927; x_wconf 88' lang='lat' dir='ltr'>primo</span> <span class='ocrx_word' id='word_1_428' title='bbox 1977 1888 2136 1918; x_wconf 87' lang='lat' dir='ltr'>alterante.</span> <span class='ocrx_word' id='word_1_429' title='bbox 2159 1906 2181 1909; x_wconf 85' lang='lat'>—</span> <span class='ocrx_word' id='word_1_430' title='bbox 2205 1888 2321 1924; x_wconf 84' lang='lat' dir='ltr'>Minor,</span> <span class='ocrx_word' id='word_1_431' title='bbox 2345 1889 2481 1919; x_wconf 89' lang='lat' dir='ltr'>auctori-</span> 
     </span>
     <span class='ocr_line' id='line_1_68' title="bbox 1425 1931 1864 1966; baseline -0.002 -5"><span class='ocrx_word' id='word_1_432' title='bbox 1425 1937 1487 1961; x_wconf 91' lang='lat' dir='ltr'>tate</span> <span class='ocrx_word' id='word_1_433' title='bbox 1511 1932 1652 1966; x_wconf 88' lang='lat' dir='ltr'>Domini,</span> <span class='ocrx_word' id='word_1_434' title='bbox 1677 1931 1763 1961; x_wconf 89' lang='lat' dir='ltr'>Ioan.</span> <span class='ocrx_word' id='word_1_435' title='bbox 1781 1941 1864 1961; x_wconf 85' lang='lat' dir='ltr'>xvm.</span> 
     </span>
    </p>
   </div>
   <div class='ocr_carea' id='block_1_25' title="bbox 774 2117 1999 2259">
    <p class='ocr_par' dir='ltr' id='par_1_28' title="bbox 774 2117 1999 2259">
     <span class='ocr_line' id='line_1_69' title="bbox 1081 2117 1712 2167; baseline -0.002 -8"><span class='ocrx_word' id='word_1_436' title='bbox 1081 2117 1400 2160; x_wconf 86' lang='lat' dir='ltr'>ARTICULUS</span> <span class='ocrx_word' id='word_1_437' title='bbox 1438 2118 1712 2167; x_wconf 86' lang='lat' dir='ltr'>QUARTUS</span> 
     </span>
     <span class='ocr_line' id='line_1_70' title="bbox 774 2182 1999 2259; baseline -0.002 -17"><span class='ocrx_word' id='word_1_438' title='bbox 774 2211 948 2259; x_wconf 21' lang='lat' dir='ltr'><strong>*UTRUM</strong></span> <span class='ocrx_word' id='word_1_439' title='bbox 973 2210 1184 2242; x_wconf 74' lang='lat' dir='ltr'>cumsrus</span> <span class='ocrx_word' id='word_1_440' title='bbox 1207 2210 1263 2240; x_wconf 88' lang='lat' dir='ltr'>AB</span> <span class='ocrx_word' id='word_1_441' title='bbox 1282 2209 1468 2240; x_wconf 82' lang='lat' dir='ltr'>ANGEL1s</span> <span class='ocrx_word' id='word_1_442' title='bbox 1492 2209 1728 2240; x_wconf 83' lang='lat' dir='ltr'>SCIENTIAM</span> <span class='ocrx_word' id='word_1_443' title='bbox 1751 2182 1999 2241; x_wconf 71' lang='lat' dir='ltr'>ACCEPERIT</span> 
     </span>
    </p>
   </div>
   <div class='ocr_carea' id='block_1_26' title="bbox 634 2289 1210 2323">
    <p class='ocr_par' dir='ltr' id='par_1_29' title="bbox 634 2289 1210 2323">
     <span class='ocr_line' id='line_1_71' title="bbox 634 2289 1210 2323; baseline 0 -9"><span class='ocrx_word' id='word_1_444' title='bbox 634 2290 710 2323; x_wconf 78' lang='lat' dir='ltr'>inira,</span> <span class='ocrx_word' id='word_1_445' title='bbox 728 2297 772 2322; x_wconf 86' lang='lat' dir='ltr'>qu.</span> <span class='ocrx_word' id='word_1_446' title='bbox 791 2298 846 2320; x_wconf 81' lang='lat' dir='ltr'>xxx,</span> <span class='ocrx_word' id='word_1_447' title='bbox 866 2294 912 2316; x_wconf 84' lang='lat' dir='ltr'>art.</span> <span class='ocrx_word' id='word_1_448' title='bbox 933 2297 956 2320; x_wconf 84' lang='lat'>2,</span> <span class='ocrx_word' id='word_1_449' title='bbox 976 2290 1008 2315; x_wconf 86' lang='lat' dir='ltr'>ad</span> <span class='ocrx_word' id='word_1_450' title='bbox 1029 2296 1039 2314; x_wconf 83' lang='grc' dir='ltr'><strong>ι</strong></span> <span class='ocrx_word' id='word_1_451' title='bbox 1050 2297 1057 2320; x_wconf 82' lang='grc'><strong>;</strong></span> <span class='ocrx_word' id='word_1_452' title='bbox 1077 2289 1107 2314; x_wconf 92' lang='grc' dir='ltr'>ΙΙΙ</span> <span class='ocrx_word' id='word_1_453' title='bbox 1128 2289 1210 2318; x_wconf 87' lang='lat' dir='ltr'>Sent.,</span> 
     </span>
    </p>
   </div>
   <div class='ocr_carea' id='block_1_27' title="bbox 306 2369 1373 3368">
    <p class='ocr_par' dir='ltr' id='par_1_30' title="bbox 306 2369 1371 2841">
     <span class='ocr_line' id='line_1_72' title="bbox 345 2369 1369 2421; baseline -0.003 -13"><span class='ocrx_word' id='word_1_454' title='bbox 345 2386 406 2421; x_wconf 50' lang='lat'>&gt;23³</span> <span class='ocrx_word' id='word_1_455' title='bbox 418 2390 481 2417; x_wconf 40' lang='grc' dir='ltr'>,ια</span> <span class='ocrx_word' id='word_1_456' title='bbox 495 2384 543 2408; x_wconf 72' lang='lat' dir='ltr'>,D</span> <span class='ocrx_word' id='word_1_457' title='bbox 563 2382 735 2413; x_wconf 82' lang='lat' dir='ltr'><strong>QUARTUM</strong></span> <span class='ocrx_word' id='word_1_458' title='bbox 754 2382 806 2407; x_wconf 89' lang='lat' dir='ltr'>s1c</span> <span class='ocrx_word' id='word_1_459' title='bbox 826 2382 1060 2407; x_wconf 81' lang='lat' dir='ltr'>PROCEDITUR.</span> <span class='ocrx_word' id='word_1_460' title='bbox 1081 2369 1242 2406; x_wconf 91' lang='lat' dir='ltr'>Videtur</span> <span class='ocrx_word' id='word_1_461' title='bbox 1261 2369 1369 2418; x_wconf 91' lang='lat' dir='ltr'>quod</span> 
     </span>
     <span class='ocr_line' id='line_1_73' title="bbox 337 2399 1367 2483; baseline -0.003 -21.979"><span class='ocrx_word' id='word_1_462' title='bbox 337 2399 500 2483; x_wconf 40' lang='lat' dir='ltr'>kz}</span> <span class='ocrx_word' id='word_1_463' title='bbox 523 2423 695 2461; x_wconf 90' lang='lat' dir='ltr'>Christus</span> <span class='ocrx_word' id='word_1_464' title='bbox 723 2422 771 2460; x_wconf 89' lang='lat' dir='ltr'>ab</span> <span class='ocrx_word' id='word_1_465' title='bbox 791 2422 931 2470; x_wconf 87' lang='lat' dir='ltr'>angelis</span> <span class='ocrx_word' id='word_1_466' title='bbox 955 2422 1150 2460; x_wconf 88' lang='lat' dir='ltr'>scientiam</span> <span class='ocrx_word' id='word_1_467' title='bbox 1169 2421 1367 2470; x_wconf 85' lang='lat' dir='ltr'>acceperit.</span> 
     </span>
     <span class='ocr_line' id='line_1_74' title="bbox 329 2463 1368 2556; baseline 0 -45"><span class='ocrx_word' id='word_1_468' title='bbox 329 2480 332 2485; x_wconf 90' lang='lat'>&#39;</span> <span class='ocrx_word' id='word_1_469' title='bbox 368 2493 448 2556; x_wconf 68' lang='lat' dir='ltr'>v</span> <span class='ocrx_word' id='word_1_470' title='bbox 456 2463 668 2523; x_wconf 55' lang='lat' dir='ltr'>&#39;5Dicitur</span> <span class='ocrx_word' id='word_1_471' title='bbox 700 2475 804 2512; x_wconf 91' lang='lat' dir='ltr'>enim</span> <span class='ocrx_word' id='word_1_472' title='bbox 835 2477 930 2512; x_wconf 91' lang='lat' dir='ltr'>Luc.</span> <span class='ocrx_word' id='word_1_473' title='bbox 960 2487 1030 2512; x_wconf 86' lang='lat' dir='ltr'>xxn</span> <span class='ocrx_word' id='word_1_474' title='bbox 1056 2474 1076 2496; x_wconf 69' lang='lat'>²¹⁶</span> <span class='ocrx_word' id='word_1_475' title='bbox 1113 2475 1220 2523; x_wconf 92' lang='lat' dir='ltr'>quod</span> <span class='ocrx_word' id='word_1_476' title='bbox 1256 2487 1368 2524; x_wconf 87' lang='lat' dir='ltr'>appa-</span> 
     </span>
     <span class='ocr_line' id='line_1_75' title="bbox 368 2498 1369 2578; baseline 0 -14"><span class='ocrx_word' id='word_1_477' title='bbox 368 2506 463 2564; x_wconf 47' lang='lat'>§³³¹5</span> <span class='ocrx_word' id='word_1_478' title='bbox 478 2498 509 2556; x_wconf 38' lang='grc' dir='ltr'>Ν</span> <span class='ocrx_word' id='word_1_479' title='bbox 522 2531 594 2567; x_wconf 89' lang='lat' dir='ltr'>ruit</span> <span class='ocrx_word' id='word_1_480' title='bbox 616 2530 760 2566; x_wconf 86' lang='lat' dir='ltr'>Christo</span> <span class='ocrx_word' id='word_1_481' title='bbox 784 2529 940 2578; x_wconf 82' lang='lat' dir='ltr'>angelus</span> <span class='ocrx_word' id='word_1_482' title='bbox 959 2529 1004 2564; x_wconf 83' lang='lat' dir='ltr'>de</span> <span class='ocrx_word' id='word_1_483' title='bbox 1024 2528 1128 2565; x_wconf 90' lang='lat' dir='ltr'>caelo</span> <span class='ocrx_word' id='word_1_484' title='bbox 1154 2528 1369 2575; x_wconf 89' lang='lat' dir='ltr'>confortans</span> 
     </span>
     <span class='ocr_line' id='line_1_76' title="bbox 313 2579 1369 2630; baseline -0.001 -11"><span class='ocrx_word' id='word_1_485' title='bbox 313 2594 408 2619; x_wconf 89' lang='lat' dir='ltr'>eum.</span> <span class='ocrx_word' id='word_1_486' title='bbox 444 2581 521 2618; x_wconf 92' lang='lat' dir='ltr'>Sed</span> <span class='ocrx_word' id='word_1_487' title='bbox 540 2581 767 2619; x_wconf 90' lang='lat' dir='ltr'>confortatio</span> <span class='ocrx_word' id='word_1_488' title='bbox 783 2580 826 2617; x_wconf 93' lang='lat' dir='ltr'>fit</span> <span class='ocrx_word' id='word_1_489' title='bbox 843 2593 912 2630; x_wconf 93' lang='lat' dir='ltr'>per</span> <span class='ocrx_word' id='word_1_490' title='bbox 930 2580 1048 2618; x_wconf 88' lang='lat' dir='ltr'>verba</span> <span class='ocrx_word' id='word_1_491' title='bbox 1076 2579 1369 2618; x_wconf 72' lang='lat' dir='ltr'>exhortatoria0‘</span> 
     </span>
     <span class='ocr_line' id='line_1_77' title="bbox 313 2633 1373 2679; baseline -0.002 -7"><span class='ocrx_word' id='word_1_492' title='bbox 313 2634 501 2672; x_wconf 90' lang='lat' dir='ltr'>docentis:</span> <span class='ocrx_word' id='word_1_493' title='bbox 532 2634 748 2672; x_wconf 89' lang='lat' dir='ltr'>secundum</span> <span class='ocrx_word' id='word_1_494' title='bbox 770 2634 863 2671; x_wconf 92' lang='lat' dir='ltr'>illud</span> <span class='ocrx_word' id='word_1_495' title='bbox 881 2636 951 2672; x_wconf 89' lang='lat' dir='ltr'>Iob</span> <span class='ocrx_word' id='word_1_496' title='bbox 970 2646 1004 2671; x_wconf 89' lang='lat' dir='ltr'>1v</span> <span class='ocrx_word' id='word_1_497' title='bbox 1022 2633 1059 2669; x_wconf 79' lang='lat' dir='ltr'>*z</span> <span class='ocrx_word' id='word_1_498' title='bbox 1089 2635 1197 2679; x_wconf 86' lang='lat' dir='ltr'>Ecce,</span> <span class='ocrx_word' id='word_1_499' title='bbox 1219 2633 1373 2670; x_wconf 77' lang='lat' dir='ltr'>docuisti</span> 
     </span>
     <span class='ocr_line' id='line_1_78' title="bbox 306 2687 1371 2737; baseline -0.001 -13"><span class='ocrx_word' id='word_1_500' title='bbox 306 2688 510 2737; x_wconf 82' lang='lat' dir='ltr'>plurimos,</span> <span class='ocrx_word' id='word_1_501' title='bbox 539 2693 572 2724; x_wconf 85' lang='lat' dir='ltr'>et</span> <span class='ocrx_word' id='word_1_502' title='bbox 603 2699 735 2725; x_wconf 89' lang='lat' dir='ltr'>manus</span> <span class='ocrx_word' id='word_1_503' title='bbox 771 2687 886 2724; x_wconf 87' lang='lat' dir='ltr'>lassas</span> <span class='ocrx_word' id='word_1_504' title='bbox 923 2688 1106 2725; x_wconf 88' lang='lat' dir='ltr'>roborasti</span> <span class='ocrx_word' id='word_1_505' title='bbox 1112 2700 1123 2723; x_wconf 92' lang='grc'>.·</span> <span class='ocrx_word' id='word_1_506' title='bbox 1158 2687 1371 2724; x_wconf 79' lang='lat' dir='ltr'>vacillantes</span> 
     </span>
     <span class='ocr_line' id='line_1_79' title="bbox 312 2739 1370 2788; baseline -0.002 -11"><span class='ocrx_word' id='word_1_507' title='bbox 312 2741 627 2788; x_wconf 83' lang='lat' dir='ltr'>confirmaverunt</span> <span class='ocrx_word' id='word_1_508' title='bbox 662 2752 850 2777; x_wconf 86' lang='lat' dir='ltr'>sermones</span> <span class='ocrx_word' id='word_1_509' title='bbox 881 2742 942 2776; x_wconf 89' lang='lat' dir='ltr'>tui.</span> <span class='ocrx_word' id='word_1_510' title='bbox 981 2740 1082 2787; x_wconf 90' lang='lat' dir='ltr'>Ergo</span> <span class='ocrx_word' id='word_1_511' title='bbox 1121 2739 1293 2775; x_wconf 90' lang='lat' dir='ltr'>Christus</span> <span class='ocrx_word' id='word_1_512' title='bbox 1322 2739 1370 2776; x_wconf 91' lang='lat' dir='ltr'>ab</span> 
     </span>
     <span class='ocr_line' id='line_1_80' title="bbox 313 2791 743 2841; baseline -0.002 -11"><span class='ocrx_word' id='word_1_513' title='bbox 313 2792 453 2841; x_wconf 88' lang='lat' dir='ltr'>angelis</span> <span class='ocrx_word' id='word_1_514' title='bbox 481 2793 617 2830; x_wconf 91' lang='lat' dir='ltr'>doctus</span> <span class='ocrx_word' id='word_1_515' title='bbox 635 2791 651 2821; x_wconf 70' lang='grc' dir='ltr'>β</span> <span class='ocrx_word' id='word_1_516' title='bbox 679 2800 743 2830; x_wconf 91' lang='lat' dir='ltr'>est.</span> 
     </span>
    </p>

    <p class='ocr_par' dir='ltr' id='par_1_31' title="bbox 311 2844 1373 3261">
     <span class='ocr_line' id='line_1_81' title="bbox 367 2844 1369 2895; baseline -0.001 -13"><span class='ocrx_word' id='word_1_517' title='bbox 367 2856 402 2881; x_wconf 85' lang='lat'>2.</span> <span class='ocrx_word' id='word_1_518' title='bbox 441 2846 680 2892; x_wconf 75' lang='lat' dir='ltr'>PRAETEREA,</span> <span class='ocrx_word' id='word_1_519' title='bbox 710 2845 917 2895; x_wconf 88' lang='lat' dir='ltr'>Dionysius</span> <span class='ocrx_word' id='word_1_520' title='bbox 955 2844 1062 2890; x_wconf 84' lang='lat' dir='ltr'>dicit,</span> <span class='ocrx_word' id='word_1_521' title='bbox 1091 2857 1125 2881; x_wconf 81' lang='lat' dir='ltr'>1v</span> <span class='ocrx_word' id='word_1_522' title='bbox 1153 2857 1235 2894; x_wconf 90' lang='lat' dir='ltr'>cap.</span> <span class='ocrx_word' id='word_1_523' title='bbox 1269 2845 1369 2881; x_wconf 91' lang='lat' dir='ltr'>Cael.</span> 
     </span>
     <span class='ocr_line' id='line_1_82' title="bbox 311 2898 1370 2947; baseline -0.001 -13"><span class='ocrx_word' id='word_1_524' title='bbox 311 2899 444 2935; x_wconf 47' lang='lat' dir='ltr'>,Hiera</span> <span class='ocrx_word' id='word_1_525' title='bbox 470 2898 581 2935; x_wconf 87' lang='lat' dir='ltr'>Video</span> <span class='ocrx_word' id='word_1_526' title='bbox 615 2899 712 2934; x_wconf 89' lang='lat' dir='ltr'>enim</span> <span class='ocrx_word' id='word_1_527' title='bbox 742 2898 840 2947; x_wconf 87' lang='lat' dir='ltr'>quod</span> <span class='ocrx_word' id='word_1_528' title='bbox 865 2904 898 2935; x_wconf 90' lang='lat' dir='ltr'>et</span> <span class='ocrx_word' id='word_1_529' title='bbox 925 2900 1001 2947; x_wconf 84' lang='lat' dir='ltr'>ipse</span> <span class='ocrx_word' id='word_1_530' title='bbox 1029 2899 1151 2943; x_wconf 90' lang='lat' dir='ltr'>Iesus,</span> <span class='ocrx_word' id='word_1_531' title='bbox 1180 2910 1370 2946; x_wconf 88' lang='lat' dir='ltr'>supercae-</span> 
     </span>
     <span class='ocr_line' id='line_1_83' title="bbox 313 2950 1369 3000; baseline -0.001 -13"><span class='ocrx_word' id='word_1_532' title='bbox 313 2951 454 2987; x_wconf 88' lang='lat' dir='ltr'>lestium</span> <span class='ocrx_word' id='word_1_533' title='bbox 481 2952 766 2988; x_wconf 88' lang='lat' dir='ltr'>substantiarum</span> <span class='ocrx_word' id='word_1_534' title='bbox 785 2950 1140 3000; x_wconf 86' lang='lat' dir='ltr'>supersubstantialis</span> <span class='ocrx_word' id='word_1_535' title='bbox 1157 2952 1369 2996; x_wconf 88' lang='lat' dir='ltr'>substantia,</span> 
     </span>
     <span class='ocr_line' id='line_1_84' title="bbox 313 3003 1373 3049; baseline 0 -10"><span class='ocrx_word' id='word_1_536' title='bbox 313 3003 364 3040; x_wconf 88' lang='lat' dir='ltr'>ad</span> <span class='ocrx_word' id='word_1_537' title='bbox 390 3008 554 3040; x_wconf 87' lang='lat' dir='ltr'>nostram</span> <span class='ocrx_word' id='word_1_538' title='bbox 582 3004 946 3041; x_wconf 84' lang='lat' dir='ltr'>intransmutabiliter</span> <span class='ocrx_word' id='word_1_539' title='bbox 971 3004 1133 3049; x_wconf 80' lang='lat' dir='ltr'>veniens,</span> <span class='ocrx_word' id='word_1_540' title='bbox 1163 3003 1373 3040; x_wconf 83' lang='lat' dir='ltr'>obedienter</span> 
     </span>
     <span class='ocr_line' id='line_1_85' title="bbox 312 3056 1370 3106; baseline -0.001 -14"><span class='ocrx_word' id='word_1_541' title='bbox 312 3057 502 3093; x_wconf 89' lang='lat' dir='ltr'>subiicitur</span> <span class='ocrx_word' id='word_1_542' title='bbox 527 3057 649 3093; x_wconf 88' lang='lat' dir='ltr'>Patris</span> <span class='ocrx_word' id='word_1_543' title='bbox 670 3061 703 3092; x_wconf 91' lang='lat' dir='ltr'>et</span> <span class='ocrx_word' id='word_1_544' title='bbox 720 3057 794 3093; x_wconf 89' lang='lat' dir='ltr'>Dei</span> <span class='ocrx_word' id='word_1_545' title='bbox 804 3069 876 3106; x_wconf 85' lang='lat' dir='ltr'>per</span> <span class='ocrx_word' id='word_1_546' title='bbox 903 3056 1058 3106; x_wconf 85' lang='lat' dir='ltr'>angelos</span> <span class='ocrx_word' id='word_1_547' title='bbox 1066 3056 1370 3103; x_wconf 85' lang='lat' dir='ltr'>formationibus.</span> 
     </span>
     <span class='ocr_line' id='line_1_86' title="bbox 313 3107 1372 3157; baseline 0 -13"><span class='ocrx_word' id='word_1_548' title='bbox 313 3107 474 3145; x_wconf 90' lang='lat' dir='ltr'>Videtur</span> <span class='ocrx_word' id='word_1_549' title='bbox 492 3107 603 3156; x_wconf 89' lang='lat' dir='ltr'>igitur</span> <span class='ocrx_word' id='word_1_550' title='bbox 619 3108 726 3157; x_wconf 91' lang='lat' dir='ltr'>quod</span> <span class='ocrx_word' id='word_1_551' title='bbox 745 3108 825 3157; x_wconf 92' lang='lat' dir='ltr'>ipse</span> <span class='ocrx_word' id='word_1_552' title='bbox 841 3108 1014 3146; x_wconf 91' lang='lat' dir='ltr'>Christus</span> <span class='ocrx_word' id='word_1_553' title='bbox 1033 3107 1262 3145; x_wconf 91' lang='lat' dir='ltr'>ordinationi</span> <span class='ocrx_word' id='word_1_554' title='bbox 1281 3107 1372 3155; x_wconf 90' lang='lat' dir='ltr'>legis</span> 
     </span>
     <span class='ocr_line' id='line_1_87' title="bbox 315 3159 1371 3210; baseline -0.001 -13"><span class='ocrx_word' id='word_1_555' title='bbox 315 3159 464 3198; x_wconf 90' lang='lat' dir='ltr'>divinae</span> <span class='ocrx_word' id='word_1_556' title='bbox 494 3160 627 3197; x_wconf 90' lang='lat' dir='ltr'>subiici</span> <span class='ocrx_word' id='word_1_557' title='bbox 654 3161 828 3208; x_wconf 91' lang='lat' dir='ltr'>voluerit,</span> <span class='ocrx_word' id='word_1_558' title='bbox 848 3174 917 3210; x_wconf 91' lang='lat' dir='ltr'>per</span> <span class='ocrx_word' id='word_1_559' title='bbox 935 3173 1054 3210; x_wconf 89' lang='lat' dir='ltr'>quam</span> <span class='ocrx_word' id='word_1_560' title='bbox 1082 3160 1270 3206; x_wconf 85' lang='lat' dir='ltr'>homines,</span> <span class='ocrx_word' id='word_1_561' title='bbox 1291 3171 1371 3196; x_wconf 88' lang='lat' dir='ltr'>me-</span> 
     </span>
     <span class='ocr_line' id='line_1_88' title="bbox 315 3191 953 3261; baseline 0.002 -12"><span class='ocrx_word' id='word_1_562' title='bbox 315 3212 507 3250; x_wconf 89' lang='lat' dir='ltr'>diantibus</span> <span class='ocrx_word' id='word_1_563' title='bbox 535 3213 686 3261; x_wconf 88' lang='lat' dir='ltr'>angelis,</span> <span class='ocrx_word' id='word_1_564' title='bbox 717 3191 953 3251; x_wconf 81' lang='lat' dir='ltr'>erudiuntur.</span> 
     </span>
    </p>

    <p class='ocr_par' dir='ltr' id='par_1_32' title="bbox 315 3265 1371 3368">
     <span class='ocr_line' id='line_1_89' title="bbox 371 3265 1370 3316; baseline -0.002 -14"><span class='ocrx_word' id='word_1_565' title='bbox 371 3265 404 3302; x_wconf 92' lang='lat'>3.</span> <span class='ocrx_word' id='word_1_566' title='bbox 434 3266 673 3312; x_wconf 76' lang='lat' dir='ltr'>PRAETEREA,</span> <span class='ocrx_word' id='word_1_567' title='bbox 703 3266 797 3303; x_wconf 91' lang='lat' dir='ltr'>sicut</span> <span class='ocrx_word' id='word_1_568' title='bbox 831 3279 971 3316; x_wconf 88' lang='lat' dir='ltr'>corpus</span> <span class='ocrx_word' id='word_1_569' title='bbox 1008 3267 1226 3302; x_wconf 90' lang='lat' dir='ltr'>humanum</span> <span class='ocrx_word' id='word_1_570' title='bbox 1263 3272 1370 3300; x_wconf 89' lang='lat' dir='ltr'>natu-</span> 
     </span>
     <span class='ocr_line' id='line_1_90' title="bbox 315 3310 1371 3368; baseline -0.003 -14"><span class='ocrx_word' id='word_1_571' title='bbox 315 3317 383 3354; x_wconf 89' lang='lat' dir='ltr'>rali</span> <span class='ocrx_word' id='word_1_572' title='bbox 402 3318 536 3355; x_wconf 90' lang='lat' dir='ltr'>ordine</span> <span class='ocrx_word' id='word_1_573' title='bbox 555 3324 570 3346; x_wconf 80' lang='grc' dir='ltr'><strong>Υ</strong></span> <span class='ocrx_word' id='word_1_574' title='bbox 598 3318 795 3355; x_wconf 88' lang='lat' dir='ltr'>subiicitur</span> <span class='ocrx_word' id='word_1_575' title='bbox 822 3318 1047 3368; x_wconf 90' lang='lat' dir='ltr'>corporibus</span> <span class='ocrx_word' id='word_1_576' title='bbox 1066 3310 1300 3361; x_wconf 86' lang='lat' dir='ltr'>caelestibus,</span> <span class='ocrx_word' id='word_1_577' title='bbox 1322 3315 1371 3352; x_wconf 91' lang='lat' dir='ltr'>ita</span> 
     </span>
    </p>
   </div>
   <div class='ocr_carea' id='block_1_28' title="bbox 317 3369 1370 3420">
    <p class='ocr_par' dir='ltr' id='par_1_33' title="bbox 317 3369 1370 3420">
     <span class='ocr_line' id='line_1_91' title="bbox 317 3369 1370 3420; baseline -0.003 -14"><span class='ocrx_word' id='word_1_578' title='bbox 317 3369 430 3407; x_wconf 90' lang='lat' dir='ltr'>etiam</span> <span class='ocrx_word' id='word_1_579' title='bbox 449 3371 620 3407; x_wconf 89' lang='lat' dir='ltr'>humana</span> <span class='ocrx_word' id='word_1_580' title='bbox 639 3383 749 3408; x_wconf 90' lang='lat' dir='ltr'>mens</span> <span class='ocrx_word' id='word_1_581' title='bbox 768 3371 942 3420; x_wconf 90' lang='lat' dir='ltr'>angelicis</span> <span class='ocrx_word' id='word_1_582' title='bbox 961 3370 1164 3408; x_wconf 90' lang='lat' dir='ltr'>mentibus.</span> <span class='ocrx_word' id='word_1_583' title='bbox 1194 3369 1269 3406; x_wconf 89' lang='lat' dir='ltr'>Sed</span> <span class='ocrx_word' id='word_1_584' title='bbox 1290 3379 1370 3404; x_wconf 91' lang='lat' dir='ltr'>cor-</span> 
     </span>
    </p>
   </div>
   <div class='ocr_carea' id='block_1_29' title="bbox 324 2390 511 2575">
    <p class='ocr_par' dir='ltr' id='par_1_34' title="bbox 324 2390 511 2575">
     <span class='ocr_line' id='line_1_92' title="bbox 324 2390 511 2449; baseline 0 -17"><span class='ocrx_word' id='word_1_585' title='bbox 324 2390 511 2449; x_wconf 95' lang='lat' dir='ltr'>   </span> 
     </span>
     <span class='ocr_line' id='line_1_93' title="bbox 324 2449 511 2575; baseline 0 0"><span class='ocrx_word' id='word_1_586' title='bbox 324 2449 511 2575; x_wconf 95' lang='lat' dir='ltr'>  </span> 
     </span>
    </p>
   </div>
   <div class='ocr_carea' id='block_1_30' title="bbox 368 3498 1100 3603">
    <p class='ocr_par' dir='ltr' id='par_1_35' title="bbox 368 3498 1100 3603">
     <span class='ocr_line' id='line_1_94' title="bbox 369 3498 1100 3534; baseline 0 -10"><span class='ocrx_word' id='word_1_587' title='bbox 369 3498 397 3532; x_wconf 82' lang='grc' dir='ltr'>α)</span> <span class='ocrx_word' id='word_1_588' title='bbox 415 3500 612 3525; x_wconf 83' lang='lat' dir='ltr'>exhortatoria.</span> <span class='ocrx_word' id='word_1_589' title='bbox 629 3513 648 3518; x_wconf 91' lang='lat'><em>-</em></span> <span class='ocrx_word' id='word_1_590' title='bbox 665 3500 861 3534; x_wconf 82' lang='lat' dir='ltr'>confortatoria</span> <span class='ocrx_word' id='word_1_591' title='bbox 880 3501 903 3525; x_wconf 85' lang='lat' dir='ltr'><strong>H</strong></span> <span class='ocrx_word' id='word_1_592' title='bbox 924 3506 949 3524; x_wconf 89' lang='lat' dir='ltr'>et</span> <span class='ocrx_word' id='word_1_593' title='bbox 968 3501 1100 3525; x_wconf 78' lang='lat' dir='ltr'>editiones.</span> 
     </span>
     <span class='ocr_line' id='line_1_95' title="bbox 369 3533 824 3603; baseline 0 -44"><span class='ocrx_word' id='word_1_594' title='bbox 369 3533 395 3603; x_wconf 47' lang='grc' dir='ltr'>βξ</span> <span class='ocrx_word' id='word_1_595' title='bbox 413 3535 513 3560; x_wconf 81' lang='lat' dir='ltr'>doctus.</span> <span class='ocrx_word' id='word_1_596' title='bbox 527 3549 551 3575; x_wconf 35' lang='grc'>1-</span> <span class='ocrx_word' id='word_1_597' title='bbox 568 3535 675 3575; x_wconf 80' lang='lat' dir='ltr'>edoctus</span> <span class='ocrx_word' id='word_1_598' title='bbox 693 3535 774 3560; x_wconf 86' lang='lat' dir='ltr'>tertia.</span> <span class='ocrx_word' id='word_1_599' title='bbox 820 3570 824 3575; x_wconf 44' lang='grc' dir='ltr'>Ι</span> 
     </span>
     <span class='ocr_line' id='line_1_96' title="bbox 368 3570 999 3602; baseline 0.002 -8"><span class='ocrx_word' id='word_1_600' title='bbox 368 3577 384 3602; x_wconf 87' lang='grc' dir='ltr'><strong>γ</strong></span> <span class='ocrx_word' id='word_1_601' title='bbox 415 3570 531 3594; x_wconf 73' lang='lat' dir='ltr'>naturali</span> <span class='ocrx_word' id='word_1_602' title='bbox 550 3570 652 3596; x_wconf 78' lang='lat' dir='ltr'>ordine.</span> <span class='ocrx_word' id='word_1_603' title='bbox 669 3583 688 3588; x_wconf 81' lang='lat'><em>-</em></span> <span class='ocrx_word' id='word_1_604' title='bbox 706 3571 867 3595; x_wconf 81' lang='lat' dir='ltr'>naturahter</span> <span class='ocrx_word' id='word_1_605' title='bbox 884 3570 999 3595; x_wconf 84' lang='lat' dir='ltr'>BCDEa.</span> 
     </span>
    </p>
   </div>
   <div class='ocr_carea' id='block_1_31' title="bbox 455 3622 988 3648">
    <p class='ocr_par' dir='ltr' id='par_1_36' title="bbox 455 3622 988 3648">
     <span class='ocr_line' id='line_1_97' title="bbox 455 3622 988 3648; baseline -0.002 -1"><span class='ocrx_word' id='word_1_606' title='bbox 455 3622 564 3648; x_wconf 68' lang='lat' dir='ltr'>Sumam</span> <span class='ocrx_word' id='word_1_607' title='bbox 582 3622 683 3648; x_wconf 70' lang='lat' dir='ltr'>Tutor..</span> <span class='ocrx_word' id='word_1_608' title='bbox 701 3623 734 3648; x_wconf 90' lang='lat' dir='ltr'>D.</span> <span class='ocrx_word' id='word_1_609' title='bbox 746 3622 861 3648; x_wconf 68' lang='lat' dir='ltr'>Tnoum:</span> <span class='ocrx_word' id='word_1_610' title='bbox 880 3622 912 3648; x_wconf 88' lang='lat' dir='ltr'>T.</span> <span class='ocrx_word' id='word_1_611' title='bbox 927 3622 988 3647; x_wconf 86' lang='lat' dir='ltr'>VllI.</span> 
     </span>
    </p>
   </div>
   <div class='ocr_carea' id='block_1_32' title="bbox 1231 2288 2158 2322">
    <p class='ocr_par' dir='ltr' id='par_1_37' title="bbox 1231 2288 2158 2322">
     <span class='ocr_line' id='line_1_98' title="bbox 1231 2288 2158 2322; baseline 0.002 -9"><span class='ocrx_word' id='word_1_612' title='bbox 1231 2289 1289 2315; x_wconf 90' lang='lat' dir='ltr'>dist.</span> <span class='ocrx_word' id='word_1_613' title='bbox 1308 2296 1361 2319; x_wconf 81' lang='lat' dir='ltr'>xm,</span> <span class='ocrx_word' id='word_1_614' title='bbox 1381 2296 1425 2321; x_wconf 89' lang='lat' dir='ltr'>qu.</span> <span class='ocrx_word' id='word_1_615' title='bbox 1443 2295 1470 2319; x_wconf 83' lang='lat'>11,</span> <span class='ocrx_word' id='word_1_616' title='bbox 1490 2293 1535 2314; x_wconf 85' lang='lat' dir='ltr'>art.</span> <span class='ocrx_word' id='word_1_617' title='bbox 1556 2296 1580 2320; x_wconf 88' lang='lat'>2,</span> <span class='ocrx_word' id='word_1_618' title='bbox 1599 2288 1648 2321; x_wconf 69' lang='lat' dir='ltr'>qu*</span> <span class='ocrx_word' id='word_1_619' title='bbox 1669 2295 1692 2319; x_wconf 87' lang='lat'>1,</span> <span class='ocrx_word' id='word_1_620' title='bbox 1711 2289 1742 2314; x_wconf 84' lang='lat' dir='ltr'>ad</span> <span class='ocrx_word' id='word_1_621' title='bbox 1763 2288 1791 2319; x_wconf 85' lang='lat'>3;</span> <span class='ocrx_word' id='word_1_622' title='bbox 1810 2289 1868 2314; x_wconf 89' lang='lat' dir='ltr'>dist.</span> <span class='ocrx_word' id='word_1_623' title='bbox 1887 2296 1937 2319; x_wconf 81' lang='lat' dir='ltr'>xw,</span> <span class='ocrx_word' id='word_1_624' title='bbox 1957 2294 2002 2314; x_wconf 85' lang='lat' dir='ltr'>art.</span> <span class='ocrx_word' id='word_1_625' title='bbox 2023 2289 2047 2319; x_wconf 82' lang='lat'>3.</span> <span class='ocrx_word' id='word_1_626' title='bbox 2066 2289 2116 2322; x_wconf 70' lang='lat' dir='ltr'>qu*</span> <span class='ocrx_word' id='word_1_627' title='bbox 2134 2289 2158 2315; x_wconf 85' lang='lat'>6.</span> 
     </span>
    </p>
   </div>
   <div class='ocr_carea' id='block_1_33' title="bbox 1421 2368 2481 2734">
    <p class='ocr_par' dir='ltr' id='par_1_38' title="bbox 1421 2368 2481 2629">
     <span class='ocr_line' id='line_1_99' title="bbox 1421 2368 2480 2418; baseline 0.001 -13"><span class='ocrx_word' id='word_1_628' title='bbox 1421 2381 1494 2418; x_wconf 92' lang='lat' dir='ltr'>pus</span> <span class='ocrx_word' id='word_1_629' title='bbox 1524 2368 1662 2406; x_wconf 90' lang='lat' dir='ltr'>Christi</span> <span class='ocrx_word' id='word_1_630' title='bbox 1682 2368 1897 2406; x_wconf 89' lang='lat' dir='ltr'>subiectum</span> <span class='ocrx_word' id='word_1_631' title='bbox 1924 2368 1992 2405; x_wconf 85' lang='lat' dir='ltr'>fuit</span> <span class='ocrx_word' id='word_1_632' title='bbox 2019 2368 2334 2417; x_wconf 89' lang='lat' dir='ltr'>impressionibus</span> <span class='ocrx_word' id='word_1_633' title='bbox 2362 2371 2480 2407; x_wconf 90' lang='lat' dir='ltr'>caele-</span> 
     </span>
     <span class='ocr_line' id='line_1_100' title="bbox 1422 2421 2480 2470; baseline 0 -12"><span class='ocrx_word' id='word_1_634' title='bbox 1422 2422 1537 2459; x_wconf 90' lang='lat' dir='ltr'>stium</span> <span class='ocrx_word' id='word_1_635' title='bbox 1557 2434 1783 2470; x_wconf 88' lang='lat' dir='ltr'>corporum:</span> <span class='ocrx_word' id='word_1_636' title='bbox 1812 2433 1947 2470; x_wconf 85' lang='lat' dir='ltr'>passus</span> <span class='ocrx_word' id='word_1_637' title='bbox 1967 2429 2021 2458; x_wconf 91' lang='lat' dir='ltr'>est</span> <span class='ocrx_word' id='word_1_638' title='bbox 2040 2421 2144 2458; x_wconf 90' lang='lat' dir='ltr'>enim</span> <span class='ocrx_word' id='word_1_639' title='bbox 2167 2424 2334 2459; x_wconf 88' lang='lat' dir='ltr'>calorem</span> <span class='ocrx_word' id='word_1_640' title='bbox 2362 2422 2400 2458; x_wconf 91' lang='lat' dir='ltr'>in</span> <span class='ocrx_word' id='word_1_641' title='bbox 2419 2434 2480 2458; x_wconf 84' lang='lat' dir='ltr'>ae-</span> 
     </span>
     <span class='ocr_line' id='line_1_101' title="bbox 1423 2474 2479 2523; baseline -0.001 -12"><span class='ocrx_word' id='word_1_642' title='bbox 1423 2482 1514 2511; x_wconf 87' lang='lat' dir='ltr'>state</span> <span class='ocrx_word' id='word_1_643' title='bbox 1543 2482 1579 2511; x_wconf 89' lang='lat' dir='ltr'>et</span> <span class='ocrx_word' id='word_1_644' title='bbox 1606 2474 1721 2523; x_wconf 85' lang='lat' dir='ltr'>frigus</span> <span class='ocrx_word' id='word_1_645' title='bbox 1749 2474 1788 2510; x_wconf 92' lang='lat' dir='ltr'>in</span> <span class='ocrx_word' id='word_1_646' title='bbox 1816 2474 1954 2520; x_wconf 86' lang='lat' dir='ltr'>hieme,</span> <span class='ocrx_word' id='word_1_647' title='bbox 1984 2474 2081 2510; x_wconf 91' lang='lat' dir='ltr'>sicut</span> <span class='ocrx_word' id='word_1_648' title='bbox 2107 2482 2144 2510; x_wconf 91' lang='lat' dir='ltr'>et</span> <span class='ocrx_word' id='word_1_649' title='bbox 2171 2474 2262 2511; x_wconf 88' lang='lat' dir='ltr'>alias</span> <span class='ocrx_word' id='word_1_650' title='bbox 2290 2476 2479 2511; x_wconf 87' lang='lat' dir='ltr'>humanas</span> 
     </span>
     <span class='ocr_line' id='line_1_102' title="bbox 1422 2526 2481 2577; baseline -0.002 -13"><span class='ocrx_word' id='word_1_651' title='bbox 1422 2527 1629 2577; x_wconf 89' lang='lat' dir='ltr'>passiones.</span> <span class='ocrx_word' id='word_1_652' title='bbox 1660 2528 1760 2575; x_wconf 87' lang='lat' dir='ltr'>Ergo</span> <span class='ocrx_word' id='word_1_653' title='bbox 1781 2534 1817 2563; x_wconf 94' lang='lat' dir='ltr'>et</span> <span class='ocrx_word' id='word_1_654' title='bbox 1836 2526 1917 2563; x_wconf 91' lang='lat' dir='ltr'>eius</span> <span class='ocrx_word' id='word_1_655' title='bbox 1937 2539 2046 2563; x_wconf 91' lang='lat' dir='ltr'>mens</span> <span class='ocrx_word' id='word_1_656' title='bbox 2071 2527 2243 2564; x_wconf 88' lang='lat' dir='ltr'>humana</span> <span class='ocrx_word' id='word_1_657' title='bbox 2264 2527 2481 2565; x_wconf 88' lang='lat' dir='ltr'>subiacebat</span> 
     </span>
     <span class='ocr_line' id='line_1_103' title="bbox 1423 2579 2368 2629; baseline -0.002 -12"><span class='ocrx_word' id='word_1_658' title='bbox 1423 2579 1764 2617; x_wconf 89' lang='lat' dir='ltr'>illuminationibus</span> <span class='ocrx_word' id='word_1_659' title='bbox 1793 2579 2128 2629; x_wconf 87' lang='lat' dir='ltr'>supercaelestium</span> <span class='ocrx_word' id='word_1_660' title='bbox 2157 2580 2368 2629; x_wconf 83' lang='lat' dir='ltr'>spirituum.</span> 
     </span>
    </p>

    <p class='ocr_par' dir='ltr' id='par_1_39' title="bbox 1428 2632 2480 2734">
     <span class='ocr_line' id='line_1_104' title="bbox 1478 2632 2477 2682; baseline -0.004 -11"><span class='ocrx_word' id='word_1_661' title='bbox 1478 2634 1551 2671; x_wconf 86' lang='lat' dir='ltr'>SED</span> <span class='ocrx_word' id='word_1_662' title='bbox 1581 2644 1725 2670; x_wconf 80' lang='lat' dir='ltr'>CONTRA</span> <span class='ocrx_word' id='word_1_663' title='bbox 1753 2645 1817 2669; x_wconf 84' lang='lat' dir='ltr'>EST</span> <span class='ocrx_word' id='word_1_664' title='bbox 1846 2633 1953 2682; x_wconf 92' lang='lat' dir='ltr'>quod</span> <span class='ocrx_word' id='word_1_665' title='bbox 1980 2632 2188 2682; x_wconf 89' lang='lat' dir='ltr'>Dionysius</span> <span class='ocrx_word' id='word_1_666' title='bbox 2212 2633 2310 2679; x_wconf 86' lang='lat' dir='ltr'>dicit,</span> <span class='ocrx_word' id='word_1_667' title='bbox 2330 2644 2374 2668; x_wconf 87' lang='lat' dir='ltr'>vn</span> <span class='ocrx_word' id='word_1_668' title='bbox 2395 2643 2477 2680; x_wconf 88' lang='lat' dir='ltr'>cap.</span> 
     </span>
     <span class='ocr_line' id='line_1_105' title="bbox 1428 2685 2480 2734; baseline -0.003 -11"><span class='ocrx_word' id='word_1_669' title='bbox 1428 2686 1527 2724; x_wconf 90' lang='lat' dir='ltr'>Cael.</span> <span class='ocrx_word' id='word_1_670' title='bbox 1556 2687 1686 2731; x_wconf 61' lang='lat' dir='ltr'>I-Her„</span> <span class='ocrx_word' id='word_1_671' title='bbox 1715 2686 1823 2734; x_wconf 90' lang='lat' dir='ltr'>quod</span> <span class='ocrx_word' id='word_1_672' title='bbox 1851 2685 2021 2734; x_wconf 88' lang='lat' dir='ltr'>supremi</span> <span class='ocrx_word' id='word_1_673' title='bbox 2055 2685 2177 2733; x_wconf 87' lang='lat' dir='ltr'>angeli</span> <span class='ocrx_word' id='word_1_674' title='bbox 2204 2685 2254 2722; x_wconf 86' lang='lat' dir='ltr'>ad</span> <span class='ocrx_word' id='word_1_675' title='bbox 2279 2687 2397 2734; x_wconf 89' lang='lat' dir='ltr'>ipsum</span> <span class='ocrx_word' id='word_1_676' title='bbox 2423 2685 2480 2720; x_wconf 92' lang='lat' dir='ltr'>Ie-</span> 
     </span>
    </p>
   </div>
   <div class='ocr_carea' id='block_1_34' title="bbox 1423 2734 2503 2787">
    <p class='ocr_par' dir='ltr' id='par_1_40' title="bbox 1423 2734 2503 2787">
     <span class='ocr_line' id='line_1_106' title="bbox 1423 2734 2503 2787; baseline -0.003 -12"><span class='ocrx_word' id='word_1_677' title='bbox 1423 2751 1505 2775; x_wconf 88' lang='lat' dir='ltr'>sum</span> <span class='ocrx_word' id='word_1_678' title='bbox 1531 2740 1777 2787; x_wconf 84' lang='lat' dir='ltr'>quaestionem</span> <span class='ocrx_word' id='word_1_679' title='bbox 1795 2739 1957 2785; x_wconf 83' lang='lat' dir='ltr'>faciunt,</span> <span class='ocrx_word' id='word_1_680' title='bbox 1985 2744 2017 2774; x_wconf 89' lang='lat' dir='ltr'>et</span> <span class='ocrx_word' id='word_1_681' title='bbox 2042 2739 2152 2786; x_wconf 89' lang='lat' dir='ltr'>ipsius</span> <span class='ocrx_word' id='word_1_682' title='bbox 2177 2737 2322 2774; x_wconf 80' lang='lat' dir='ltr'>divinae</span> <span class='ocrx_word' id='word_1_683' title='bbox 2352 2734 2503 2785; x_wconf 73' lang='lat' dir='ltr'>opera·‘</span> 
     </span>
    </p>
   </div>
   <div class='ocr_carea' id='block_1_35' title="bbox 1423 2787 2480 3414">
    <p class='ocr_par' dir='ltr' id='par_1_41' title="bbox 1423 2787 2479 2995">
     <span class='ocr_line' id='line_1_107' title="bbox 1424 2787 2479 2840; baseline -0.003 -13"><span class='ocrx_word' id='word_1_684' title='bbox 1424 2793 1531 2828; x_wconf 89' lang='lat' dir='ltr'>tionis</span> <span class='ocrx_word' id='word_1_685' title='bbox 1545 2803 1618 2840; x_wconf 88' lang='lat' dir='ltr'>pro</span> <span class='ocrx_word' id='word_1_686' title='bbox 1639 2792 1742 2827; x_wconf 88' lang='lat' dir='ltr'>nobis</span> <span class='ocrx_word' id='word_1_687' title='bbox 1759 2793 1948 2827; x_wconf 89' lang='lat' dir='ltr'>scientiam</span> <span class='ocrx_word' id='word_1_688' title='bbox 1973 2791 2132 2827; x_wconf 86' lang='lat' dir='ltr'>discunt:</span> <span class='ocrx_word' id='word_1_689' title='bbox 2159 2795 2191 2825; x_wconf 88' lang='lat' dir='ltr'>et</span> <span class='ocrx_word' id='word_1_690' title='bbox 2217 2802 2282 2825; x_wconf 85' lang='lat' dir='ltr'>eas</span> <span class='ocrx_word' id='word_1_691' title='bbox 2296 2787 2309 2810; x_wconf 69' lang='grc' dir='ltr'>δ</span> <span class='ocrx_word' id='word_1_692' title='bbox 2329 2790 2404 2837; x_wconf 89' lang='lat' dir='ltr'>ipse</span> <span class='ocrx_word' id='word_1_693' title='bbox 2421 2790 2479 2825; x_wconf 92' lang='lat' dir='ltr'>Ie-</span> 
     </span>
     <span class='ocr_line' id='line_1_108' title="bbox 1423 2841 2479 2881; baseline -0.004 -1"><span class='ocrx_word' id='word_1_694' title='bbox 1423 2857 1484 2881; x_wconf 91' lang='lat' dir='ltr'>sus</span> <span class='ocrx_word' id='word_1_695' title='bbox 1502 2846 1581 2880; x_wconf 90' lang='lat' dir='ltr'>sine</span> <span class='ocrx_word' id='word_1_696' title='bbox 1599 2844 1718 2879; x_wconf 84' lang='lat' dir='ltr'>medio</span> <span class='ocrx_word' id='word_1_697' title='bbox 1738 2844 1850 2880; x_wconf 88' lang='lat' dir='ltr'>docet.</span> <span class='ocrx_word' id='word_1_698' title='bbox 1881 2844 1972 2879; x_wconf 92' lang='lat' dir='ltr'>Non</span> <span class='ocrx_word' id='word_1_699' title='bbox 1992 2850 2046 2878; x_wconf 90' lang='lat' dir='ltr'>est</span> <span class='ocrx_word' id='word_1_700' title='bbox 2072 2849 2200 2878; x_wconf 90' lang='lat' dir='ltr'>autem</span> <span class='ocrx_word' id='word_1_701' title='bbox 2221 2841 2391 2877; x_wconf 91' lang='lat' dir='ltr'>eiusdem</span> <span class='ocrx_word' id='word_1_702' title='bbox 2412 2841 2479 2877; x_wconf 92' lang='lat' dir='ltr'>do-</span> 
     </span>
     <span class='ocr_line' id='line_1_109' title="bbox 1425 2892 2479 2942; baseline -0.004 -9"><span class='ocrx_word' id='word_1_703' title='bbox 1425 2909 1509 2933; x_wconf 90' lang='lat' dir='ltr'>cere</span> <span class='ocrx_word' id='word_1_704' title='bbox 1531 2904 1566 2932; x_wconf 91' lang='lat' dir='ltr'>et</span> <span class='ocrx_word' id='word_1_705' title='bbox 1594 2895 1733 2932; x_wconf 89' lang='lat' dir='ltr'>doceri.</span> <span class='ocrx_word' id='word_1_706' title='bbox 1773 2896 1873 2942; x_wconf 89' lang='lat' dir='ltr'>Ergo</span> <span class='ocrx_word' id='word_1_707' title='bbox 1895 2894 2066 2931; x_wconf 90' lang='lat' dir='ltr'>Christus</span> <span class='ocrx_word' id='word_1_708' title='bbox 2092 2905 2171 2930; x_wconf 93' lang='lat' dir='ltr'>non</span> <span class='ocrx_word' id='word_1_709' title='bbox 2190 2893 2333 2942; x_wconf 88' lang='lat' dir='ltr'>accepit</span> <span class='ocrx_word' id='word_1_710' title='bbox 2361 2892 2479 2930; x_wconf 88' lang='lat' dir='ltr'>scien-</span> 
     </span>
     <span class='ocr_line' id='line_1_110' title="bbox 1424 2947 1773 2995; baseline -0.006 -10"><span class='ocrx_word' id='word_1_711' title='bbox 1424 2949 1517 2985; x_wconf 92' lang='lat' dir='ltr'>tiam</span> <span class='ocrx_word' id='word_1_712' title='bbox 1546 2949 1593 2985; x_wconf 90' lang='lat' dir='ltr'>ab</span> <span class='ocrx_word' id='word_1_713' title='bbox 1621 2947 1773 2995; x_wconf 91' lang='lat' dir='ltr'>angelis.</span> 
     </span>
    </p>

    <p class='ocr_par' dir='ltr' id='par_1_42' title="bbox 1425 2997 2480 3414">
     <span class='ocr_line' id='line_1_111' title="bbox 1478 2997 2480 3046; baseline -0.004 -8"><span class='ocrx_word' id='word_1_714' title='bbox 1478 3003 1700 3038; x_wconf 80' lang='lat' dir='ltr'>RESPONDEO</span> <span class='ocrx_word' id='word_1_715' title='bbox 1719 3011 1899 3036; x_wconf 84' lang='lat' dir='ltr'>DICENDUM</span> <span class='ocrx_word' id='word_1_716' title='bbox 1919 2998 2025 3046; x_wconf 91' lang='lat' dir='ltr'>quod</span> <span class='ocrx_word' id='word_1_717' title='bbox 2044 2998 2173 3034; x_wconf 92' lang='lat' dir='ltr'>anima</span> <span class='ocrx_word' id='word_1_718' title='bbox 2187 2999 2368 3044; x_wconf 86' lang='lat' dir='ltr'>humana,</span> <span class='ocrx_word' id='word_1_719' title='bbox 2385 2997 2480 3034; x_wconf 90' lang='lat' dir='ltr'>sicut</span> 
     </span>
     <span class='ocr_line' id='line_1_112' title="bbox 1425 3050 2478 3098; baseline -0.004 -8"><span class='ocrx_word' id='word_1_720' title='bbox 1425 3053 1552 3090; x_wconf 90' lang='lat' dir='ltr'>media</span> <span class='ocrx_word' id='word_1_721' title='bbox 1580 3053 1675 3088; x_wconf 91' lang='lat' dir='ltr'>inter</span> <span class='ocrx_word' id='word_1_722' title='bbox 1702 3050 1927 3087; x_wconf 89' lang='lat' dir='ltr'>substantias</span> <span class='ocrx_word' id='word_1_723' title='bbox 1955 3050 2164 3098; x_wconf 90' lang='lat' dir='ltr'>spirituales</span> <span class='ocrx_word' id='word_1_724' title='bbox 2193 3058 2228 3086; x_wconf 93' lang='lat' dir='ltr'>et</span> <span class='ocrx_word' id='word_1_725' title='bbox 2256 3062 2314 3086; x_wconf 87' lang='lat' dir='ltr'>res</span> <span class='ocrx_word' id='word_1_726' title='bbox 2343 3062 2478 3098; x_wconf 91' lang='lat' dir='ltr'>corpo-</span> 
     </span>
     <span class='ocr_line' id='line_1_113' title="bbox 1425 3101 2476 3150; baseline -0.004 -8"><span class='ocrx_word' id='word_1_727' title='bbox 1425 3107 1521 3142; x_wconf 92' lang='lat' dir='ltr'>rales</span> <span class='ocrx_word' id='word_1_728' title='bbox 1549 3104 1669 3141; x_wconf 83' lang='lat' dir='ltr'>existit</span> <span class='ocrx_word' id='word_1_729' title='bbox 1688 3109 1710 3146; x_wconf 60' lang='grc' dir='ltr'>ε,</span> <span class='ocrx_word' id='word_1_730' title='bbox 1740 3104 1790 3140; x_wconf 92' lang='lat' dir='ltr'>ita</span> <span class='ocrx_word' id='word_1_731' title='bbox 1818 3103 1971 3139; x_wconf 89' lang='lat' dir='ltr'>duobus</span> <span class='ocrx_word' id='word_1_732' title='bbox 1990 3103 2115 3139; x_wconf 91' lang='lat' dir='ltr'>modis</span> <span class='ocrx_word' id='word_1_733' title='bbox 2143 3110 2230 3139; x_wconf 91' lang='lat' dir='ltr'>nata</span> <span class='ocrx_word' id='word_1_734' title='bbox 2254 3110 2308 3138; x_wconf 91' lang='lat' dir='ltr'>est</span> <span class='ocrx_word' id='word_1_735' title='bbox 2326 3101 2476 3150; x_wconf 90' lang='lat' dir='ltr'>perfici:</span> 
     </span>
     <span class='ocr_line' id='line_1_114' title="bbox 1425 3155 2478 3205; baseline -0.004 -11"><span class='ocrx_word' id='word_1_736' title='bbox 1425 3170 1505 3194; x_wconf 92' lang='lat' dir='ltr'>uno</span> <span class='ocrx_word' id='word_1_737' title='bbox 1534 3156 1691 3205; x_wconf 90' lang='lat' dir='ltr'>quidem</span> <span class='ocrx_word' id='word_1_738' title='bbox 1720 3155 1860 3201; x_wconf 85' lang='lat' dir='ltr'>modo,</span> <span class='ocrx_word' id='word_1_739' title='bbox 1890 3167 1959 3204; x_wconf 90' lang='lat' dir='ltr'>per</span> <span class='ocrx_word' id='word_1_740' title='bbox 1986 3155 2181 3192; x_wconf 89' lang='lat' dir='ltr'>scientiam</span> <span class='ocrx_word' id='word_1_741' title='bbox 2209 3163 2403 3203; x_wconf 90' lang='lat' dir='ltr'>acceptam</span> <span class='ocrx_word' id='word_1_742' title='bbox 2433 3166 2478 3190; x_wconf 88' lang='lat' dir='ltr'>ex</span> 
     </span>
     <span class='ocr_line' id='line_1_115' title="bbox 1425 3207 2477 3256; baseline -0.003 -10"><span class='ocrx_word' id='word_1_743' title='bbox 1425 3210 1539 3246; x_wconf 90' lang='lat' dir='ltr'>rebus</span> <span class='ocrx_word' id='word_1_744' title='bbox 1567 3207 1823 3253; x_wconf 80' lang='lat' dir='ltr'>sensibilibu53</span> <span class='ocrx_word' id='word_1_745' title='bbox 1854 3207 1926 3244; x_wconf 89' lang='lat' dir='ltr'>alio</span> <span class='ocrx_word' id='word_1_746' title='bbox 1955 3208 2086 3254; x_wconf 77' lang='lat' dir='ltr'>modo,</span> <span class='ocrx_word' id='word_1_747' title='bbox 2106 3219 2175 3256; x_wconf 92' lang='lat' dir='ltr'>per</span> <span class='ocrx_word' id='word_1_748' title='bbox 2202 3207 2395 3244; x_wconf 91' lang='lat' dir='ltr'>scientiam</span> <span class='ocrx_word' id='word_1_749' title='bbox 2423 3207 2477 3242; x_wconf 92' lang='lat' dir='ltr'>in-</span> 
     </span>
     <span class='ocr_line' id='line_1_116' title="bbox 1425 3259 2477 3308; baseline -0.003 -10"><span class='ocrx_word' id='word_1_750' title='bbox 1425 3262 1542 3298; x_wconf 90' lang='lat' dir='ltr'>ditam</span> <span class='ocrx_word' id='word_1_751' title='bbox 1571 3261 1649 3297; x_wconf 92' lang='lat' dir='ltr'>sive</span> <span class='ocrx_word' id='word_1_752' title='bbox 1678 3260 1904 3308; x_wconf 91' lang='lat' dir='ltr'>impressam</span> <span class='ocrx_word' id='word_1_753' title='bbox 1933 3272 1978 3296; x_wconf 86' lang='lat' dir='ltr'>ex</span> <span class='ocrx_word' id='word_1_754' title='bbox 2006 3259 2279 3296; x_wconf 90' lang='lat' dir='ltr'>illuminatione</span> <span class='ocrx_word' id='word_1_755' title='bbox 2306 3259 2477 3308; x_wconf 88' lang='lat' dir='ltr'>spiritua-</span> 
     </span>
     <span class='ocr_line' id='line_1_117' title="bbox 1425 3311 2478 3360; baseline -0.002 -10"><span class='ocrx_word' id='word_1_756' title='bbox 1425 3315 1519 3350; x_wconf 89' lang='lat' dir='ltr'>lium</span> <span class='ocrx_word' id='word_1_757' title='bbox 1539 3312 1845 3349; x_wconf 81' lang='lat' dir='ltr'>substantiarum.</span> <span class='ocrx_word' id='word_1_758' title='bbox 1872 3313 2043 3360; x_wconf 92' lang='lat' dir='ltr'>Utroque</span> <span class='ocrx_word' id='word_1_759' title='bbox 2064 3320 2192 3349; x_wconf 90' lang='lat' dir='ltr'>autem</span> <span class='ocrx_word' id='word_1_760' title='bbox 2211 3312 2329 3348; x_wconf 91' lang='lat' dir='ltr'>modo</span> <span class='ocrx_word' id='word_1_761' title='bbox 2350 3311 2478 3348; x_wconf 86' lang='lat' dir='ltr'>anima</span> 
     </span>
     <span class='ocr_line' id='line_1_118' title="bbox 1426 3364 2476 3414; baseline -0.002 -13"><span class='ocrx_word' id='word_1_762' title='bbox 1426 3365 1563 3402; x_wconf 90' lang='lat' dir='ltr'>Christi</span> <span class='ocrx_word' id='word_1_763' title='bbox 1591 3365 1658 3401; x_wconf 85' lang='lat' dir='ltr'>fuit</span> <span class='ocrx_word' id='word_1_764' title='bbox 1685 3365 1866 3414; x_wconf 88' lang='lat' dir='ltr'>perfecta:</span> <span class='ocrx_word' id='word_1_765' title='bbox 1897 3377 1943 3401; x_wconf 89' lang='lat' dir='ltr'>ex</span> <span class='ocrx_word' id='word_1_766' title='bbox 1967 3364 2204 3401; x_wconf 90' lang='lat' dir='ltr'>sensibilibus</span> <span class='ocrx_word' id='word_1_767' title='bbox 2232 3364 2399 3413; x_wconf 88' lang='lat' dir='ltr'>quidem,</span> <span class='ocrx_word' id='word_1_768' title='bbox 2421 3375 2476 3400; x_wconf 91' lang='lat' dir='ltr'>se-</span> 
     </span>
    </p>
   </div>
   <div class='ocr_carea' id='block_1_36' title="bbox 1422 3495 2479 3600">
    <p class='ocr_par' dir='ltr' id='par_1_43' title="bbox 1422 3495 2479 3600">
     <span class='ocr_line' id='line_1_119' title="bbox 1476 3495 2479 3529; baseline 0 -10"><span class='ocrx_word' id='word_1_769' title='bbox 1476 3495 1500 3529; x_wconf 72' lang='lat'>3)</span> <span class='ocrx_word' id='word_1_770' title='bbox 1521 3499 1546 3520; x_wconf 89' lang='lat' dir='ltr'>et</span> <span class='ocrx_word' id='word_1_771' title='bbox 1566 3496 1672 3528; x_wconf 82' lang='lat' dir='ltr'>ipsius...</span> <span class='ocrx_word' id='word_1_772' title='bbox 1686 3502 1739 3520; x_wconf 82' lang='lat' dir='ltr'>eas.</span> <span class='ocrx_word' id='word_1_773' title='bbox 1751 3509 1770 3514; x_wconf 98' lang='lat'><strong>—</strong></span> <span class='ocrx_word' id='word_1_774' title='bbox 1789 3495 1922 3528; x_wconf 78' lang='lat' dir='ltr'>divinique</span> <span class='ocrx_word' id='word_1_775' title='bbox 1941 3496 2011 3520; x_wconf 85' lang='lat' dir='ltr'>illius</span> <span class='ocrx_word' id='word_1_776' title='bbox 2026 3496 2112 3527; x_wconf 84' lang='lat' dir='ltr'>operis</span> <span class='ocrx_word' id='word_1_777' title='bbox 2125 3498 2150 3519; x_wconf 83' lang='lat' dir='ltr'>et</span> <span class='ocrx_word' id='word_1_778' title='bbox 2163 3503 2216 3526; x_wconf 83' lang='lat' dir='ltr'>pro</span> <span class='ocrx_word' id='word_1_779' title='bbox 2236 3495 2308 3520; x_wconf 87' lang='lat' dir='ltr'>nobis</span> <span class='ocrx_word' id='word_1_780' title='bbox 2327 3497 2479 3527; x_wconf 80' lang='lat' dir='ltr'>assumptae</span> 
     </span>
     <span class='ocr_line' id='line_1_120' title="bbox 1422 3530 2213 3561; baseline -0.003 -5"><span class='ocrx_word' id='word_1_781' title='bbox 1422 3531 1512 3557; x_wconf 82' lang='lat' dir='ltr'>carnis</span> <span class='ocrx_word' id='word_1_782' title='bbox 1529 3531 1666 3556; x_wconf 77' lang='lat' dir='ltr'>scientiam</span> <span class='ocrx_word' id='word_1_783' title='bbox 1687 3531 1791 3555; x_wconf 83' lang='lat' dir='ltr'>discunt</span> <span class='ocrx_word' id='word_1_784' title='bbox 1810 3535 1835 3555; x_wconf 89' lang='lat' dir='ltr'>et</span> <span class='ocrx_word' id='word_1_785' title='bbox 1853 3538 1896 3555; x_wconf 88' lang='lat' dir='ltr'>eos</span> <span class='ocrx_word' id='word_1_786' title='bbox 1916 3531 1949 3561; x_wconf 81' lang='grc' dir='ltr'>Ρ;</span> <span class='ocrx_word' id='word_1_787' title='bbox 1968 3538 2010 3555; x_wconf 87' lang='lat' dir='ltr'>eos</span> <span class='ocrx_word' id='word_1_788' title='bbox 2029 3531 2103 3555; x_wconf 84' lang='lat' dir='ltr'>etiam</span> <span class='ocrx_word' id='word_1_789' title='bbox 2124 3530 2213 3555; x_wconf 82' lang='lat' dir='ltr'>EFsG.</span> 
     </span>
     <span class='ocr_line' id='line_1_121' title="bbox 1476 3565 1990 3600; baseline 0.002 -10"><span class='ocrx_word' id='word_1_790' title='bbox 1476 3565 1498 3600; x_wconf 87' lang='grc' dir='ltr'>ε)</span> <span class='ocrx_word' id='word_1_791' title='bbox 1517 3566 1618 3591; x_wconf 82' lang='lat' dir='ltr'>existit.</span> <span class='ocrx_word' id='word_1_792' title='bbox 1636 3580 1655 3584; x_wconf 90' lang='lat'>—</span> <span class='ocrx_word' id='word_1_793' title='bbox 1673 3569 1711 3590; x_wconf 86' lang='lat' dir='ltr'>est</span> <span class='ocrx_word' id='word_1_794' title='bbox 1730 3571 1789 3598; x_wconf 90' lang='lat' dir='ltr'>post</span> <span class='ocrx_word' id='word_1_795' title='bbox 1807 3566 1893 3591; x_wconf 83' lang='lat' dir='ltr'>media</span> <span class='ocrx_word' id='word_1_796' title='bbox 1912 3566 1990 3591; x_wconf 83' lang='lat' dir='ltr'>tertia.</span> 
     </span>
    </p>
   </div>
   <div class='ocr_carea' id='block_1_37' title="bbox 2303 3625 2333 3642">
    <p class='ocr_par' dir='ltr' id='par_1_44' title="bbox 2303 3625 2333 3642">
     <span class='ocr_line' id='line_1_122' title="bbox 2303 3625 2333 3642; baseline -0.033 0"><span class='ocrx_word' id='word_1_797' title='bbox 2303 3625 2333 3642; x_wconf 86' lang='lat'>22</span> 
     </span>
    </p>
   </div>
   <div class='ocr_carea' id='block_1_38' title="bbox 2509 417 2650 439">
    <p class='ocr_par' dir='ltr' id='par_1_45' title="bbox 2509 417 2650 439">
     <span class='ocr_line' id='line_1_123' title="bbox 2509 417 2650 439; baseline -0.007 0"><span class='ocrx_word' id='word_1_798' title='bbox 2509 422 2517 431; x_wconf 81' lang='lat'><strong>·</strong></span> <span class='ocrx_word' id='word_1_799' title='bbox 2532 417 2597 439; x_wconf 70' lang='lat' dir='ltr'>Vei-⁵.</span> <span class='ocrx_word' id='word_1_800' title='bbox 2616 423 2650 439; x_wconf 77' lang='grc' dir='ltr'>ιο.</span> 
     </span>
    </p>
   </div>
   <div class='ocr_carea' id='block_1_39' title="bbox 2508 843 2703 871">
    <p class='ocr_par' dir='ltr' id='par_1_46' title="bbox 2508 843 2703 871">
     <span class='ocr_line' id='line_1_124' title="bbox 2508 843 2703 871; baseline 0 -7"><span class='ocrx_word' id='word_1_801' title='bbox 2508 845 2515 853; x_wconf 88' lang='grc'><strong>”</strong></span> <span class='ocrx_word' id='word_1_802' title='bbox 2530 844 2580 865; x_wconf 81' lang='lat' dir='ltr'>Art.</span> <span class='ocrx_word' id='word_1_803' title='bbox 2599 843 2703 871; x_wconf 81' lang='lat' dir='ltr'>praeced.</span> 
     </span>
    </p>
   </div>
   <div class='ocr_carea' id='block_1_40' title="bbox 2602 881 2617 903">
    <p class='ocr_par' dir='ltr' id='par_1_47' title="bbox 2602 881 2617 903">
     <span class='ocr_line' id='line_1_125' title="bbox 2602 881 2617 903; baseline 0 -8"><span class='ocrx_word' id='word_1_804' title='bbox 2602 881 2617 903; x_wconf 79' lang='grc' dir='ltr'>η</span> 
     </span>
    </p>
   </div>
   <div class='ocr_carea' id='block_1_41' title="bbox 2507 1267 2718 1294">
    <p class='ocr_par' dir='ltr' id='par_1_48' title="bbox 2507 1267 2718 1294">
     <span class='ocr_line' id='line_1_126' title="bbox 2507 1267 2718 1294; baseline 0 -6"><span class='ocrx_word' id='word_1_805' title='bbox 2507 1269 2515 1278; x_wconf 89' lang='grc'><em>·</em></span> <span class='ocrx_word' id='word_1_806' title='bbox 2524 1267 2573 1289; x_wconf 80' lang='lat' dir='ltr'>Lib.</span> <span class='ocrx_word' id='word_1_807' title='bbox 2581 1267 2598 1294; x_wconf 85' lang='lat'>1,</span> <span class='ocrx_word' id='word_1_808' title='bbox 2606 1267 2687 1290; x_wconf 67' lang='lat' dir='ltr'>nomn.</span> <span class='ocrx_word' id='word_1_809' title='bbox 2694 1273 2718 1289; x_wconf 82' lang='lat' dir='ltr'>n.</span> 
     </span>
    </p>
   </div>
   <div class='ocr_carea' id='block_1_42' title="bbox 2603 1321 2615 1346">
    <p class='ocr_par' dir='ltr' id='par_1_49' title="bbox 2603 1321 2615 1346">
     <span class='ocr_line' id='line_1_127' title="bbox 2603 1321 2615 1346; baseline 0 0"><span class='ocrx_word' id='word_1_810' title='bbox 2603 1321 2615 1346; x_wconf 84' lang='grc' dir='ltr'>θ</span> 
     </span>
    </p>
   </div>
  </div>
 </body>
</html>
