2872 3970
979 262 1242 308 QUAESTIO
1271 262 1340 309 ΙΧ,

256 339 387 387 gnovit
414 338 544 376 omnia
579 351 648 388 per
674 339 868 376 scientiam
897 339 1067 376 divinam
1095 339 1315 388 operatione

257 392 432 438 increata,
461 405 561 441 quae
597 400 651 428 est
685 392 767 441 ipsa
794 391 865 427 Dei
894 391 1070 428 essentia:
1107 391 1178 428 Dei
1213 391 1316 428 enim

258 444 459 492 intelligere
488 452 543 480 est
571 457 640 481 sua
667 443 884 490 substantia,
913 451 955 480 ut
981 444 1166 492 probatur
1193 444 1231 480 in
1251 445 1315 480 XII

109 509 116 516 ·
165 510 175 547 ;
207 503 232 541 ··,
257 498 470 546 Metaphys.
481 496 502 518 '¹‘
519 496 631 533 Unde
646 496 708 533 hic
721 503 826 535 actus
840 507 919 532 non
933 495 1056 545 potuit
1070 508 1151 532 esse
1167 496 1317 533 animae

258 549 452 586 humanae
485 548 640 586 Christi:
677 560 768 585 cum
803 547 848 584 sit
882 547 1032 585 alterius
1066 556 1234 585 naturae.
1278 548 1318 585 Si

258 601 369 649 igitur
399 613 478 637 non
512 600 640 637 fuisset
673 600 711 637 in
739 599 867 637 anima
896 600 1033 637 Christi
1067 601 1138 636 alia
1166 600 1319 637 scientia

258 661 407 702 praeter
434 652 615 698 divinam,
643 652 736 689 nihil
757 652 1006 700 cognovisset.
1036 653 1084 689 Et
1107 652 1157 689 ita
1183 653 1318 689 frustra

258 705 387 742 fuisset
405 711 617 754 assumpta:
648 717 738 742 cum
758 717 816 741 res
835 711 853 732 η
880 707 924 741 sit
937 710 1093 754 propter
1109 717 1216 742 suam
1236 717 1318 754 ope-

259 759 441 795 rationem
459 757 490 794 ²⁸.

312 811 370 847 An
397 822 586 848 SECUNDUM
619 821 800 847 monimum
834 810 958 858 quod,
994 810 1025 846 si
1059 810 1138 846 duo
1174 809 1320 846 lumina

260 861 492 911 accipiantur
510 862 683 899 eiusdem
702 861 856 905 ordinis,
877 862 1005 898 minus
1025 863 1233 898 offuscatur
1251 874 1320 910 per

261 914 385 951 maius
403 914 440 951 *ε
475 915 570 952 sicut
597 916 728 952 lumen
756 914 845 951 solis
879 915 1041 951 offuscat
1073 915 1205 951 lumen
1233 926 1319 951 can-

261 966 383 1014 delae,
412 979 581 1016 quorum
608 974 816 1016 utrumque
845 966 1025 1016 accipitur
1051 967 1090 1003 in
1119 966 1251 1003 ordine
1280 966 1320 1002 il-

261 1019 490 1057 luminantis.
534 1020 610 1057 Sed
638 1019 668 1056 si
696 1019 900 1069 accipiatur
927 1019 1051 1056 maius
1074 1017 1087 1040 θ
1120 1019 1159 1055 in
1187 1019 1320 1056 ordine

261 1071 505 1109 illuminantis
534 1080 570 1109 et
597 1072 724 1109 minus
743 1072 782 1109 in
801 1072 934 1108 ordine
953 1071 1163 1118 illuminati,
1193 1071 1320 1108 minus

261 1125 392 1161 lumen
420 1137 499 1162 non
525 1125 734 1162 offuscatur
760 1136 829 1174 per
851 1124 987 1170 maius,
1016 1124 1084 1160 sed
1111 1124 1230 1171 magis
1255 1137 1321 1161 au-

312 1256 339 1290 η)
358 1263 409 1282 res.
426 1270 446 1275 -
463 1257 548 1282 omnis
566 1263 608 1281 res
627 1257 708 1282 tertia.

1370 262 1660 299 ARTICULUS
1689 264 1702 299 I

1369 347 1493 388 getur:
1524 340 1618 376 sicut
1646 342 1777 377 lumen
1799 340 1893 377 aeris
1922 353 1990 389 per
2009 343 2138 377 lumen
2159 341 2257 378 solis.
2287 343 2334 378 Et
2353 343 2428 378 hoc

1370 393 1490 429 modo
1526 394 1657 429 lumen
1693 393 1867 429 scientiae
1903 405 1981 429 non
2015 394 2231 440 offuscatur,
2261 395 2328 431 sed
2356 396 2427 431 cla-

1370 445 1479 482 rescit
1506 444 1544 481 in
1573 445 1701 482 anima
1721 445 1858 482 Christi
1886 458 1955 494 per
1981 447 2112 482 lumen
2141 446 2314 483 scientiae
2335 447 2427 483 divi—

1370 509 1453 543 nae,
1483 509 1582 546 quae
1611 505 1665 534 est
1692 498 1760 534 lux
1780 510 1869 535 vera
1898 499 2110 535 illuminans
2137 511 2284 535 omnem
2312 501 2428 536 homi-

1372 561 1455 586 nem
1469 551 1672 587 venientem
1688 551 1725 586 in
1740 552 1838 586 hunc
1852 551 2043 596 mundum,
2059 558 2100 587 ut
2115 551 2249 587 dicitur
2267 552 2426 588 Ioan.1’¹‘.

1425 604 1481 638 An
1499 614 1657 639 TERTmM
1676 614 1857 639 manDUM
1885 603 2002 651 quod,
2033 615 2078 639 ex
2097 611 2202 652 parte
2221 604 2427 649 unitorum,

1372 654 1527 702 ponitur
1554 654 1706 691 scientia
1734 655 1772 691 in
1801 655 1951 692 Christo
1981 663 2016 692 et
2044 663 2231 704 quantum
2255 656 2303 692 ad
2323 665 2429 693 natu-

1373 718 1455 743 ram
1475 706 1645 743 divinam
1666 715 1701 744 et
1720 715 1908 756 quantum
1928 708 1975 745 ad
1995 709 2223 745 humanam:
2251 708 2301 745 ita
2324 709 2430 757 quod

1372 771 1441 807 per
1460 759 1655 805 unionem,
1686 760 1901 796 secundum
1924 772 2042 809 quarn
2072 768 2126 797 est
2153 761 2290 797 eadem
2309 762 2430 810 hypo-

1373 810 1479 847 stasis
1499 811 1570 848 Dei
1598 820 1634 848 et
1661 812 1839 858 hominis,
1860 812 1899 849 id
1918 813 2024 861 quod
2049 820 2103 848 est
2122 813 2192 849 Dei
2220 813 2432 850 attribuitur

1373 863 1532 909 homini,
1550 871 1585 900 et
1603 864 1642 900 id
1661 865 1768 913 quod
1789 873 1843 901 est
1861 865 2028 901 hominis
2048 865 2260 902 attribuitur
2278 867 2374 912 Deo,
2390 874 2432 902 ut

1374 928 1490 964 supra
1507 915 1527 937 ²⁸
1555 916 1699 952 dictum
1728 925 1792 953 est.
1824 918 1899 954 Sed
1929 929 1974 954 ex
1997 926 2101 966 parte
2130 918 2247 967 ipsius
2279 918 2431 955 unionis

1374 980 1453 1004 non
1480 976 1604 1016 potest
1631 969 1722 1017 poni
1751 969 1789 1006 in
1810 970 1959 1006 Christo
1989 970 2114 1018 aliqua
2136 970 2298 1008 scientia.
2328 972 2431 1008 Nam

1374 1020 1467 1056 unio
1495 1020 1556 1056 illa
1584 1029 1639 1057 est
1675 1022 1723 1058 ad
1751 1034 1832 1058 esse
1860 1024 2075 1071 personale:
2115 1023 2267 1060 scientia
2303 1031 2432 1060 autem

1374 1084 1453 1109 non
1482 1073 1660 1110 convenit
1687 1086 1873 1122 personae
1907 1075 1979 1111 nisi
2007 1075 2150 1111 ratione
2183 1075 2339 1112 alicuius
2367 1088 2432 1113 na-

1375 1132 1493 1161 turae.

2354 262 2424 312 139

1426 1254 1451 1287 Θ)
1471 1256 1526 1280 Sed
1543 1256 1567 1281 si
1585 1257 1734 1288 accipiatur
1752 1258 1846 1283 maius.
1858 1272 1877 1276 —
1892 1258 1923 1282 Si
1942 1266 2004 1283 vero
2022 1259 2190 1290 accipiantur
2207 1260 2260 1284 duo
2280 1261 2380 1285 lumina
2396 1261 2434 1285 ita

1373 1291 1445 1324 quod
1464 1292 1550 1316 maius
1567 1292 1603 1316 sit
1622 1293 1702 1317 tertia.
1721 1307 1740 1311 -
1758 1296 1784 1317 et
1803 1293 1889 1318 minus
1908 1293 1934 1318 in
1954 1294 2049 1318 ordine
2069 1294 2211 1319 illuminati
2229 1303 2282 1320 om.
2301 1296 2318 1321 Ι.

933 1388 1146 1420 Oommen
1152 1390 1267 1420 taviae.
1289 1388 1538 1421 Car-dinalis
1561 1389 1761 1422 Caietani

319 1494 426 1515 truens
450 1485 551 1516 clarus
579 1490 635 1515 est.
652 1503 674 1507 -—
697 1485 732 1515 ln
759 1494 894 1525 corpore
921 1486 979 1515 tria
1001 1485 1093 1516 fiunt.
1125 1486 1250 1521 Primo,
1273 1495 1321 1515 re-

262 1495 437 1568 Tpetitur
462 1529 622 1568 integritas
649 1535 780 1559 naturae
810 1535 989 1569 assumptae
1015 1539 1074 1569 pro
1107 1529 1211 1559 radice
1243 1539 1321 1559 con-

261 1572 423 1603 clusionis.
434 1591 459 1595 -
469 1572 630 1608 Secundo,
642 1572 853 1612 respondetur
869 1574 1013 1612 quaesito
1029 1574 1124 1603 unica
1140 1573 1323 1603 affirmativa

261 1617 486 1652 conclusione,
515 1617 643 1652 scilicet,
678 1616 813 1656 Oportet
842 1617 873 1646 in
908 1617 1036 1647 Christo
1065 1626 1131 1647 esse
1157 1617 1322 1647 scientiam

260 1665 422 1691 creatam:
442 1661 542 1690 tribus
564 1661 749 1695 rationibus,
766 1670 862 1700 super
885 1660 970 1690 dicto
995 1660 1205 1691 fundamento
1229 1660 1323 1690 fabri-

261 1705 348 1740 catis,
371 1704 538 1744 probando
561 1704 658 1734 illam.
675 1722 697 1726 —
715 1705 837 1739 Tertio,
854 1704 1061 1735 confirmatur
1084 1705 1250 1735 conclusio
1267 1714 1323 1734 au-

261 1749 405 1778 ctoritate
425 1749 504 1778 sacri
520 1747 669 1783 Concilii‚
692 1747 855 1778 reddendo
878 1748 962 1778 illius
985 1749 1152 1779 rationem.
1167 1767 1190 1770 -
1206 1748 1324 1778 Omnia

261 1792 343 1822 clara
374 1797 448 1822 sunt
477 1793 510 1822 in
541 1792 652 1821 littera.

316 1835 353 1866 11.
378 1836 414 1865 In
436 1836 646 1875 responsione
670 1835 710 1865 ad
732 1836 872 1875 primum
896 1835 1039 1865 eiusdem
1062 1836 1200 1871 articuli,
1229 1835 1325 1865 dubia

261 1879 327 1910 duo
351 1885 523 1910 occurrunt
546 1879 627 1909 circa
650 1879 744 1909 illud:
773 1879 865 1909 Unde
886 1879 937 1909 hic
952 1884 1043 1910 actus
1059 1889 1123 1909 non
1134 1879 1244 1919 potuit
1258 1889 1325 1909 esse

260 1923 389 1954 animae
403 1923 711 1958 humanaeClzr-isti,
728 1932 799 1953 cum
815 1923 858 1953 sit
871 1923 1006 1953 alterius
1018 1928 1165 1953 naturae.
1182 1923 1324 1953 Primum

262 1967 403 2007 quidem,
428 1968 510 1997 circa
533 1966 566 1996 id
589 1967 679 2006 quod
702 1966 816 1997 dicitur
839 1966 878 1997 de
897 1967 1149 2006 impossibilitate
1166 1972 1254 1997 actus
1277 1967 1324 1997 in-

261 2011 423 2051 telligendi
447 2011 544 2041 divini
568 2011 657 2050 quod
680 2011 719 2040 sit
742 2017 829 2041 actus
845 2010 1040 2050 intelligendi
1057 2012 1180 2041 animae
1197 2011 1323 2041 Christi.

261 2055 345 2085 Nam
367 2055 460 2085 multi
475 2060 623 2095 reputant
637 2055 700 2085 hoc
716 2064 784 2084 esse
799 2055 959 2094 possibile.
983 2073 1007 2076 -
1029 2054 1224 2090 Secundum,
1243 2055 1324 2085 circa

262 2098 338 2130 dicti
360 2099 526 2134 rationem,
543 2099 677 2129 scilicet:
701 2108 773 2128 cum
788 2099 831 2129 sit
845 2099 980 2129 alterius
995 2104 1142 2129 naturae.
1159 2098 1324 2136 Quoniam

209 2164 215 2169 .
261 2152 329 2173 non
353 2149 482 2183 apparet
505 2147 662 2182 quantum
685 2142 788 2172 valeat
802 2143 829 2172 ὓ.

318 2186 411 2217 Circa
426 2187 566 2226 primum
589 2187 693 2225 igitur,
709 2186 806 2216 habes
825 2187 859 2216 in
882 2186 923 2216 111
936 2186 1174 2216 Sententiarum
1197 2186 1324 2216 Ioannis

263 2230 424 2270 Capreoli,
437 2230 506 2260 dist.
519 2240 581 2266 xrv,
595 2239 649 2269 qu.
666 2240 676 2259 1
688 2231 715 2265 ’ᾗ
728 2235 913 2270 argumenta
928 2230 1029 2260 multa
1045 2230 1172 2260 Ioannis
1189 2230 1227 2260 de
1243 2230 1325 2269 Ripa

263 2279 294 2305 et
309 2274 454 2304 aliorum.
479 2273 571 2312 Quae
590 2274 744 2313 quoniam
763 2274 942 2313 procedunt
958 2284 995 2304 ex
1014 2275 1177 2308 extraneis,
1195 2279 1250 2304 aut
1265 2275 1324 2304 im-

261 2318 397 2348 miscent
419 2318 481 2354 illa,
505 2323 584 2358 puta
607 2317 696 2357 quod
718 2318 798 2348 visio
822 2318 862 2347 sit
884 2319 1015 2357 species,
1040 2324 1094 2348 aut
1116 2317 1324 2348 differentiam

261 2363 343 2392 inter
357 2363 546 2392 matutinam
563 2367 594 2391 et
609 2362 821 2401 vespertinam
845 2362 1074 2401 cognitionem,
1091 2367 1145 2392 aut
1168 2362 1324 2401 cognitio-

261 2415 338 2436 nem
353 2411 566 2436 creaturarum
582 2406 615 2435 in
638 2405 756 2441 Verbo,
773 2410 828 2436 aut
843 2405 1052 2436 differentiam
1070 2406 1152 2436 inter
1167 2406 1324 2445 cognitio-

261 2459 338 2480 nem
353 2450 593 2489 aenigmaticam
618 2454 649 2479 et
671 2449 816 2479 facialem
843 2454 897 2479 aut
922 2450 1119 2485 intuitivam;
1147 2455 1202 2479 aut
1228 2450 1323 2479 etiam

261 2494 362 2534 magis
385 2499 547 2529 extranea;
572 2498 626 2523 aut
644 2493 697 2523 illa
720 2502 802 2533 quae
827 2494 860 2523 in
882 2493 984 2523 littera
1007 2494 1065 2524 hac
1085 2493 1269 2529 solvuntur;
1294 2499 1324 2523 et

261 2538 392 2568 scientia
407 2537 501 2568 debet
515 2537 595 2567 tradi
619 2547 656 2567 ex
676 2537 823 2577 propriis,
840 2546 907 2567 non
931 2547 969 2567 ex
989 2538 1152 2573 extraneis,
1169 2546 1324 2567 resecare-

263 2591 326 2622 que
343 2581 436 2612 debet
450 2580 627 2621 superflua:
651 2580 725 2611 ideo
745 2580 920 2611 omittenda
941 2582 1061 2616 censui,
1082 2582 1181 2611 allatis
1199 2586 1323 2611 tantum

203 2642 209 2647 ·
263 2625 390 2656 duobus
412 2626 540 2656 motivis
555 2625 582 2655 ³.

317 2669 460 2700 Primum
483 2673 539 2699 est.
563 2668 650 2699 Deus
674 2675 819 2708 respectu
843 2670 1009 2699 beatorum
1033 2678 1066 2698 se
1090 2669 1183 2699 habet
1201 2675 1238 2699 ut
1253 2678 1324 2709 spe-

263 2714 327 2743 cies
349 2712 563 2753 intelligibilis.
597 2712 683 2752 Ergo
706 2713 810 2743 multo
834 2714 934 2752 magis
964 2718 1071 2752 potest
1093 2722 1126 2743 se
1150 2714 1264 2743 habere
1287 2719 1324 2743 ut

261 2757 446 2787 intellectio.
469 2774 493 2778 -
514 2755 716 2786 Antecedens
730 2762 827 2796 patet.
849 2775 873 2779 —
896 2757 936 2786 Et
959 2758 1188 2796 consequentia
1209 2758 1323 2797 proba-

262 2806 323 2831 tur.
347 2800 432 2838 Quia
454 2800 554 2839 magis
571 2806 727 2840 repugnat
742 2800 812 2830 Deo
831 2801 911 2830 ratio
931 2801 1056 2830 habitus
1080 2811 1136 2831 seu
1155 2801 1323 2831 habitualis

263 2844 394 2880 formae,
412 2853 508 2884 quam
529 2849 617 2874 actus
641 2853 697 2874 seu
713 2843 834 2874 formae
850 2844 989 2875 actualis.
1015 2844 1077 2875 Sed
1093 2845 1214 2884 species
1230 2846 1323 2875 habet

262 2889 418 2919 rationem
441 2888 566 2918 habitus
589 2897 646 2917 seu
668 2888 835 2918 habitualis
859 2888 996 2918 formae:
1021 2889 1197 2928 intelligere
1216 2895 1323 2919 autem

262 2933 357 2963 habet
379 2932 535 2962 rationem
559 2937 656 2962 actus.
681 2931 776 2971 Ergo.

318 2975 502 3007 Secundum
533 2980 580 3005 est
611 2985 648 3005 ex
678 2976 864 3006 auctoritate
894 2976 1080 3016 Augustini,
1105 2976 1117 3006 I
1146 2976 1185 3007 de
1217 2977 1321 3011 Trin.,

263 3029 332 3060 cap.
357 3020 424 3055 ult„
449 3018 580 3049 dicentis
604 3018 644 3049 de
666 3019 788 3049 visione
811 3019 902 3050 beata
925 3019 1008 3050 duo:
1033 3021 1148 3059 primo,
1166 3020 1255 3060 quod
1269 3021 1323 3050 illa

263 3064 350 3094 Deus
374 3069 420 3094 est
442 3064 547 3093 bonus
570 3068 601 3092 et
623 3063 749 3098 beatus3
774 3063 933 3098 secundo,
958 3063 1047 3103 quod
1077 3064 1145 3104 ipsa
1175 3065 1245 3094 sola
1277 3069 1324 3094 est

262 3117 419 3138 summum
454 3107 581 3142 bonum,
609 3107 699 3136 cuius
733 3106 929 3146 adipiscendi
961 3108 1073 3148 gratia
1101 3108 1323 3148 praecipimur

263 3161 362 3193 agere
384 3150 537 3192 quidquid
560 3150 686 3180 ratione
708 3150 846 3191 agimus.
874 3151 921 3181 Ex
944 3151 992 3181 his
1016 3151 1101 3181 enim
1124 3158 1210 3192 patet
1234 3151 1321 3191 quod

263 3196 343 3226 visio
366 3195 534 3226 beatorum
557 3199 602 3224 est
625 3193 704 3234 quid
726 3194 910 3225 increatum.
941 3195 1106 3234 Alioquin,
1131 3195 1218 3226 Deus
1242 3201 1322 3225 esset

264 3240 369 3270 bonus
395 3244 427 3269 et
448 3239 558 3269 beatus
585 3238 692 3278 aliquo
716 3243 838 3268 creato:
871 3244 902 3268 et
927 3238 1048 3278 aliquid
1073 3245 1214 3269 creatum
1241 3244 1322 3269 esset

264 3292 428 3314 summum
451 3283 574 3313 bonum
598 3287 629 3312 et
651 3281 723 3311 finis
746 3282 890 3319 ultimus,
908 3287 967 3312 etc.

319 3326 371 3357 111.
396 3326 488 3357 Circa
517 3325 694 3356 secundum
710 3326 726 3342 ὓ
750 3331 867 3362 autem,
894 3327 1031 3356 occurrit
1053 3327 1157 3356 statim
1181 3325 1318 3356 obiectio

265 3370 354 3410 quod
377 3369 483 3400 alietas
509 3375 649 3405 naturae,
673 3369 746 3400 licet
771 3369 883 3400 inferat
909 3370 1158 3400 intellectionem
1181 3369 1319 3398 divinam

264 3422 331 3444 non
354 3423 448 3454 posse
472 3422 539 3444 esse
569 3413 744 3444 naturalem
775 3414 897 3444 animae
925 3414 1099 3449 humanae,
1123 3422 1189 3442 non
1213 3418 1319 3442 tamen

219 3475 224 3480 ·
264 3457 358 3488 infert
380 3467 447 3488 non
466 3467 560 3497 posse
583 3458 811 3488 communicari
834 3458 957 3487 animae
980 3457 1138 3487 humanae
1154 3457 1179 3485 ὓ.
1206 3455 1319 3495 Magna

264 3501 352 3532 enim
365 3499 539 3532 differentia
551 3507 600 3531 est
614 3502 695 3532 inter
710 3502 880 3531 convenire
895 3506 931 3530 ut
941 3500 1092 3535 naturale,
1104 3505 1135 3529 et
1150 3500 1319 3529 convenire

264 3550 301 3583 ut
321 3546 602 3576 communicatum.
625 3545 802 3585 Proprietas
818 3543 974 3583 siquidem
992 3544 1072 3582 ignis
1087 3552 1154 3573 non
1170 3543 1319 3573 convenit

1373 1487 1418 1516 rei
1442 1487 1557 1526 ignitae
1581 1492 1616 1517 ut
1638 1487 1788 1517 naturalis
1810 1487 1855 1517 illi
1870 1488 1925 1523 rei,
1949 1493 2026 1527 puta
2042 1487 2141 1518 ferro:
2167 1488 2222 1518 sed
2237 1494 2273 1518 ut
2289 1499 2434 1519 commu-

1374 1530 1477 1560 nicata
1500 1530 1594 1560 ferro.
1623 1531 1663 1560 Et
1686 1530 1725 1560 ad
1749 1530 1854 1560 divina
1877 1531 2088 1567 ascendendo,
2111 1533 2316 1571 personalitas
2339 1533 2435 1563 Verbi

1374 1583 1443 1604 non
1465 1575 1616 1604 convenit
1639 1575 1828 1604 humanitati
1852 1574 1969 1605 Christi
1991 1581 2027 1605 ut
2050 1576 2198 1605 naturalis
2222 1577 2296 1606 sibi:
2321 1577 2376 1607 sed
2399 1583 2434 1607 ut

1376 1619 1621 1648 communicata.
1653 1619 1823 1656 Quocirca,
1848 1619 1928 1648 sicut
1950 1619 2157 1658 personalitas
2180 1620 2275 1650 Verbi
2299 1626 2345 1650 est
2367 1621 2435 1660 ipsa

1376 1661 1436 1691 Dei
1460 1663 1642 1698 substantia,
1661 1668 1691 1692 et
1713 1668 1820 1692 tamen
1844 1663 1994 1692 convenit
2017 1663 2139 1693 animae
2162 1664 2320 1694 humanae
2344 1664 2434 1694 Chri-

1376 1705 1426 1740 sti,
1443 1715 1526 1744 quae
1543 1711 1588 1735 est
1604 1706 1730 1736 alterius
1754 1711 1894 1741 naturae,
1911 1716 1977 1736 non
2002 1712 2037 1736 ut
2059 1707 2208 1736 naturalis
2230 1708 2352 1737 animae
2376 1708 2434 1738 hu-

1376 1758 1500 1784 manae,
1517 1749 1572 1779 sed
1598 1755 1634 1779 ut
1662 1750 1897 1780 communicata
1920 1750 1994 1786 sibi;
2020 1751 2061 1780 ita
2085 1751 2257 1789 intelligere
2282 1750 2434 1787 divinum,

1378 1792 1467 1831 quod
1490 1798 1536 1822 est
1560 1794 1695 1822 essentia
1725 1793 1795 1829 Dei,
1826 1799 1932 1832 potest
1962 1794 2084 1823 animae
2110 1794 2286 1829 humanae,
2311 1795 2436 1825 alterius

1377 1841 1517 1872 naturae,
1535 1837 1715 1872 convenire,
1739 1846 1807 1866 non
1830 1843 1866 1866 ut
1888 1838 2029 1867 naturale
2046 1838 2168 1867 animae
2186 1839 2358 1874 humanae,
2383 1838 2437 1868 sed

1377 1885 1414 1909 ut
1432 1881 1715 1910 communicatum.
1740 1881 1857 1910 Alietas
1880 1880 2037 1920 siquidem
2061 1887 2200 1917 naturae,
2225 1887 2260 1911 ut
2283 1888 2437 1912 monstra-

1377 1929 1447 1953 tum
1463 1929 1519 1959 est,
1536 1933 1602 1954 non
1626 1925 1774 1963 prohibet
1796 1925 1995 1964 proprietatis
2019 1926 2294 1961 communionem,
2307 1925 2363 1956 sed
2382 1936 2437 1956 na-

1377 1967 1578 1998 turalitatem.
1602 1968 1692 1998 Vana
1715 1969 1809 2007 igitur
1833 1974 1879 1998 est
1901 1969 1979 1998 haec
2003 1969 2092 1998 ratio.

1433 2011 1474 2041 Et
1496 2012 1521 2041 si
1544 2012 1622 2042 haec
1652 2013 1730 2041 ratio
1755 2022 1822 2042 non
1845 2013 1944 2048 valet,
1968 2013 2145 2043 voluntarie
2169 2013 2333 2043 conclusio
2357 2023 2437 2044 asse-

1377 2055 1470 2085 ritur:
1495 2065 1570 2085 curn
1593 2056 1794 2086 inveniantur
1813 2062 1957 2086 tenentes
1977 2057 2162 2096 oppositum
2178 2057 2371 2096 philosophi.
2396 2058 2438 2088 Ut

1377 2103 1463 2138 patet
1494 2099 1532 2128 de
1555 2099 1710 2135 Averroe,
1735 2100 1767 2129 in
1791 2099 1832 2129 ΙΙΙ
1859 2100 1898 2130 de
1920 2101 2050 2135 Anima,
2077 2110 2160 2131 com.
2185 2111 2289 2136 xxxvn
2315 2100 2437 2131 dicente

1378 2142 1467 2181 quod
1483 2143 1515 2172 in
1531 2148 1612 2173 statu
1626 2143 1803 2174 intellectus
1817 2143 1924 2184 adepti
1934 2144 2146 2184 intelligemus
2162 2154 2218 2184 per
2233 2145 2437 2175 substantiam

1377 2186 1556 2216 intellectus
1588 2187 1735 2228 agentis:
1769 2197 1806 2217 ex
1837 2197 1903 2227 quo
1935 2194 2064 2228 apparet
2094 2188 2182 2228 quod
2213 2189 2362 2228 possibile
2393 2195 2438 2219 est

1377 2235 1484 2260 actum
1500 2232 1666 2270 proprium
1681 2236 1810 2261 naturae
1827 2232 2007 2271 superioris,
2024 2233 2080 2272 qui
2096 2238 2142 2262 est
2157 2233 2240 2263 illius
2256 2233 2436 2268 substantia,

1377 2275 1608 2304 communicari
1631 2274 1782 2304 inferiori.

1432 2318 1484 2348 IV.
1509 2318 1559 2348 Ad
1582 2319 1676 2348 huius
1693 2319 1887 2358 quaestionis
1911 2319 2107 2350 solutionem
2124 2320 2312 2356 evidentem,
2337 2322 2437 2350 scien-

1377 2361 1455 2392 dum
1479 2367 1525 2392 est
1549 2362 1668 2402 duplici
1691 2364 1741 2392 via
1756 2364 1772 2379 ⁴⁶
1795 2372 1890 2402 posse
1912 2363 2044 2403 procedi
2067 2363 2107 2394 ad
2121 2364 2295 2394 videndum
2318 2365 2437 2404 impos-

1377 2406 1556 2436 sibilitatem
1579 2407 1787 2446 propositam,
1809 2407 1928 2437 scilicet
1951 2407 2040 2446 quod
2058 2408 2231 2447 intelligere
2247 2409 2436 2438 substantiae

1376 2450 1548 2489 superioris
1563 2460 1630 2480 non
1647 2456 1751 2490 potest
1767 2451 1996 2481 communicari
2016 2451 2060 2481 sic
2075 2457 2112 2481 ut
2127 2452 2166 2481 sit
2181 2452 2353 2491 intelligere
2369 2461 2435 2491 quo

1376 2493 1551 2524 formaliter
1573 2495 1718 2534 intelligit
1745 2495 1917 2524 substantia
1939 2494 2078 2525 inferior.
2114 2495 2221 2525 Altera
2243 2496 2292 2525 via
2323 2501 2368 2525 est
2398 2505 2435 2525 ex

1377 2537 1589 2577 dependentia
1612 2539 1834 2568 intellectionis
1858 2538 1896 2568 ab
1920 2539 2124 2578 intelligente.
2148 2539 2232 2576 Quia
2255 2539 2373 2568 scilicet
2387 2539 2435 2568 in—

1375 2582 1516 2621 telligere
1540 2587 1587 2611 est
1610 2583 1753 2621 operatio
1772 2582 1873 2612 vitalis
1888 2583 2100 2621 intelligentis.
2125 2582 2173 2612 De
2192 2583 2312 2612 ratione
2329 2588 2435 2612 autem

1377 2626 1571 2665 operationis
1594 2626 1695 2655 vitalis
1726 2632 1772 2656 est
1796 2626 1884 2666 quod
1908 2627 1946 2656 sit
1970 2627 2007 2656 ab
2032 2636 2071 2656 eo
2103 2627 2193 2656 cuius
2221 2632 2266 2656 est
2292 2627 2434 2665 operatio

1375 2670 1486 2699 vitalis.
1511 2669 1676 2708 Alioquin,
1699 2670 1804 2700 vivere
1829 2670 1991 2700 actualiter
2012 2680 2079 2700 non
2103 2675 2183 2700 esset
2206 2680 2223 2699 a
2242 2670 2345 2699 vivere
2361 2670 2433 2699 sub-

1376 2713 1568 2743 stantialiter.
1593 2712 1691 2750 Quod
1714 2722 1781 2743 non
1797 2713 1921 2743 videtur
1943 2714 2155 2753 intelligibile:
2181 2714 2254 2752 quia
2270 2714 2313 2742 sic
2330 2714 2434 2743 anima

1376 2767 1443 2787 non
1467 2762 1547 2786 esset
1570 2757 1762 2796 principium
1774 2757 1960 2796 ,vegetandi‚
1985 2757 2155 2792 sentiendi,
2180 2756 2362 2795 appetendi,
2386 2758 2434 2787 in-

1376 2800 1546 2840 telligendi,
1564 2805 1595 2830 et
1613 2799 1790 2830 secundum
1813 2800 1923 2830 locum
1946 2800 2112 2836 movendi;
2138 2805 2168 2829 et
2187 2800 2230 2829 sic
2247 2796 2351 2830 anima
2366 2810 2433 2830 non

1377 2850 1457 2875 esset
1473 2845 1586 2874 anima.
1612 2844 1652 2873 Et
1668 2843 1888 2874 confirmatur:
1910 2845 1984 2883 quia
1999 2845 2080 2874 sicut
2094 2853 2161 2873 non
2178 2849 2223 2873 est
2238 2844 2433 2883 intelligibile

1376 2888 1464 2928 quod
1488 2888 1632 2918 Socrates
1655 2892 1783 2926 generet
1806 2887 1971 2917 Platonem
2003 2893 2033 2917 et
2057 2893 2143 2917 actus
2166 2887 2336 2926 generandi
2366 2898 2432 2918 non

1376 2934 1415 2963 sit
1441 2943 1458 2962 a
1482 2932 1626 2967 Socrate;
1659 2936 1689 2960 et
1719 2930 1860 2960 similiter
1890 2930 1978 2970 quod
2009 2931 2153 2960 Socrates
2182 2936 2275 2961 motu
2306 2932 2433 2961 animali

1377 2975 1594 3016 progrediatur
1624 2980 1655 3004 et
1677 2980 1785 3004 motus
1809 2974 1876 3003 eius
1905 2984 1972 3004 non
1996 2975 2034 3003 sit
2057 2975 2095 3003 ab
2119 2975 2206 3013 ipso;
2238 2980 2269 3004 et
2292 2975 2433 3005 similiter

1377 3019 1466 3059 quod
1490 3024 1616 3058 appetat
1639 3023 1693 3047 aut
1716 3018 1790 3047 velit
1814 3023 1844 3047 et
1860 3018 2018 3057 appetitus
2035 3018 2102 3048 eius
2118 3027 2184 3047 non
2200 3019 2239 3047 sit
2255 3019 2293 3047 ab
2310 3019 2430 3054 anima;

1376 3065 1419 3093 ita
1441 3073 1507 3093 non
1524 3068 1570 3092 est
1592 3061 1785 3100 intelligibile
1810 3061 1898 3100 quod
1913 3062 1997 3091 vivat
2011 3062 2073 3091 vita
2088 3062 2292 3091 intellectuali
2308 3063 2432 3098 actuali,

1377 3116 1459 3146 quae
1482 3106 1560 3136 nihil
1584 3105 1668 3135 aliud
1688 3110 1734 3134 est
1757 3114 1854 3144 quam
1877 3105 1983 3144 ipsum
2006 3105 2189 3144 intelligere,
2215 3111 2245 3135 et
2264 3105 2352 3145 quod
2370 3106 2431 3136 tale

1376 3150 1558 3189 intelligere,
1582 3149 1643 3178 tale
1666 3149 1780 3184 vivere,
1805 3158 1871 3178 non
1887 3149 1984 3178 sit‘ab
2001 3149 2202 3189 intelligente.
2228 3149 2361 3179 Constat
2376 3159 2431 3180 au-

1375 3200 1440 3224 tem
1471 3192 1559 3232 quod
1589 3192 1732 3222 divinum
1763 3193 1936 3232 intelligere
1966 3203 2033 3223 non
2056 3198 2161 3232 potest
2184 3192 2363 3232 dependere
2391 3194 2430 3223 ab

1375 3238 1481 3276 aliqua
1504 3242 1653 3267 creatura.
1690 3236 1887 3275 Impossibile
1911 3242 1956 3266 est
1979 3238 2073 3276 igitur
2096 3236 2185 3276 quod
2207 3242 2294 3267 actus
2317 3237 2431 3267 intelli-

1375 3280 1469 3320 gendi
1493 3290 1559 3319 quo
1584 3280 1670 3310 Deus
1693 3280 1846 3319 intelligit,
1871 3280 1926 3310 fiat
1944 3286 2031 3311 actus
2047 3280 2241 3320 intelligendi
2264 3290 2330 3320 quo
2347 3290 2431 3311 crea-

1375 3330 1445 3354 tura
1468 3323 1639 3354 formaliter
1662 3324 1823 3363 intelligat.
1859 3324 1905 3354 Ex
1932 3325 1990 3354 hac
2014 3325 2107 3364 igitur
2131 3325 2195 3360 via,
2227 3323 2316 3364 quod
2343 3330 2431 3355 actus

1375 3367 1475 3398 vitalis
1506 3368 1662 3406 cuiusque
1688 3368 1821 3398 viventis
1852 3374 1905 3398 aut
1936 3374 1982 3398 est
2008 3369 2075 3408 ipsa
2101 3369 2272 3398 substantia
2298 3369 2430 3398 viventis

1375 3417 1429 3441 aut
1459 3417 1506 3442 est
1536 3412 1574 3441 ab
1605 3412 1691 3451 ipsa,
1723 3411 1924 3442 concluditur
1958 3413 2061 3452 primo
2092 3411 2326 3452 impossibilitas
2356 3421 2430 3452 pro-

1374 3455 1486 3494 posita.

1429 3499 1467 3528 V.
1492 3498 1576 3536 Quia
1598 3505 1705 3529 tamen
1721 3500 1822 3535 multi,
1843 3500 2022 3538 ignorantes
2040 3499 2199 3538 propriam
2216 3508 2339 3534 vocem,
2363 3508 2429 3528 non

1374 3548 1448 3573 sunt
1471 3552 1602 3582 capaces
1626 3543 1726 3573 dictae
1750 3544 1888 3579 rationis,
1913 3543 2003 3573 offert
2019 3553 2051 3573 se
2067 3543 2205 3573 secunda
2220 3543 2286 3573 via:
2312 3552 2348 3573 ex
2368 3543 2429 3572 hoc

2457 551 2466 561 ⁸
2481 550 2547 572 Vers.
2563 557 2585 578 9.

2459 923 2468 934 ·
2484 923 2531 950 Qu.
2546 929 2578 950 ni,
2593 927 2635 946 art.
2646 924 2669 951 6,

2459 956 2506 977 arg.
2520 956 2540 978 3.

2466 2370 2474 2379 ⁴⁸
2488 2369 2523 2390 Cf.
2544 2375 2607 2390 num.
2625 2376 2672 2398 seq.
