2872 3970
211 367 325 399 minae.
347 384 371 388 -
392 366 433 396 Et
455 365 669 396 confirmatur.
701 364 785 402 Quia
808 363 899 394 aliter
921 365 1095 403 vegetativa
1118 364 1211 394 maris
1235 369 1266 393 et

211 410 347 442 feminae
369 409 528 440 differrent
550 409 632 439 sicut
654 409 755 439 activa
770 413 801 438 et
815 409 947 448 passiva.
971 409 1012 438 Et
1031 409 1073 438 ita
1089 414 1191 438 essent
1206 417 1265 447 po-

211 454 327 487 tentiae
349 454 483 483 omnino
507 453 634 483 alterius
656 452 795 482 rationis.

265 497 360 533 Tum,
384 496 536 532 secundo,
561 496 636 535 quia
650 501 751 526 mater
764 496 946 526 naturaliter
961 496 1033 536 plus
1049 495 1149 535 diligit
1163 494 1267 525 filium

213 549 309 587 quam
330 545 435 581 pater:
458 545 495 570 ut
516 544 603 580 patet
625 539 696 571 VIII
718 537 822 569 Ethic.
845 540 862 556 ³
896 539 981 579 Ergo
1008 538 1092 569 filius
1115 544 1162 569 est
1185 548 1267 579 opus

131 613 134 615 ,
179 578 186 599 ³
206 585 326 616 matris
349 602 372 607 —
393 583 435 614 Et
456 583 608 623 probatur
627 583 865 622 consequentia.
890 582 975 620 Quia
997 588 1086 623 pater
1108 581 1208 622 diligit
1230 581 1267 612 fi-

118 622 149 662 ,ὲ
169 636 171 644 ²
206 629 291 660 ‘lium
312 633 348 658 ut
371 637 453 668 opus
476 636 581 657 suum.

266 671 363 708 Tum,
386 671 496 706 tertio,
527 671 602 710 quia
627 669 712 700 filins
734 670 923 700 assimilatur
945 671 1045 710 magis
1072 669 1267 709 quandoque

203 715 303 752 ¹numi
324 724 421 756 quam
443 715 532 754 patri.
556 714 641 754 Ergo
665 710 698 744 in
713 719 812 744 matre
836 719 883 744 est
900 715 998 744 virtus
1013 715 1123 744 activa.
1146 732 1170 736 —
1191 714 1268 743 Pro-

211 757 302 790 batur
323 758 461 799 sequela.
496 758 581 796 Quia
603 758 723 797 agentis
747 763 793 788 est
823 758 993 788 assimilare
1019 758 1078 788 sibi
1101 757 1267 788 effectum:

211 802 254 834 ita
276 802 365 843 quod
393 801 523 832 effectus
552 801 632 831 nulli
659 801 846 832 assimilatur
874 802 935 832 nisi
965 807 1096 842 propter
1128 801 1268 841 aliquam

206 846 370 884 'trudonem
392 845 469 876 eius.

211 942 297 975 quo,
320 934 402 964 sicut
422 933 456 963 in
478 933 553 963 loco
576 933 804 967 conveniente,
832 938 999 972 generatur
1021 933 1143 972 proles,
1175 938 1206 962 et
1229 931 1268 962 de

146 1000 150 1011 ,
205 977 321 1018 diqtm
335 977 410 1015 [eius
431 981 468 1007 ut
485 977 625 1012 materia,
649 986 716 1006 non
731 976 856 1006 videtur
878 976 950 1016 plus
966 976 1039 1007 dare
1055 977 1147 1006 matri
1171 985 1268 1016 quam

134 1046 148 1060 -.
194 1026 309 1057 ·terrae
331 1020 364 1051 in
386 1021 590 1060 generatione
613 1021 764 1056 minerae,
788 1021 814 1050 si
837 1019 876 1050 de
892 1020 1001 1060 aliquo
1018 1021 1086 1050 eius
1101 1025 1269 1060 generatur

129 1060 145 1100 ξ·
154 1083 158 1104 3
206 1065 340 1111 χρήματα.
362 1063 404 1095 Et
419 1065 464 1094 sic
478 1064 548 1094 talis
563 1069 644 1094 terra
663 1069 744 1094 esset
758 1069 859 1094 mater
873 1065 1023 1094 minerae.
1048 1064 1151 1094 Immo
1167 1064 1268 1094 homo

132 1134 146 1139 -.
212 1113 292 1141 esset
313 1113 414 1139 mater
437 1108 550 1138 vermis
573 1108 606 1138 in
630 1117 670 1138 eo
693 1108 791 1147 geniti
821 1108 895 1138 loco
919 1108 1122 1138 convenienti
1154 1117 1191 1137 ex
1215 1107 1270 1137 ali-

152 1157 158 1172 ·²
178 1187 182 1191 ,
212 1161 278 1194 quo
293 1152 441 1182 hominis.
456 1169 481 1174 -—
502 1151 543 1181 Et
565 1152 591 1181 si
606 1151 727 1181 dicatur
743 1151 832 1191 quod
850 1152 964 1181 vermis
980 1161 1048 1181 non
1064 1156 1111 1182 est
1126 1150 1269 1181 eiusdem

210 1196 344 1239 speciei:
377 1195 525 1226 obiicitur
547 1194 637 1235 quod
659 1196 745 1225 asina
768 1201 815 1225 est
837 1200 937 1225 mater
960 1195 1083 1231 mulae,
1109 1200 1140 1225 et
1161 1200 1269 1224 tamen

209 1248 278 1277 non
301 1244 348 1270 est
370 1238 514 1270 eiusdem
536 1239 663 1279 speciei.

264 1282 410 1315 Secundo
416 1282 650 1323 principaliter,
665 1283 811 1313 obiicitur
823 1282 862 1313 de
877 1283 937 1313 hac
948 1287 1046 1313 matre
1058 1283 1092 1312 in
1103 1282 1231 1322 speciali
1242 1282 1268 1317 ἢ

156 1357 163 1365 2
210 1337 268 1369 per
289 1326 368 1357 illud
390 1326 595 1362 Damasceni,
620 1336 689 1366 cap.
713 1336 807 1356 xtvm
822 1327 855 1356 ἐ
880 1327 1029 1357 virtutem
1053 1326 1195 1356 tribuens
1216 1334 1269 1355 su-

210 1370 389 1413 meptivam,
405 1370 501 1401 simul
516 1375 622 1400 autem
645 1375 677 1400 et
692 1370 926 1412 generativam.
950 1370 983 1401 Si
999 1370 1086 1400 enim
1104 1370 1172 1410 ipsa
1189 1374 1270 1399 esset

210 1420 335 1448 tantum
349 1415 543 1454 principium
557 1415 728 1454 passivum,
741 1423 807 1444 non
819 1414 978 1445 videretur
993 1423 1091 1454 quare
1108 1413 1270 1454 copulavit

210 1459 316 1491 virtuti
339 1458 535 1498 susceptivae
558 1459 707 1488 virtutem
729 1459 954 1498 generativam.

142 1535 145 1541 ,
222 1515 236 1537 Ἀ
265 1502 346 1534 VIII.
369 1501 420 1533 Ad
443 1501 634 1533 evidentiam
656 1507 817 1532 motarum
840 1502 1079 1542 quaestionum,
1103 1501 1269 1531 sciendum

128 1562 161 1578 w,
212 1551 259 1585 est
280 1545 369 1588 quod
390 1546 503 1576 veritas
527 1546 721 1586 quaestionis
735 1546 841 1582 huius,
865 1546 947 1576 sicut
962 1551 993 1576 et
1008 1545 1180 1576 multarum
1196 1545 1270 1575 alia-

211 1600 300 1628 mm,
321 1591 355 1621 in
377 1589 484 1620 medio
509 1590 661 1623 consistit.
696 1590 736 1620 Et
759 1589 832 1620 ideo
857 1595 995 1620 extrema
1017 1589 1126 1620 sectati
1149 1598 1270 1619 errave—

211 1631 300 1667 runt:
324 1639 355 1664 et
378 1634 452 1673 quia
475 1633 612 1664 medium
636 1638 855 1664 extremorum
879 1638 1015 1664 naturas
1037 1633 1121 1673 sapit
1135 1634 1166 1668 Ἣ
1190 1633 1269 1662 veri-

209 1673 281 1711 fifis
303 1677 422 1718 aliquid
443 1678 621 1717 attigerunt.
646 1677 850 1708 Feminarum
867 1678 952 1707 enim
968 1677 1130 1717 potentiae
1146 1676 1184 1706 ad
1200 1686 1270 1716 par-

210 1727 277 1757 tem
289 1722 498 1762 vegetativam
513 1726 690 1761 spectantes
713 1722 833 1751 activae
855 1721 968 1761 procul
985 1720 1084 1751 dubio
1099 1726 1190 1750 sunt:
1214 1720 1270 1750 sed

209 1765 363 1801 &efacta
392 1766 430 1796 ab
457 1766 558 1795 activa
585 1766 728 1805 potentia
754 1764 892 1796 feminae
922 1765 1083 1796 materiale
1111 1770 1173 1799 est,
1202 1774 1270 1794 non

211 1809 349 1854 nfltivum
370 1809 582 1849 generationis
605 1809 808 1850 principium.
832 1809 877 1839 Ita
895 1808 985 1849 quod
1006 1818 1074 1839 mas
1098 1813 1129 1838 et
1151 1807 1270 1838 femina

212 1854 407 1892 conveniunt
429 1854 462 1883 in
485 1853 548 1883 hoc
571 1853 660 1892 quod
682 1854 848 1892 utriusque
871 1853 1033 1892 potentiae
1051 1857 1126 1882 sunt
1140 1853 1269 1887 activae,

212 1894 268 1930 bed
289 1896 437 1928 differunt
460 1897 493 1926 in
515 1906 548 1926 re
571 1896 653 1927 facta
675 1906 732 1936 per
754 1897 822 1926 illas
844 1897 1017 1936 potentias:
1049 1905 1124 1926 nam
1150 1895 1270 1926 factum

213 1950 232 1975 a
251 1950 338 1973 mare
360 1950 469 1971 semen
485 1946 532 1970 est
547 1941 685 1971 activum
700 1941 912 1980 generationis
927 1940 1130 1980 principium,
1150 1938 1270 1969 factum

207 1991 287 2017 wo
310 1995 329 2016 a
350 1984 478 2020 femina,
495 1983 652 2024 quidquid
675 1985 714 2014 sit
737 1983 825 2020 illud,
849 1989 1049 2014 menstruum
1073 1989 1127 2014 aut
1149 1993 1269 2019 semen,

210 2029 370 2063 materiale
393 2034 440 2059 est
461 2029 673 2068 generationis
696 2029 899 2068 principium.

211 2095 214 2098 -
266 2073 355 2105 Haec
377 2078 424 2103 est
445 2072 742 2112 Peripateticorum,
767 2081 849 2112 quos
871 2072 995 2103 Auctor
1016 2071 1271 2111 sequitur„sen-

212 2110 310 2155 tentia
322 2117 349 2147 ’ἢ
374 2115 606 2156 Consonatque
629 2117 749 2156 primae
772 2116 1004 2156 philosophiae.
1039 2115 1203 2153 Quoniam
1226 2115 1270 2145 sic

146 2173 159 2197 j
172 2170 183 2181 '-
198 2155 292 2193 in‘t'er
318 2169 440 2191 marem
470 2165 500 2190 et
530 2159 682 2190 feminam
713 2160 817 2190 unitas
847 2158 996 2200 specifica
1018 2159 1154 2189 salvatur
1184 2164 1215 2188 et
1237 2159 1270 2188 in

182 2196 322 2238 ‘ffi'rmis
345 2210 376 2235 et
398 2205 431 2234 in
453 2204 613 2244 potentiis,
638 2209 669 2233 et
691 2202 866 2234 differentia
889 2203 1020 2243 ponitur
1044 2212 1082 2233 ex
1096 2208 1185 2242 parte
1201 2211 1271 2233 cor-

147 2249 170 2287 ᾗῖἰ
210 2249 310 2291 pacis,
332 2257 390 2278 seu
412 2248 570 2284 materiae,
594 2247 672 2278 dum
695 2256 794 2287 penes
813 2257 862 2277 res
877 2246 984 2282 factas,
1008 2256 1076 2277 non
1098 2256 1197 2286 penes
1212 2255 1272 2286 po-

166 2299 172 2304 ”
210 2292 324 2327 untias
346 2292 470 2323 animae
500 2291 661 2322 diversitas
684 2291 824 2322 formalis
853 2291 946 2321 activi
973 2296 1004 2320 et
1026 2291 1142 2330 passivi
1171 2290 1271 2321 collo-

188 2357 192 2361 -
208 2342 316 2370 entur:
339 2345 389 2367 res
412 2336 498 2366 enim
521 2335 603 2366 facta
626 2345 664 2366 ex
685 2340 774 2375 parte
797 2335 940 2375 corporis
964 2344 997 2365 se
1020 2340 1116 2365 tenet.

269 2376 434 2412 Consonat
457 2389 588 2420 quoque
607 2378 774 2419 specificae
790 2378 959 2409 diversitati
979 2379 1073 2408 maris
1090 2384 1120 2409 et
1136 2377 1272 2408 feminae

215 2424 249 2455 in
268 2433 385 2465 genere
407 2433 509 2454 sexus
545 2422 747 2454 Differentiae
777 2422 935 2462 siquidem
957 2423 1051 2452 maris
1082 2427 1113 2452 et
1136 2422 1272 2452 feminae

159 2485 168 2507 ς
211 2466 357 2499 malis
379 2473 426 2499 est
447 2467 482 2497 in
504 2476 619 2508 genere
643 2476 752 2503 sexus,
782 2466 950 2497 materialis
974 2471 1080 2496 autem
1103 2467 1136 2496 in
1159 2475 1274 2506 genere

210 2505 370 2543 ·mimalis.
392 2511 486 2543 Unde
505 2511 563 2542 ista
586 2510 734 2551 specifica
756 2510 931 2541 differentia
954 2520 991 2540 ex
1014 2515 1102 2550 parte
1125 2510 1274 2540 materiae

167 2555 169 2560 '
247 2588 251 2589 ⁷
336 2565 416 2587 uens
445 2555 588 2586 animalis·
617 2564 737 2594 genus,
764 2554 991 2584 rationabiliter
1021 2553 1114 2584 infert
1143 2554 1177 2584 in
1199 2554 1275 2594 ipsis

160 2602 166 2641 ’Δ
213 2600 352 2641 propriis
375 2598 537 2630 effectibus
559 2599 653 2629 maris
677 2604 708 2629 et
729 2598 867 2629 feminae
893 2598 1086 2629 diversarum
1115 2598 1275 2628 rationum

214 2643 428 2678 conditiones.

159 2690 163 2694 ‘
254 2686 444 2718 'Attestatur
466 2685 598 2717 demum
626 2686 701 2717 huic
724 2686 877 2726 positioni
906 2686 974 2726 ipsa
1003 2686 1137 2716 exterior
1167 2685 1274 2726 dispo-

218 2726 290 2763 sitio
311 2731 547 2766 membrorum,
571 2739 647 2760 cum
670 2731 734 2760 suis
756 2730 892 2770 propriis
916 2730 1155 2770 operationibus
1179 2739 1275 2770 appa-

155 2769 166 2780 ““
216 2774 357 2806 rentibus
370 2774 546 2805 manifeste.
570 2774 714 2804 Membra
729 2773 887 2813 siquidem
902 2774 1080 2804 masculino
1097 2774 1184 2804 sexui
1200 2783 1274 2813 pro-

163 2855 165 2859 ·
218 2818 285 2859 pria
307 2818 346 2853 ad
361 2818 519 2859 agendum
540 2823 613 2858 apta
628 2818 857 2858 conspicimus:
881 2818 1023 2848 membra
1037 2827 1114 2848 vero
1134 2817 1274 2848 femineo

158 2867 165 2896 5³
213 2862 307 2898 §exui
327 2863 456 2903 propria
478 2862 517 2892 ad
539 2861 758 2902 recipiendum
780 2861 863 2892 facta
884 2861 1039 2892 videmus.
1075 2861 1116 2891 Et
1141 2861 1275 2892 feminas

160 2908 171 2936 ζ
219 2906 356 2947 recipere
378 2915 487 2937 semen
511 2915 529 2936 a
551 2906 690 2936 maribus
713 2905 921 2936 efficientibus
943 2905 1031 2941 illud,
1057 2910 1189 2935 constat.
1213 2905 1275 2935 Re-

164 2949 180 2971 ·''
215 2948 323 2991 ‘cipere
352 2955 459 2981 autem
491 2949 571 2980 adeo
601 2948 773 2980 includitur
802 2949 836 2979 in
862 2958 902 2979 eo
933 2948 1022 2988 quod
1052 2954 1098 2979 est
1125 2949 1209 2988 pati,
1241 2955 1275 2979 ut

197 2991 314 3024 *etiam
335 2994 369 3024 in
391 2994 571 3024 substantiis
593 2993 864 3029 immaterialibus,
888 2993 922 3022 in
946 2993 1061 3032 quibus
1084 3002 1152 3022 non
1174 2994 1275 3023 mani-

169 3037 178 3045 *
196 3057 199 3058 ν
216 3035 299 3068 *feste
320 3043 450 3078 apparet
471 3037 615 3077 potentia
637 3036 778 3076 passiva,
809 3035 951 3066 dicamus
982 3045 1035 3066 eas
1064 3041 1188 3066 tantum
1210 3037 1276 3076 pati

215 3086 375 3121 mantum
397 3081 565 3121 recipiunt.
589 3080 665 3118 Quo
688 3079 724 3110 fit
746 3085 782 3110 ut
804 3079 925 3110 alienus
948 3090 966 3110 a
980 3079 1203 3119 philosophiae
1218 3081 1276 3110 viis

214 3125 260 3158 sit
280 3125 336 3166 qui
358 3130 452 3164 negat
474 3124 607 3154 feminas
630 3124 695 3164 pati
713 3124 747 3153 in
770 3124 992 3163 conceptione,
1017 3124 1208 3163 experientia
1230 3129 1276 3154 te-

220 3173 320 3202 stante
343 3178 404 3201 eas
417 3168 556 3208 recipere
580 3176 689 3198 semen
711 3166 809 3196 virile.

217 3213 230 3241 Τ
262 3211 326 3243 ix.
348 3212 408 3243 His
430 3211 617 3252 praelibatis,
634 3210 674 3241 ad
696 3210 836 3250 primum
859 3209 992 3240 dubium
1016 3215 1126 3240 contra
1148 3220 1276 3250 proces-

220 3255 292 3286 sum
313 3255 434 3287 litterae
449 3257 466 3272 ⁴*
489 3255 603 3285 dicitur
633 3253 721 3294 quod
752 3263 856 3284 sermo
887 3253 1007 3283 litterae
1037 3258 1084 3283 est
1113 3253 1152 3284 de
1175 3255 1277 3293 prima

222 3297 420 3330 distinctione
442 3308 499 3340 per
521 3308 554 3329 se
579 3298 771 3338 operationis
794 3297 833 3327 ad
855 3296 1087 3337 generandum:
1118 3297 1161 3327 ita
1189 3297 1277 3337 quod

217 3341 354 3376 intentio
376 3343 495 3375 litterae
519 3347 566 3373 est
589 3341 678 3382 quod
707 3342 809 3381 prima
834 3350 891 3381 per
914 3350 946 3371 se
975 3340 1134 3370 diversitas
1165 3350 1276 3381 opera-

219 3385 347 3421 tionum
369 3387 409 3418 ad
430 3385 648 3427 generandum
671 3391 717 3416 est
739 3384 917 3415 secundum
944 3385 1100 3414 rationem
1126 3385 1219 3415 activi
1246 3390 1277 3415 et

222 3427 345 3470 passivi.
369 3430 410 3461 Et
431 3430 509 3461 haec
531 3429 710 3470 propositio
733 3439 800 3459 non
824 3434 894 3468 eget
916 3428 1115 3468 probatione,
1140 3428 1215 3468 quia
1238 3428 1277 3458 ad

220 3478 350 3504 'sensum
373 3479 419 3505 est
440 3483 497 3514 per
512 3483 545 3504 se
567 3479 661 3504 nota:
687 3473 762 3512 quia
785 3478 907 3503 constat
930 3471 1019 3512 q‘uod
1035 3477 1081 3502 est
1100 3471 1276 3502 secundum

224 3516 377 3548 rationem
399 3518 601 3548 immissionis
625 3523 655 3547 et
678 3517 877 3556 receptionis.
902 3516 943 3546 Et
966 3525 1060 3556 super
1082 3516 1141 3546 hac
1156 3525 1276 3556 propo-

12 3814 19 3837 4]

2 3843 20 3970 Ξ

870 285 1132 332 QUAESTIO
1161 284 1318 331 XXXII,
1347 284 1638 322 ARTICULUS
1667 285 1716 321 IV

206 884 360 926 ¹**''''1'um‚
379 895 515 929 quarto,
545 889 620 929 quia
642 894 776 919 matrem
799 894 923 919 tantum
946 898 1014 919 esse
1037 889 1128 929 quasi
1150 898 1205 918 vas
1234 889 1269 918 in
1293 890 1296 929 1

2303 285 2377 334 339

1320 364 1436 394 sitione
1460 364 1581 404 optime
1605 363 1754 394 fundatur
1777 364 1921 403 sequela:
1947 364 2021 403 quia
2043 374 2111 402 rnas
2131 371 2160 395 et
2184 365 2301 395 femina
2323 375 2379 406 per

1320 417 1353 437 se
1377 407 1624 438 diversificantur
1654 417 1752 447 penes
1782 407 1902 437 diversa
1936 417 1992 447 per
2020 417 2052 438 se
2082 409 2185 447 primo
2214 419 2310 449 opera
2340 409 2379 439 ad

1320 451 1554 490 generandum;
1579 452 1733 491 quoniam
1749 451 1788 481 ad
1811 452 1873 481 hoc
1896 461 1913 481 a
1929 457 2040 481 natura
2064 452 2221 482 distinctio
2245 462 2379 483 sexuum

1322 494 1495 531 ordinatur,
1520 501 1555 525 ut
1577 500 1672 535 patet.

1349 535 1352 538 ’
1375 538 1428 569 Ad
1450 539 1628 569 secundum
1645 548 1722 570 vero
1746 537 1890 575 dubium,
1916 544 2025 568 contra
2049 540 2190 570 eiusdem
2214 550 2379 580 processus

1322 582 1451 612 alteram
1467 583 1731 622 consequentiam
1746 583 1775 618 ⁴⁵,-
1797 582 2006 622 respondetur
2030 583 2118 622 quod
2142 584 2280 614 secunda
2303 594 2380 614 con-

1321 627 1501 665 sequentia,
1526 627 1660 662 scilieet,
1690 626 1783 667 Ergo
1812 631 1878 656 tota
1902 626 1949 656 vis
1972 627 2076 661 activa
2104 637 2144 657 ex
2162 633 2259 667 parte
2282 630 2380 659 maris

1321 679 1355 699 se
1378 674 1474 704 tenet,
1499 670 1691 700 rationabilis
1715 675 1776 700 est:
1807 670 1882 709 quia
1905 679 1942 700 ex
1966 679 2005 699 eo
2030 670 2118 710 quod
2142 681 2158 701 e
2183 673 2311 711 regione
2335 673 2380 702 di-

1320 713 1538 744 versificantur
1566 723 1623 753 per
1646 723 1679 744 se
1702 715 1806 754 primo
1831 723 1928 753 opera
1950 715 2162 753 generationis
2185 725 2283 755 penes
2307 718 2381 746 acti-

1321 766 1398 787 vum
1422 762 1453 787 et
1467 758 1638 797 passivum,
1663 763 1913 788 consentaneum
1930 764 1976 788 est
2001 764 2037 788 ut
2054 764 2121 788 tota
2141 759 2272 790 latitudo
2290 762 2381 790 activi

1321 801 1355 831 in
1378 802 1581 840 generatione
1604 811 1637 832 se
1660 807 1766 831 teneat
1789 811 1826 831 ex
1850 807 1937 841 parte
1961 803 2054 843 primi
2078 803 2180 833 activi.
2205 803 2303 841 Quod
2327 815 2381 834 au—

1321 849 1387 874 tem
1410 845 1580 884 opiniones
1604 844 1742 876 diversae
1766 846 1828 875 sint
1851 845 1889 875 de
1913 847 2034 877 semine
2056 848 2164 882 maris,
2189 857 2256 878 non
2279 848 2382 878 obstat

1323 888 1400 927 quin
1423 889 1615 919 rationabilis
1634 889 1673 919 sit
1696 889 1813 929 positio
1830 891 1985 920 contraria
2000 891 2282 930 Peripateticorum
2297 893 2382 932 prin-

1322 932 1401 971 cipis
1417 933 1443 968 θ,
1469 941 1566 971 quam
1582 933 1725 972 sequitur
1740 933 1872 963 Auctor.
1897 933 1972 964 Non
1989 939 2035 964 est
2051 934 2190 964 alienum
2206 945 2224 965 a
2240 935 2383 966 doctrina

1322 985 1397 1005 sana
1417 975 1538 1006 tradere
1562 976 1651 1015 quod
1666 977 1780 1006 rationi
1796 983 1960 1013 consonat,
1984 978 2058 1008 licet
2074 977 2300 1009 demonstratio
2316 989 2382 1010 ma-

1322 1019 1491 1049 thematica
1514 1029 1581 1049 non
1604 1020 1764 1055 habeatur,
1789 1020 1862 1050 licet
1882 1021 1934 1050 alii
1958 1022 2143 1061 oppositum
2167 1023 2310 1053 sentiant.
2335 1024 2382 1053 Ex

1323 1062 1413 1092 dictis
1436 1063 1594 1102 siquidem
1625 1064 1758 1103 quilibet
1785 1065 1948 1104 percipere
1971 1070 2076 1104 potest
2103 1066 2201 1105 quod,
2226 1076 2264 1096 ex
2287 1076 2382 1107 appa-

1322 1106 1463 1136 rentibus
1487 1108 1636 1137 membris
1660 1113 1691 1137 et
1714 1108 1951 1147 operationibus
1976 1110 2192 1139 constantibus
2220 1111 2382 1150 arguendo

1323 1149 1362 1180 ad
1386 1159 1422 1179 ea
1446 1159 1527 1189 quae
1543 1151 1650 1180 sensui
1668 1161 1735 1180 non
1751 1151 1923 1187 subiacent,
1941 1158 2192 1183 consentaneum
2208 1155 2321 1184 rationi
2338 1161 2383 1184 est

1323 1198 1359 1223 ut
1381 1194 1483 1232 prima
1507 1193 1720 1233 distinguendi
1750 1195 1830 1224 inter
1853 1205 1974 1225 marem
2003 1202 2033 1226 et
2056 1196 2208 1227 feminam
2236 1199 2313 1227 ratio
2345 1199 2383 1228 sit

1323 1246 1422 1277 penes
1445 1246 1538 1277 agere
1562 1243 1593 1267 et
1615 1238 1698 1277 pati:
1723 1238 1837 1277 procul
1861 1238 1959 1269 dubio
1983 1241 2230 1278 generationem,
2255 1247 2384 1281 propter

1324 1290 1422 1321 quam
1444 1291 1501 1321 per
1524 1291 1557 1311 se
1580 1282 1684 1321 primo
1709 1288 1755 1312 est
1778 1292 1870 1312 sexus
1895 1288 1925 1312 et
1949 1283 2015 1313 eius
2039 1283 2209 1314 diversitas.

1378 1325 1416 1355 X.
1441 1324 1492 1355 Ad
1515 1325 1639 1355 obiecta
1662 1325 1749 1356 Scoti
1773 1331 1883 1356 contra
1905 1326 2082 1357 doctrinam
2097 1328 2219 1358 articuli
2234 1329 2328 1358 huius
2345 1329 2383 1359 de

1323 1369 1476 1399 matribus
1500 1369 1533 1399 in
1556 1370 1722 1399 communi
1738 1370 1771 1406 ἥ,
1795 1370 2014 1409 respondetur.
2049 1371 2090 1401 Et
2113 1371 2151 1401 ad
2174 1373 2314 1411 primum
2338 1373 2384 1403 di-

1324 1413 1405 1442 citur
1428 1412 1517 1452 quod
1535 1413 1654 1443 mirum
1670 1418 1716 1443 est
1739 1413 1778 1444 de
1794 1415 1854 1444 isto
1871 1414 2002 1445 homine
2022 1422 2201 1445 assumente
2217 1426 2383 1456 argumen-

1323 1462 1393 1486 tum
1408 1457 1557 1487 Auctoris
1573 1458 1606 1486 in
1622 1457 1724 1487 littera
1739 1457 1926 1494 secundum,
1943 1464 1974 1488 et
1989 1458 2115 1489 vidente
2131 1461 2382 1499 responsionem,

1324 1506 1355 1530 et
1377 1506 1484 1530 tamen
1505 1506 1656 1540 arguente
1680 1502 1769 1541 quasi
1785 1502 1907 1532 Auctor
1925 1512 1993 1532 non
2008 1502 2215 1542 responderit.
2241 1505 2384 1535 Dicimus

1324 1554 1410 1584 ergo,
1434 1550 1470 1574 ut
1493 1545 1556 1574 iam
1572 1546 1588 1561 ⁴⁶
1612 1544 1733 1575 dictum
1757 1551 1812 1581 est,
1837 1545 1926 1585 quod
1944 1556 2003 1576 nec
2019 1547 2247 1578 somniavimus
2270 1554 2384 1588 poten-

1323 1588 1400 1618 tiam
1432 1589 1641 1628 vegetativam
1661 1589 1694 1619 in
1719 1589 1851 1619 muliere
1877 1599 1944 1620 esse
1969 1591 2139 1630 passivam:
2174 1592 2282 1627 activav
2299 1593 2384 1623 enim

1325 1637 1386 1667 est,
1411 1631 1466 1662 sed
1489 1633 1637 1662 materiae
1669 1633 1701 1662 in
1726 1642 1823 1672 quam
1850 1643 1959 1664 semen
1981 1635 2039 1664 viri
2064 1635 2136 1674 agit.
2171 1635 2260 1666 Sicut
2290 1637 2384 1667 etiam

1323 1676 1357 1705 in
1380 1685 1447 1705 uno
1472 1681 1503 1706 et
1526 1676 1641 1706 eodem
1665 1677 1795 1707 homine
1819 1677 1970 1717 digestiva
1993 1679 2091 1708 virtus
2119 1685 2165 1708 est
2188 1680 2287 1709 activa
2318 1690 2386 1710 ma>

1323 1720 1419 1750 teriae
1442 1721 1476 1749 in
1499 1729 1596 1760 quam
1620 1721 1768 1750 nutritiva
1791 1721 1853 1760 agit
1883 1721 2098 1752 convertendo
2122 1723 2156 1752 in
2179 1724 2385 1754 substantiam

1323 1763 1398 1793 aliti.
1431 1763 1499 1794 Nec
1523 1765 1657 1803 accipias
1680 1765 1818 1804 proprie,
1843 1765 1898 1795 sed
1921 1766 2057 1805 exempli
2081 1767 2178 1805 gratia
2201 1767 2321 1797 dictum
2352 1768 2384 1797 in

1323 1807 1434 1843 littera,
1459 1808 1492 1837 in
1515 1809 1723 1847 responsione
1747 1808 1787 1838 ad
1810 1809 2002 1845 secundum,
2032 1809 2120 1849 quod
2148 1812 2308 1849 potentiae
2331 1821 2385 1851 ge-

1324 1851 1482 1880 nerativae
1505 1851 1538 1880 in
1561 1852 1640 1881 mari
1664 1857 1695 1882 et
1718 1851 1836 1882 femina
1859 1853 1920 1882 sint
1943 1853 2024 1883 sicut
2047 1863 2094 1883 ars
2118 1855 2261 1893 superior
2285 1861 2315 1885 et
2339 1856 2385 1885 in—

1324 1893 1430 1924 ferior.
1455 1894 1536 1925 Sunt
1559 1895 1654 1931 enim,
1679 1905 1746 1926 non
1770 1895 1928 1930 diversae.
1957 1896 2012 1926 sed
2036 1897 2178 1928 eiusdem
2201 1899 2330 1928 rationis
2354 1899 2386 1929 in

1325 1947 1372 1968 se:
1397 1939 1551 1978 quamvis,
1572 1939 1597 1968 si
1621 1938 1660 1969 ad
1683 1949 1731 1970 res
1748 1939 1873 1970 effectas
1893 1941 1931 1970 ab
1948 1941 1992 1971 eis
2008 1940 2168 1977 referatur,
2194 1941 2386 1973 diversarum

1323 1982 1485 2012 rationum
1507 1983 1724 2013 invenirentur
1747 1983 1924 2014 secundum
1947 1984 2102 2015 diversam
2123 1986 2278 2016 rationem
2294 1984 2387 2016 activi

1325 2031 1357 2056 et
1379 2027 1504 2065 passivi,
1530 2026 1643 2066 agendi
1667 2033 1698 2057 et
1720 2028 1870 2067 patiendi,
1895 2033 1930 2058 ut
1953 2027 2074 2059 dictum
2098 2035 2144 2059 est
2165 2030 2191 2059 *.
2227 2029 2287 2060 Dic
2311 2040 2385 2070 ergo

1325 2069 1415 2109 quod
1437 2071 1581 2110 potentia
1603 2072 1783 2110 generativa
1802 2071 1939 2102 feminae
1963 2078 2009 2102 est
2033 2074 2142 2108 activa,
2166 2083 2234 2103 non
2256 2083 2386 2113 genera-

1325 2113 1436 2149 tionis,
1468 2114 1523 2144 sed
1545 2116 1695 2145 materiae
1717 2116 1881 2155 proximae
1905 2121 1936 2146 et
1958 2117 2105 2156 propriae
2128 2117 2227 2156 ipsius
2256 2127 2386 2157 genera—

1325 2157 1425 2187 tionis
1445 2163 1476 2187 et
1498 2159 1606 2197 geniti.

1380 2201 1431 2231 Ad
1455 2201 1632 2232 secundum
1655 2201 1769 2232 dicitur
1799 2202 1888 2243 quod
1910 2209 2010 2234 mater
2040 2204 2139 2243 diligit
2166 2203 2268 2235 filium
2291 2215 2386 2236 suum

1325 2249 1361 2274 ut
1383 2246 1551 2285 proprium
1575 2255 1657 2286 opus
1681 2245 1824 2277 effective
1840 2247 2017 2277 secundum
2032 2248 2196 2287 propriam
2210 2250 2384 2285 materiam,

1326 2298 1383 2318 seu
1405 2290 1572 2329 proprium
1596 2299 1712 2330 corpus
1736 2290 1834 2329 ipsius
1857 2290 1923 2320 filii.
1959 2291 2015 2321 Est
2038 2292 2124 2321 enim
2153 2292 2222 2331 ipsa
2244 2292 2386 2323 effectiva

1327 2342 1421 2363 causa
1443 2334 1592 2364 materiae
1615 2334 1789 2374 proximae,
1814 2339 1848 2364 ut
1872 2334 1992 2364 dictum
2016 2340 2071 2365 est.

1382 2377 1422 2407 Et
1438 2387 1476 2407 ex
1491 2378 1554 2407 hoc
1570 2383 1656 2417 patet
1671 2378 1836 2418 responsio
1854 2378 1893 2408 ad
1904 2379 2042 2414 tertium,
2060 2378 2268 2410 concedendo
2285 2379 2384 2420 quod,

1327 2421 1402 2460 quia
1424 2426 1524 2451 mater
1547 2427 1594 2452 est
1617 2431 1710 2452 causa
1726 2421 1867 2452 effectiva
1883 2423 2030 2452 materiae
2046 2424 2208 2462 proximae
2224 2422 2291 2459 filii,
2312 2423 2384 2454 ideo

1326 2463 1410 2494 filius
1434 2465 1621 2495 assimilatur
1644 2466 1744 2496 matri.
1780 2465 1843 2496 Sed
1866 2465 2016 2496 falluntur
2044 2472 2209 2506 arguentes
2233 2477 2251 2497 a
2273 2473 2386 2507 negata

1327 2507 1495 2539 efficientia
1517 2515 1663 2549 respectu
1686 2515 1774 2540 actus
1797 2510 2016 2550 conceptionis
2040 2520 2097 2540 seu
2118 2511 2330 2550 generationis
2352 2512 2385 2542 in

1327 2558 1429 2589 uter0,
1454 2552 1493 2583 ad
1516 2552 1717 2584 inferendum
1740 2554 1846 2593 negari
1870 2563 2001 2584 omnem
2017 2554 2217 2585 efficientiam
2240 2561 2385 2594 respectu

1326 2595 1394 2626 filii.

1381 2640 1433 2670 Ad
1463 2646 1611 2681 quartum
1642 2640 1756 2671 dicitur
1790 2642 1879 2682 quod
1905 2651 1964 2672 nos
1994 2652 2062 2672 non
2089 2641 2222 2673 dicimus
2251 2648 2385 2672 matrem

1329 2693 1395 2714 esse
1419 2690 1454 2714 ut
1477 2695 1530 2715 vas
1554 2695 1610 2715 seu
1633 2685 1757 2721 locum,
1775 2691 1833 2716 etc.
1866 2686 1988 2716 Ambae
2013 2687 2098 2716 enim
2121 2687 2288 2725 opiniones
2312 2693 2386 2716 sunt

1329 2733 1499 2759 extremae:
1518 2734 1549 2759 et
1564 2728 1654 2769 quod
1668 2735 1768 2759 mater
1784 2735 1951 2760 concurrat
1967 2731 2066 2760 active
2083 2729 2121 2760 ad
2132 2730 2384 2770 generationem;

1329 2777 1359 2802 et
1383 2772 1472 2812 quod
1494 2778 1594 2803 mater
1625 2773 1663 2803 sit
1685 2782 1765 2812 pure
1795 2774 1952 2814 receptive
1982 2779 2013 2804 et
2040 2774 2163 2813 passive
2192 2774 2385 2815 principium

1328 2814 1395 2846 filii.
1427 2816 1532 2847 Media
1561 2816 1719 2856 siquidem
1747 2822 1793 2847 est
1822 2818 2026 2857 peripatetica
2051 2817 2220 2848 sententia:
2252 2823 2385 2848 matrem

1329 2868 1396 2889 esse
1419 2861 1613 2900 principium
1637 2861 1775 2891 activum
1797 2862 1945 2891 materiae
1969 2860 2034 2897 filii,
2060 2867 2090 2891 et
2112 2862 2272 2901 passivum
2290 2871 2385 2901 gene-

1329 2903 1459 2933 rationis
1483 2903 1635 2934 eiusdem.

1383 2947 1436 2977 XI.
1460 2947 1511 2977 Ad
1530 2948 1654 2978 obiecta
1670 2957 1707 2977 ex
1723 2948 1912 2978 Damasceni
1928 2949 2111 2978 auctoritate
2127 2949 2153 2984 *,
2178 2948 2386 2989 respondetur

1329 2991 1362 3020 in
1385 2990 1502 3026 littera,
1534 2991 1573 3021 ad
1600 2992 1756 3031 primum,
1787 2991 1876 3031 quod
1906 2991 1979 3022 ideo
2002 2993 2214 3032 generativam
2245 2992 2386 3023 adiunxit

1330 3034 1545 3065 Damascenus
1560 3035 1766 3074 susceptivae,
1780 3036 1855 3074 quia
1870 3035 2005 3065 diversas
2021 3036 2220 3066 conditiones
2236 3037 2385 3067 indicant.

1330 3077 1515 3118 Susceptiva
1546 3079 1676 3118 quidem
1703 3079 1846 3118 potentia
1869 3079 1908 3109 ad
1931 3079 2048 3110 Filium
2071 3080 2131 3110 Dei
2153 3080 2302 3111 refertur:
2332 3091 2386 3121 ge-

1329 3122 1469 3151 nerativa
1492 3127 1598 3152 autem
1622 3122 1661 3152 ad
1683 3123 1893 3162 virginitatem
1916 3124 2032 3154 matris.
2067 3124 2164 3164 Virgo
2193 3125 2295 3161 enim,
2320 3135 2385 3156 ma-

1329 3174 1408 3195 nens
1430 3166 1529 3205 virgo,
1553 3175 1620 3196 non
1644 3171 1749 3206 potest
1770 3175 1932 3206 generare:
1958 3168 2110 3207 quoniam
2125 3169 2286 3208 generatio
2309 3174 2386 3199 tunc

1329 3214 1453 3239 tantum
1475 3209 1657 3240 naturaliter
1679 3209 1746 3240 fieri
1769 3215 1874 3249 potest
1897 3220 1915 3240 a
1938 3210 2065 3247 femina,
2090 3218 2386 3253 quantumcumque

1329 3251 1475 3288 fecunda,
1500 3262 1574 3283 cum
1598 3254 1767 3293 concipere
1790 3259 1911 3294 potest;
1943 3256 2111 3295 concipere
2135 3262 2241 3286 autem
2264 3258 2386 3296 passive

1329 3305 1396 3326 non
1419 3302 1524 3336 potest
1547 3298 1615 3327 sine
1637 3297 1717 3327 virili
1740 3298 1876 3334 semine;
1901 3299 1989 3338 quod
2013 3300 2037 3329 si
2056 3299 2101 3335 fit,
2122 3300 2184 3330 iam
2207 3309 2273 3330 non
2296 3301 2385 3340 virgo

1331 3341 1521 3380 conciperet.
1546 3341 1630 3379 Quia
1654 3351 1728 3381 ergo
1752 3341 1867 3372 Beatae
1887 3343 2009 3382 Virgini
2031 3344 2184 3374 tributum
2201 3349 2246 3374 est
2270 3350 2305 3374 ut
2319 3354 2386 3375 ma-

1330 3393 1409 3414 nens
1432 3385 1520 3424 virgo
1543 3390 1651 3424 posset
1674 3386 1853 3426 concipere,
1877 3386 1960 3422 ideo,
1985 3387 2024 3416 ad
2046 3388 2109 3417 hoc
2132 3387 2386 3424 describendum,

1331 3428 1545 3459 Damascenus
1576 3428 1693 3459 addidit
1721 3430 1952 3471 generativam.
1987 3431 2131 3461 Potentia
2158 3432 2242 3462 enim
2265 3433 2386 3472 passive

1330 3473 1508 3511 generativa
1522 3473 1636 3512 procul
1652 3472 1749 3503 dubio
1766 3475 1909 3513 potentia
1924 3476 2102 3514 generativa
2118 3481 2173 3511 est,
2186 3476 2323 3506 multum
2340 3474 2386 3506 di-

1329 3521 1413 3546 stans
1436 3526 1453 3546 a
1476 3517 1597 3547 ratione
1619 3518 1780 3557 potentiae
1804 3519 1999 3558 susceptivae
2022 3519 2117 3549 Verbi
2138 3519 2206 3555 Dei,
2231 3525 2266 3550 ut
2288 3525 2384 3560 patet.

1275 3619 1329 3636 ιφ(

2411 593 2420 602 ⁸
2431 590 2502 613 Num.
2517 597 2540 613 v.

2412 941 2422 950 ⁸
2434 940 2471 962 Ct.
2479 946 2543 962 num.
2555 945 2622 967 prae-

2409 967 2459 988 ced.

2412 1377 2420 1387 ⁸
2435 1377 2505 1399 Num.
2521 1384 2560 1400 vu.

2412 1555 2422 1565 ⁶
2434 1552 2506 1574 Num.
2520 1558 2571 1574 vm.

2415 2035 2423 2044 ⁸
2438 2033 2495 2055 lbid.

2414 2957 2423 2966 ⁸
2438 2956 2507 2978 Num.
2527 2962 2567 2983 vu,
2582 2956 2625 2978 Se-

2413 2982 2496 3030 Zggtgo,
2501 2983 2625 3011 priucipa-
