2872 3970
352 198 459 224 XXXVI

481 265 728 307 Alexander
776 264 997 312 Halensis‚
1045 264 1165 303 Sum.
1218 262 1359 303 Theol.
1404 267 1509 316 part.
1548 262 1621 310 IV,
1667 274 1738 315 qu.
1778 274 1836 311 x1,
1880 263 2038 304 memb.
2081 275 2119 311 2,
2163 269 2238 304 art.
2283 276 2317 312 1,
2361 269 2457 318 qw.
2498 265 2538 312 ³,

355 330 398 370 in
432 327 713 382 responsione
750 326 806 367 ad
845 324 1156 380 quaestionem,
1203 323 1345 376 Quale
1392 326 1546 377 corpus
1589 322 1707 364 dedit
1746 322 1944 364 Christus
1988 323 2248 379 discipulis?
2295 325 2541 379 praemissis

357 389 635 445 opinionibus
668 388 862 444 Magistri
898 386 1226 433 Sententiarum,
1251 385 1454 440 Hugonis
1489 390 1530 424 et
1562 384 1754 432 aliorum,
1794 401 1813 422 ‹
1841 385 2085 426 Dicendum
2110 393 2174 427 est
2196 399 2301 442 ergo
2330 403 2365 435 ιν,
2393 387 2540 441 inquit,

363 469 380 488 ‹
409 451 541 506 quod,
576 451 686 492 sicut
717 450 809 490 vult
841 450 975 504 Hugo
1011 454 1053 488 et
1086 448 1245 488 Glossa
1277 447 1425 487 Matth.
1461 457 1564 494 xvn,
1595 446 1790 487 Christus
1824 446 1943 488 dedit
1974 460 2131 502 corpus
2163 461 2291 489 suum
2325 448 2542 503 discipulis

358 528 446 554 non
479 514 670 561 mortale,
707 525 794 552 non
827 509 1057 566 passibile;
1093 508 1213 563 quod
1246 509 1381 563 Hugo
1415 507 1670 548 determinat
1702 507 1787 549 sic:
1822 507 1925 550 dicit
1957 509 2082 558 enim,
2116 509 2237 563 quod
2271 509 2467 551 Christus
2499 509 2543 551 in

359 588 491 616 caena
524 574 698 615 tenebat
719 587 766 614 se
789 573 831 613 in
858 572 1068 619 manibus,
1103 571 1357 624 inquantum
1381 575 1470 611 erat
1491 569 1572 610 sub
1594 569 1732 610 forma
1763 570 1911 624 panis;
1945 576 1987 611 et
2008 571 2128 625 quod
2162 571 2266 626 ipse,
2289 571 2543 626 inquantum

358 644 521 685 tenens,
557 642 646 677 erat
678 634 893 690 passibilis
927 639 967 674 et
1000 633 1217 680 mortalis;
1251 632 1505 685 inquantum
1538 631 1774 680 tenebatur,
1806 631 1884 672 fuit
1915 631 2190 686 impassibilis
2215 639 2257 675 et
2277 633 2543 675 immortalis.

359 700 452 740 Nec
486 705 551 739 est
583 696 891 738 inconveniens
924 694 1045 749 quod
1078 700 1178 735 tunc
1211 693 1335 734 fuerit
1366 692 1492 734 simul
1515 693 1706 734 mortalis
1729 699 1772 734 et
1794 693 2056 743 immortalis,
2079 701 2127 735 ut
2148 694 2274 736 dicit:
2309 708 2408 736 cum
2428 695 2544 736 enim

361 761 446 802 sint
478 766 663 814 quatuor
695 758 820 799 dotes
854 757 1047 811 corporis
1080 755 1318 811 glorificati,
1341 754 1434 808 ipse
1461 767 1640 795 manens
1673 754 1813 796 adhuc
1851 756 2078 809 passibilis,
2112 757 2378 812 quandoque
2414 768 2545 798 unam

362 823 508 863 dotem
550 820 743 875 sumpsit,
779 818 1043 873 quandoque
1086 818 1225 865 aliam,
1259 822 1306 857 ut
1338 816 1500 857 voluit:
1539 816 1644 857 Luc.
1678 827 1736 865 IV,
1770 816 1925 872 legitur
1964 818 2083 872 quod
2126 818 2275 860 Iudaei
2316 819 2547 860 voluerunt

361 885 502 938 ipsum
546 882 833 937 praecipitare,
869 886 911 920 et
942 886 1042 920 tunc
1076 885 1122 919 ut
1155 877 1403 919 ostenderet
1433 891 1480 919 se
1513 878 1774 932 passibilem,
1808 879 2000 933 permisit
2031 892 2078 920 se
2111 880 2257 928 teneri,
2290 880 2403 922 idest
2439 879 2546 921 trahi

362 947 415 986 ab
441 946 526 986 eis:
562 945 635 985 ubi
669 943 794 984 simul
819 948 860 982 et
883 941 1031 982 dotem
1065 940 1416 995 impassibilitatis
1450 953 1675 981 assumens
1708 940 1872 981 transiit
1904 941 2011 982 liber
2037 954 2115 996 per
2136 941 2326 983 medium
2358 942 2547 990 illorum;

363 1008 463 1061 quia
497 1006 609 1047 enim
644 1019 742 1045 caro
777 1017 856 1044 sua
890 1016 1110 1057 nunquam
1143 1002 1220 1043 fuit
1253 1002 1445 1043 obnoxia
1488 1002 1649 1056 culpae,
1686 1002 1786 1043 ideo
1820 1015 1908 1044 non
1941 1003 2017 1044 fuit
2055 1003 2239 1044 debitrix
2276 1016 2444 1058 poenae
2477 1003 2548 1044 vel

362 1068 523 1117 mortis,
547 1067 625 1108 sed
648 1073 812 1108 tantum
845 1064 1085 1106 voluntarie
1117 1064 1195 1105 fuit
1226 1064 1467 1119 passibilis;
1502 1063 1601 1104 ideo
1635 1064 1811 1118 quando
1844 1065 1993 1114 voluit,
2018 1065 2166 1106 dotem
2198 1065 2549 1120 impassibilitatis

362 1131 501 1185 potuit
533 1129 614 1170 sibi
647 1140 867 1170 assumere
899 1140 977 1182 pro
1012 1127 1155 1181 aliqua
1187 1126 1376 1167 utilitate.
1411 1126 1459 1166 In
1482 1125 1702 1167 nativitate
1735 1126 1827 1181 ipse
1856 1139 2035 1168 manens
2067 1127 2294 1182 passibilis,
2318 1126 2552 1181 assumpsit

364 1193 445 1233 sibi
481 1192 627 1233 dotem
670 1189 862 1244 corporis
895 1188 1122 1244 glorificati
1156 1201 1267 1242 quae
1302 1194 1366 1229 est
1399 1187 1636 1237 subtilitas;
1669 1188 1864 1229 transivit
1897 1188 2011 1230 enim
2044 1201 2120 1244 per
2151 1195 2320 1231 uterum
2357 1188 2549 1245 Virginis

365 1256 557 1296 clausum
599 1253 692 1294 sine
734 1252 844 1292 illius
887 1251 1120 1305 apertione.
1163 1249 1377 1299 Similiter,
1412 1250 1560 1291 Matth.
1595 1250 1774 1299 xv11,in
1808 1256 1956 1291 monte
1989 1250 2062 1292 ubi
2094 1251 2422 1306 transfiguratus
2461 1250 2550 1300 suit,

365 1316 578 1371 passibilis
621 1327 799 1355 manens
842 1313 1074 1367 assumpsit
1116 1312 1373 1353 claritatem:
1419 1311 1651 1367 agilitatem
1691 1324 1809 1360 vero,
1843 1312 1973 1353 Marc.
2010 1323 2064 1361 v1,
2099 1313 2276 1366 quando
2314 1313 2552 1358 ambulavit

366 1392 493 1432 super
527 1390 655 1425 mare,
691 1389 768 1416 nec
802 1374 1136 1430 immergebatur
1164 1390 1197 1414 ›.
1234 1374 1473 1428 Hucusque
1500 1358 1720 1414 Halensis.

488 1438 762 1480 Innocentius
795 1437 864 1484 ΙΙΙ,
897 1436 967 1476 De
999 1436 1136 1476 Sacro
1166 1435 1342 1476 Altaris
1372 1436 1577 1488 Mysterio
1609 1435 1681 1476 lib.
1704 1435 1778 1485 IV,
1813 1448 1903 1490 cap.
1930 1448 2002 1484 ΧΗ,
2037 1436 2219 1478 eandem
2251 1437 2551 1491 quaestionem

366 1508 562 1548 tractans,
598 1500 680 1540 ait:
736 1515 754 1535 ‹
783 1499 976 1538 Fuerunt
1021 1497 1089 1537 alii
1129 1497 1203 1550 qui
1242 1496 1452 1545 dixerunt,
1498 1497 1618 1551 quod
1662 1497 1858 1538 Christus
1907 1498 2098 1541 mortalis
2147 1499 2295 1553 utique
2342 1498 2430 1548 fuit,
2473 1499 2552 1541 sed

367 1564 589 1604 voluntate
629 1575 717 1602 non
764 1559 1077 1600 necessitate...
1126 1558 1187 1600 Ut
1226 1571 1331 1614 ergo
1378 1558 1583 1613 probaret
1628 1558 1748 1612 quod
1796 1559 1989 1600 mortalis
2035 1566 2125 1601 erat
2166 1573 2255 1602 non
2298 1562 2552 1606 necessitate

367 1626 444 1667 sed
477 1625 711 1671 voluntate,
746 1621 922 1676 quando
955 1621 1094 1662 voluit
1126 1620 1427 1661 mortalitatem
1460 1619 1672 1674 deposuit,
1703 1626 1745 1661 et
1774 1620 2137 1663 immortalitatem
2170 1623 2341 1677 recepit.
2374 1622 2556 1680 Legitur

369 1689 482 1728 enim
515 1687 557 1726 in
591 1684 846 1739 Evangelio,
881 1682 1001 1736 quod
1035 1695 1130 1722 curn
1165 1681 1311 1722 Iudaei
1346 1681 1570 1722 duxissent
1599 1683 1743 1723 Iesum
1775 1696 1911 1736 usque
1941 1683 2006 1724 ad
2030 1685 2306 1739 supercilium
2331 1686 2488 1727 montis·
2507 1688 2560 1727 at

369 1763 464 1790 eum
481 1747 830 1803 praecipt'tarent,
855 1745 944 1799 ipse
966 1744 1182 1784 transiens
1203 1746 1290 1797 per
1309 1743 1495 1784 medium
1517 1743 1611 1784 ibat
1630 1744 1749 1797 (Luc.
1773 1745 1846 1799 1v).
1882 1745 1993 1786 Cum
2025 1752 2140 1786 esset
2164 1746 2398 1796 ducendus,
2421 1747 2555 1790 teneri

369 1825 415 1852 se
439 1811 548 1852 sicut
570 1808 818 1864 passibilem
850 1806 1073 1854 tolerabat,
1097 1805 1175 1846 sed
1197 1818 1294 1846 cum
1318 1811 1433 1846 esset
1454 1805 1810 1860 praecipitandus,
1834 1806 1944 1848 sicut
1973 1807 2245 1862 impassibilis
2267 1821 2343 1863 per
2365 1810 2556 1852 medium

369 1873 588 1914 transibat.
633 1871 831 1923 Quatuor
864 1868 977 1909 enim
1011 1873 1110 1909 sunt
1142 1867 1367 1922 glorificati
1401 1867 1594 1922 corporis
1627 1867 1823 1922 propriae
1863 1868 2101 1923 qualitates,
2133 1869 2335 1912 videlicet
2375 1872 2555 1921 claritas,

371 1934 594 1982 subtilitas
628 1932 795 1988 agilitas
830 1937 871 1971 et
903 1929 1275 1984 impassibilitas...⁴
1295 1929 1477 1984 Singula
1508 1930 1590 1970 sibi
1625 1929 1819 1971 Christus
1852 1930 2098 1986 singulatim
2129 1933 2295 1987 accepit
2324 1940 2557 1989 antequam

370 2009 600 2052 resurgens
632 2009 657 2035 a
688 1993 866 2035 mortuis
900 1998 1094 2033 naturam
1126 1991 1352 2047 glorificati
1385 1991 1577 2060 corporis
1611 1991 1839 2033 induisset:
1874 1993 2150 2035 subtilitatem
2183 2007 2280 2035 cum
2313 1997 2560 2041 nasceretur

373 2074 425 2101 ex
458 2058 664 2113 Virgine3
699 2055 929 2096 claritatem
963 2067 1059 2094 cum
1093 2053 1464 2108 transfiguraretur
1497 2053 1538 2093 in
1571 2058 1744 2102 monte;
1778 2053 2011 2109 agilitatem
2045 2068 2142 2097 cum
2174 2056 2393 2099 incederet
2420 2067 2560 2143 super

373 2134 516 2169 mare;
553 2117 935 2173 impassibilitatem
969 2129 1064 2156 cum
1099 2114 1426 2155 manducaretur
1458 2115 1500 2155 in
1534 2128 1666 2155 caena
1693 2131 1728 2156 ›.

497 2183 564 2222 Ex
598 2180 755 2234 quibus
798 2179 909 2220 bene
952 2177 1186 2232 perspectis
1227 2176 1483 2218 concludere
1526 2190 1760 2246 possumus
1799 2178 1845 2219 S.
1879 2178 2112 2229 Thomam,
2148 2193 2236 2221 non
2278 2193 2333 2222 ex
2366 2174 2559 2242 Hugone

373 2246 482 2286 hanc
530 2242 784 2283 sententiam
834 2239 1168 2294 deprompsisse,
1213 2252 1310 2280 cum
1353 2238 1433 2279 iste
1482 2239 1653 2279 nonnisi
1693 2239 1747 2280 de
1786 2240 2128 2294 impassibilitate
2174 2248 2342 2292 tractet,
2386 2244 2464 2285 sed
2502 2255 2559 2285 ex

376 2305 566 2353 Halensi,
591 2304 664 2358 qui
698 2310 739 2344 et
771 2303 863 2357 ipse
895 2302 949 2342 ab
984 2300 1234 2342 Innocentio
1267 2301 1324 2341 III
1347 2300 1467 2354 quod
1501 2300 1554 2341 de
1585 2300 1760 2342 dotibus
1794 2301 2004 2351 claritatis,
2027 2303 2272 2345 subtilitatis
2294 2311 2336 2346 et
2357 2305 2559 2361 agilitatis

375 2368 554 2422 scripsit,
590 2372 829 2407 mutuatum
863 2364 1021 2404 habere
1053 2362 1234 2411 videtur,
1268 2369 1310 2403 et
1342 2362 1544 2417 Hugonis
1579 2362 1817 2404 doctrinam
1849 2364 2035 2419 ampliat.

501 2489 584 2540 Qu.
619 2498 767 2535 xxvm,
802 2492 876 2526 art.
912 2487 951 2534 3,
986 2485 1041 2526 ad
1075 2486 1130 2526 3:
1171 2501 1189 2522 ‹
1219 2484 1407 2537 Quidam
1445 2498 1551 2526 vero
1594 2486 1676 2526 hoc
1720 2486 1904 2527 referunt
1935 2486 1990 2527 ad
2024 2488 2217 2529 notitiam
2261 2490 2392 2531 visus.
2438 2491 2560 2534 Sicut

378 2552 490 2593 enim
524 2549 669 2603 Moysi
703 2562 799 2589 curn
834 2549 932 2588 Deo
973 2547 1258 2601 colloquentis
1299 2547 1538 2602 glorificata
1581 2553 1646 2588 est
1687 2548 1816 2589 facies
1853 2552 1904 2589 ut
1931 2562 2016 2603 non
2049 2552 2230 2603 possent
2266 2552 2484 2595 intendere
2513 2555 2558 2596 in

378 2627 472 2655 eum
489 2612 587 2666 filii
614 2610 785 2658 lsrael,·
817 2610 877 2650 sic
910 2609 1046 2650 Maria
1080 2609 1267 2650 claritate
1299 2609 1467 2650 virtutis
1501 2609 1711 2650 Altissimi
1745 2611 2013 2659 obumbrata,
2038 2613 2246 2667 cognosci
2280 2627 2366 2656 non
2393 2623 2563 2670 poterat

379 2691 402 2716 a
436 2674 604 2728 Ioseph,
641 2673 779 2713 donec
813 2678 991 2726 pareret.
1025 2672 1132 2712 Post
1165 2677 1333 2725 partum
1367 2677 1509 2712 autem
1543 2685 1568 2712 a
1600 2672 1757 2726 Ioseph
1799 2673 1946 2728 agnita
1985 2674 2210 2724 invenitur,
2243 2677 2387 2730 specie
2426 2676 2560 2728 faciei,

380 2751 467 2778 non
500 2742 612 2776 tactu
647 2734 834 2775 libidinis
862 2750 898 2774 ».

503 2799 623 2838 Haec
665 2797 706 2837 in
744 2796 906 2837 Calena
947 2795 1112 2843 Aurea,
1159 2795 1308 2836 Matth.
1344 2808 1434 2848 cap.
1467 2807 1493 2843 1,
1528 2808 1561 2842 0,
1597 2795 1897 2839 adscribuntur
1932 2797 2108 2838 Hilario
2145 2799 2190 2839 in
2229 2800 2340 2842 hom.
2381 2802 2429 2843 In
2469 2802 2562 2844 eius

380 2867 522 2901 tamen
557 2859 760 2913 operibus
804 2858 1030 2913 diligenter
1063 2857 1263 2911 inspectis
1298 2856 1398 2897 nihil
1432 2857 1678 2898 huiusmodi
1712 2857 1894 2912 reperire
1930 2859 2162 2912 potuimus.
2197 2861 2260 2902 Cf.
2295 2862 2340 2904 S.
2364 2863 2561 2906 ‘rhomae

387 2922 613 2962 comment.
647 2921 690 2960 in
724 2920 1008 2967 Matthaeum,
1044 2920 1117 2960 ubi
1151 2919 1281 2973 paulo
1315 2919 1435 2959 aliter
1467 2919 1643 2959 refertur
1676 2919 1802 2968 idem,
1837 2921 2023 2961 auctoris
2057 2923 2231 2964 nomine
2264 2924 2405 2966 tacito.

509 2983 650 3023 Gloss.
677 2982 779 3022 Ord.
804 2982 977 3022 §trabis
1010 2999 1027 3018 «
1057 2981 1223 3023 Dicitur
1254 2981 1373 3035 quod
1401 2981 1557 3035 Ioseph
1591 2981 1769 3023 Mariam
1792 2981 1896 3022 facie
1929 2982 1983 3023 ad
2009 2984 2159 3025 faciem
2192 2985 2339 3027 videre
2361 2996 2448 3027 non
2481 3001 2562 3042 po-

385 3051 502 3093 terat,
527 3058 656 3098 quam
691 3043 874 3097 Spiritus
908 3043 1091 3084 Sanctus
1125 3058 1151 3084 a
1183 3043 1465 3097 conceptione
1498 3043 1750 3097 impleverat
1781 3044 1950 3098 penitus
1981 3061 2016 3086 ›.

511 3107 644 3160 Hugo
679 3105 732 3144 de
766 3105 811 3146 S.
837 3104 992 3152 Charo,
1015 3106 1058 3144 in
1082 3106 1251 3159 Evang.
1274 3105 1445 3152 Mami,
1472 3118 1561 3159 cap.
1584 3118 1609 3153 1,
1632 3105 1697 3145 Et
1713 3119 1797 3146 non
1820 3107 2099 3160 cognoscebat
2124 3120 2250 3148 eam:
2285 3123 2305 3146 ‹
2333 3109 2380 3149 In
2413 3109 2562 3151 Evan-

387 3169 501 3223 gelio
535 3167 853 3207 Nazaraeorum
887 3166 1052 3220 legitur,
1077 3173 1122 3207 ut
1144 3167 1246 3208 dicit
1277 3166 1630 3220 Chrysostomus,
1656 3167 1775 3221 quod
1809 3168 1966 3223 Ioseph
1998 3168 2178 3210 Mariam
2201 3168 2348 3211 videre
2379 3170 2486 3212 facie
2508 3172 2563 3213 ad

388 3230 537 3270 faciem
571 3242 658 3269 non
691 3234 869 3282 poterat,
905 3227 1109 3280 quoniam
1144 3229 1326 3282 Spiritus
1360 3229 1545 3270 Sanctus
1578 3242 1673 3273 eam
1706 3243 1731 3270 a
1765 3231 2046 3284 conceptione
2086 3230 2258 3284 penitus
2298 3232 2562 3286 impleverat,

390 3292 446 3331 ita
478 3290 597 3345 quod
632 3303 720 3330 non
764 3289 1057 3344 cognoscebat
1100 3302 1194 3330 eam
1227 3297 1401 3345 propter
1441 3291 1716 3346 splendorem
1747 3292 1892 3333 vultus
1931 3292 2051 3332 eiusc
2079 3291 2201 3333 Sicut
2237 3293 2404 3348 legitur,
2443 3295 2562 3349 quod

391 3352 583 3406 discipuli
618 3365 704 3392 non
738 3353 934 3405 poterant
966 3349 1112 3390 videre
1145 3351 1294 3392 faciem
1327 3353 1504 3394 Domini
1537 3359 1712 3407 propter
1742 3353 2027 3408 splendorem.
2062 3353 2171 3394 Infra
2202 3365 2294 3395 xvn
2321 3370 2356 3396 ».

517 3474 599 3526 Qu.
623 3486 741 3520 xx1x,
776 3479 849 3513 art.
876 3486 915 3522 2,
939 3472 994 3513 ad
1017 3474 1066 3514 3:
1107 3488 1125 3510 ‹
1154 3472 1276 3513 Licet
1307 3474 1376 3514 alii
1410 3474 1562 3522 dicant,
1592 3475 1711 3528 quod
1746 3475 1938 3517 nondum
1972 3480 2060 3516 erat
2091 3474 2134 3515 in
2169 3475 2346 3518 domum
2380 3477 2564 3527 inducta,

392 3535 471 3576 sed
504 3535 644 3575 solum
679 3535 939 3588 desponsata
966 3551 1001 3575 ».
