2912 4030
444 316 462 354 s
486 314 539 349 iv.
562 331 585 340 .-
608 304 667 345 D‘E
689 312 923 350 ALIQUIBUS
945 311 1153 350 ANTIQUIS

513 357 819 398 LECTIONIBUS
842 356 1076 390 SPEclATlM

324 457 355 488 9.
380 447 524 488 Scriptor
546 446 738 487 apographi,
764 444 854 485 quod
877 446 1028 478 omnibus
1053 445 1218 479 codicibus
1243 446 1338 486 capiti

267 500 420 536 supremo
444 491 514 531 fuit.
530 499 598 525 uno
613 491 687 525 satis
710 489 869 530 frequenti
894 499 1000 521 errore
1024 500 1042 520 a
1061 491 1268 531 scriptoribus
1283 500 1339 524 eo-

268 546 341 572 rum
363 545 447 576 quos
474 535 642 575 hucusque
670 533 829 569 edidimus
861 543 998 574 operum
1029 534 1060 566 S.
1083 535 1231 569 Thornae
1254 536 1339 569 mul*

268 587 339 615 tum
355 579 567 620 distinguitur.
591 579 689 614 Error
704 579 737 612 in
753 579 816 613 hoc
833 579 979 609 consistit
1002 579 1092 620 quod
1107 580 1162 613 ubi
1178 580 1340 620 exemplar

268 634 372 663 unum
404 629 529 661 tantum
561 623 696 657 verbum
718 623 855 656 habebat
879 622 1001 663 (idesu
1035 624 1091 655 ubi
1115 633 1154 656 ex
1187 629 1339 657 contextu

270 668 431 702 evidenter
449 667 716 708 patet·exemplar
739 677 842 700 unum
858 668 992 701 verbum
1009 668 1182 707 habuisse),
1206 669 1340 709 scriptor

270 712 336 746 duo
351 713 448 748 verba
462 711 574 744 similis
597 712 772 751 scripturae
795 712 914 751 posuit.
940 712 975 742 In
992 721 1059 752 quo
1075 713 1132 746 has
1149 712 1340 747 differentias

270 757 525 790 observavimus:
549 756 659 789 scribit
681 756 770 795 prius
785 756 868 787 malo
884 761 996 796 postea
1017 757 1100 788 bene
1117 757 1162 797 (11.
1181 766 1210 789 2.
1230 749 1248 786 δ
1259 767 1340 798 par,-

270 801 452 836 ticulariter
468 801 617 842 partitur
635 809 695 840 pro
711 800 882 840 partitur-,¹
905 811 958 831 vn.
975 809 1006 840 7.
1025 812 1047 831 α
1061 801 1191 832 divinae
1213 801 1339 834 divisim

269 855 331 887 pro
352 845 479 882 diuisim
490 852 503 881 ;
525 854 579 878 ιιι.
598 854 628 875 2.
646 854 667 878 οι
684 853 797 877 sensus
824 845 1054 886 suscipientem
1078 855 1138 886 pro
1161 846 1340 886 suscipien-

268 895 352 929 tem3
375 889 496 927 ibidem
510 900 532 926 η
548 889 609 922 sibi
628 887 681 927 >sil'
697 898 757 929 pro
772 887 823 919 sil'
832 896 845 925 ,·
868 899 959 923 xxxv.
977 889 1007 920 8.
1024 888 1043 931 ζ
1060 895 1166 923 ortam
1191 895 1263 921 orto
1280 900 1339 931 pro

271 934 374 974 orto);
389 935 477 975 ptius
493 933 576 969 bene
592 938 624 969 et
637 933 848 967 nihilominus
865 933 969 969 adhuc
985 934 1068 967 male
1085 934 1120 974 (1.
1135 935 1165 967 6.
1177 933 1196 975 ζ
1208 935 1338 975 quando

269 978 384 1020 quaeri
411 981 474 1019 pro‘
493 978 650 1019 quando‚·
673 987 724 1009 ιιι.
743 978 773 1008 6.
789 988 811 1022 γ
829 978 952 1011 scilicet
980 978 1064 1011 sicut
1092 987 1153 1019 pro
1182 979 1339 1020 scilicet);

269 1023 318 1056 bis
333 1023 416 1057 male
430 1023 546 1063 (xxxix.
560 1022 591 1053 6.
604 1033 625 1067 γ
637 1022 725 1063 quod
740 1022 867 1063 quidem
883 1032 942 1063 pro
958 1023 1037 1064 quid
1043 1030 1056 1060 ‚·
1071 1033 1165 1056 xxvii.
1180 1033 1209 1055 2.
1222 1033 1243 1055 κ.
1258 1033 1339 1065 ergo

270 1067 472 1109 ignorantur
493 1076 554 1107 pro
579 1067 780 1108 ignoratur),

325 1113 481 1152 Agiturne
496 1112 550 1146 hic
564 1111 749 1152 Simpliciter
764 1110 804 1142 de
820 1121 927 1145 errore
950 1121 1050 1152 quem
1073 1112 1173 1145 critici
1189 1112 1340 1152 dittogra-

270 1156 381 1196 phiam
402 1153 591 1192 nominant?
620 1156 673 1191 An
719 1156 805 1186 otius
828 1162 1000 1195 propterea
1022 1165 1126 1189 unum
1150 1157 1340 1198 autographi

269 1201 404 1235 verbum
427 1201 476 1230 bis
496 1201 534 1231 in
555 1209 696 1240 apograp
721 1209 742 1230 o
772 1200 1004 1236 resumebant,
1028 1201 1105 1240 quia
1134 1202 1341 1241 transcriptor

270 1254 303 1276 se
334 1254 452 1277 errasse
483 1243 595 1278 videns
625 1243 676 1277 vel
707 1243 840 1277 credens
853 1267 860 1279 ‚
884 1244 1025 1277 secunda
1056 1245 1135 1281 vice,
1159 1246 1260 1285 priori
1283 1255 1340 1278 sua

269 1290 426 1329 scriptura
447 1297 516 1324 non
538 1287 653 1323 deleta,
669 1287 756 1322 idem
774 1288 910 1321 verbum
937 1289 1127 1328 exemplaris
1151 1288 1340 1330 descripsit?

270 1333 444 1374 Duplicem
469 1333 680 1373 scriptionem,
701 1332 766 1366 hoc
788 1332 890 1366 modo
918 1332 1070 1366 accidisse
1094 1343 1134 1364 eo
1158 1335 1340 1374 promptius

269 1377 510 1418 etedomrimo,
527 1377 604 1417 quia
618 1377 652 1408 in
669 1376 782 1412 decem
800 1377 916 1411 nostris
934 1377 1155 1411 voluminibus
1171 1379 1340 1419 hucusque

270 1421 362 1457 editis
384 1422 596 1462 paucissimos
626 1421 694 1457 eius
717 1421 831 1455 erroris
856 1431 947 1454 casus
969 1422 1130 1455 notandos
1157 1423 1341 1455 habuimus.

270 1466 432 1503 Secundo,
449 1467 526 1507 quia
544 1466 605 1499 alia
627 1466 701 1500 loca
723 1475 792 1500 non
815 1465 932 1500 desunt
955 1466 1011 1499 ubi
1029 1466 1202 1499 lectionem
1219 1477 1257 1499 ex
1272 1478 1341 1498 non

270 1511 439 1552 expunctis
470 1511 631 1545 erroribus
661 1511 915 1551 transcriptionis
941 1520 1110 1544 erroneam
1133 1513 1268 1543 evasisse
1292 1513 1340 1542 in-

270 1555 370 1591 dubie:
390 1560 488 1595 patet.
825 1571 828 1575 ·

329 1608 379 1634 ιο.
403 1599 546 1640 Scriptor
568 1599 655 1633 enim
678 1599 773 1639 primi
797 1600 974 1639 apographi
997 1609 1065 1631 non
1087 1600 1131 1631 ita
1154 1609 1258 1640 pauca
1280 1602 1341 1631 ho-

269 1643 446 1678 moteleuta
468 1643 566 1678 oculo
589 1643 720 1678 transiit.
751 1643 826 1678 Plus
851 1653 948 1683 quam
971 1645 1099 1684 triginta
1121 1644 1192 1676 loca
1215 1646 1254 1675 ab
1277 1646 1341 1676 hoc

271 1689 537 1725 communissimo
561 1688 762 1721 librariorum
786 1697 892 1721 errore
907 1688 1021 1720 vitiosa
1036 1698 1106 1721 esse
1126 1688 1291 1725 videntum
1315 1691 1342 1720 si

270 1741 349 1768 vero
361 1732 587 1768 recentissimis
610 1732 748 1767 textibus
770 1731 869 1765 fidem
891 1733 1000 1767 habes,
1023 1733 1106 1764 ultra
1128 1738 1260 1764 centum
1282 1734 1342 1764 ho⁴

270 1777 447 1811 moteleuta
478 1777 512 1811 in
542 1777 676 1816 antiquo
705 1781 795 1809 textu
827 1775 952 1810 desunt.
986 1776 1049 1808 Sed
1079 1776 1120 1807 de
1149 1777 1213 1807 hoc
1242 1779 1260 1816 ἓ
1283 1778 1341 1808 vn

271 1830 412 1863 agemus·
438 1820 507 1858 ,Hic
531 1820 658 1855 lectoris
681 1821 891 1854 attentionem
914 1829 1058 1860 provoco
1082 1820 1123 1852 ad
1138 1821 1245 1861 aliqua
1268 1822 1342 1853 loca

270 1875 359 1906 quae
377 1865 539 1906 scriptor-is
553 1874 588 1900 se
605 1865 791 1904 corrigentis
814 1863 975 1898 influxum
992 1865 1129 1905 prodere
1152 1865 1260 1897 credo.

292 1938 294 1940 .
325 1906 434 1947 Primo
450 1909 524 1945 loco
547 1909 722 1944 lectionem
737 1918 859 1948 ponam
883 1910 1082 1949 autographi,
1099 1910 1243 1943 secundo
1267 1911 1343 1941 seri·

270 1954 381 1995 pteris.
398 1954 494 1990 tenio
515 1953 639 1993 antiqui
663 1958 767 1988 textus
789 1953 964 1987 lectionem
988 1963 1087 1994 quam
1109 1955 1273 1995 scripton‘s
1294 1965 1343 1986 se*

269 1998 432 2036 mineram
455 1998 689 2033 correctionem
713 2007 782 2030 esse
804 2007 986 2037 praesumo.

323 2099 405 2126 zm.
426 2091 503 2124 κδ,

338 2131 469 2169 Aliquid
499 2137 595 2168 potest
625 2130 782 2163 convenire
809 2131 894 2161 alicui
923 2132 1036 2164 homini
1064 2133 1177 2163 ratione
1198 2134 1342 2163 hnmanae

389 2178 510 2205 naturae
534 2172 576 2203 du
598 2171 703 2204 liciter.
737 2171 800 2205 Uno
821 2172 909 2204 modo
927 2173 970 2205 sic
991 2174 1068 2210 quod
1089 2174 1217 2205 humana
1237 2180 1344 2205 natura

391 2211 530 2246 sitscausa
545 2211 566 2242 il
579 2212 635 2245 ius,
648 2211 721 2244 sicut
735 2220 799 2244 esse
814 2212 926 2244 risibile
944 2213 1079 2243 convenii
1092 2215 1209 2251 Socrati
1229 2215 1343 2245 ratione

391 2251 536 2285 humanae
556 2257 679 2284 naturae
700 2251 735 2283 cx
755 2251 836 2287 cuius
856 2250 1004 2293 principiis
1025 2261 1167 2288 causatur-

351 2291 471 2333 Aliquid
501 2296 596 2327 potest
626 2291 783 2320 convenire
811 2290 897 2330 alicui
918 2292 1029 2326 homini
1057 2294 1170 2327 ratione
1196 2295 1342 2328 humanae

391 2337 510 2360 naturae
531 2340 565 2360 ex
585 2331 668 2360 cuius
688 2330 836 2370 principiis
857 2340 999 2362 causatur.

351 2371 470 2408 Aliquid
498 2377 593 2408 potest
622 2371 778 2400 convenire
805 2370 890 2400 alicui
918 2373 1030 2402 homini
1058 2374 1170 2402 ratione
1197 2376 1342 2404 humanae

392 2418 511 2440 naturae
542 2420 583 2440 ex
612 2412 694 2439 cuius
722 2412 878 2449 principiis
907 2420 1044 2442 causatur
1075 2414 1240 2452 dupliciter.
1280 2416 1342 2444 Uno

393 2452 480 2491 modo
500 2453 608 2494 (cetera
627 2458 660 2484 ut
680 2452 774 2489 prima.
794 2452 900 2491 lectio)

327 2550 385 2571 ux.
405 2551 435 2578 4.
456 2542 481 2580 β.

353 2583 456 2611 Nullus
476 2583 565 2611 habet
585 2582 725 2612 iudicium
747 2582 802 2611 nisi
817 2592 904 2620 super
918 2594 951 2612 ea
966 2594 1041 2622 quae
1055 2591 1122 2613 sunt
1136 2585 1190 2614 sibi
1204 2587 1342 2616 subiecta.

394 2623 453 2652 Sed
477 2623 594 2654 aristo
626 2624 753 2655 nondum
784 2623 917 2655 Mamas
947 2626 1045 2655 omm'a
1071 2634 1134 2655 esse
1161 2627 1291 2656 mbiecu
1312 2635 1343 2656 ut

394 2662 501 2697 dicitur
519 2663 609 2695 Hebt.
630 2663 663 2692 H·

353 2702 456 2737 NuiIus
474 2703 564 2737 habet
583 2701 723 2736 iudicium
743 2702 799 2735 nisi
819 2713 908 2743 super
921 2713 955 2734 ea
969 2714 1044 2742 quae
1065 2713 1133 2736 sunt
1146 2706 1200 2737 sibi
1214 2707 1344 2739 subiecta

394 2749 429 2776 ut
447 2742 552 2777 dicitnr
571 2742 661 2774 Hebr.
682 2743 713 2775 11.

354 2782 458 2811 Nuilus
477 2782 564 2813 habet
584 2781 723 2815 iudicituu
745 2783 800 2812 nisi
820 2793 906 2822 super
921 2794 954 2815 ea
969 2794 1044 2825 quae
1064 2793 1131 2817 sunt
1145 2786 1201 2818 sibi
1214 2787 1344 2819 subiecta

394 2827 429 2850 ur
438 2820 547 2855 dicitur
559 2822 655 2855 Hebr.
671 2822 709 2856 11.
731 2822 791 2852 Sed
808 2824 925 2852 Christo
942 2833 999 2853 non
1022 2825 1147 2854 vidimus
1168 2827 1264 2855 omnia
1280 2837 1343 2860 esse

394 2861 527 2890 subiecta
543 2869 583 2890 ut*
595 2861 700 2891 dicitur
718 2862 807 2892 Hebr.
829 2863 862 2892 11.

330 2961 490 3001 Apertum
513 2966 560 2991 est
583 2961 682 3002 quod,
707 2962 828 2999 omisso
849 2963 1074 2998 homoteleuto
1098 2965 1162 2999 Sed
1180 2966 1342 2999 Christo...

274 3005 425 3042 subiecta,
458 3006 603 3045 scriptor,
631 3010 806 3046 antequam
833 3008 1004 3048 resiperet,
1026 3009 1091 3042 iam
1120 3011 1287 3054 scripserat
1309 3016 1346 3044 ut

276 3049 396 3084 dicitur
417 3049 519 3080 Hebr.
541 3049 597 3087 II,·
620 3050 699 3080 haec
721 3050 821 3085 verba*
840 3052 972 3101 punctis.
991 3051 1096 3091 delere
1120 3053 1295 3092 debuisset,
1308 3061 1345 3089 ut

276 3093 344 3125 Sea*
357 3093 486 3128 Christo
502 3093 686 3127 immediate
702 3100 776 3134 post
791 3093 850 3130 sibi
865 3092 1007 3132 ,subiecta
1021 3098 1115 3141 sequi
1128 3104 1252 3142 posset,
1266 3099 1343 3133 Ideo

277 3143 313 3168 ut
334 3137 454 3169 dicitur
475 3134 578 3172 Ηέῠν.
602 3138 648 3174 11,
674 3138 763 3179 quod
786 3139 819 3171 in
846 3144 942 3175 textu.
962 3141 1096 3184 antiquo
1119 3147 1195 3176 ante
1217 3149 1248 3173 et
1270 3149 1345 3185 post

275 3181 524 3221 hompteleuton
555 3183 704 3218 occurrit,
728 3183 863 3227 reliquia
895 3182 993 3219 falsae
1022 3186 1276 3226 transcriptionis
1298 3193 1345 3219 est

276 3226 383 3267 primo
405 3226 491 3264 loeo.
515 3226 592 3258 Non
615 3236 707 3261 secus
729 3228 763 3262 in
785 3228 890 3268 primo.
915 3227 1067 3268 exemplo.
1088 3227 1169 3264 daxo'
1186 3239 1228 3264 en
1251 3231 1346 3265 cuius

271 3269 444 3311 principiis
466 3276 623 3302 causatur
644 3269 824 3312 dupliciter,
850 3277 881 3302 et
899 3282 949 3302 xx.
971 3280 998 3303 1.
1015 3269 1032 3302 θ
1048 3272 1156 3304 Patris
1179 3283 1279 3314 usque
1301 3275 1345 3305 ad

277 3319 422 3351 mortem,
446 3320 478 3346 et
499 3325 582 3346 xxxi.
599 3315 629 3346 8.
648 3325 671 3346 α
689 3316 774 3347 sicut
787 3316 906 3347 dictum
930 3322 984 3352 est,
1002 3322 1033 3347 et
1056 3327 1107 3348 ur.
1126 3326 1156 3348 2.
1173 3311 1195 3346 δ’
1209 3318 1344 3349 damna-

236 3359 239 3362 ⁴
277 3363 395 3396 torum,
413 3364 444 3390 et
460 3359 583 3401 (nostro
603 3359 733 3395 iudicio,
751 3362 896 3401 quamvis
918 3361 1091 3395 lectionem
1115 3361 1262 3396 traditam
1276 3373 1344 3395 non

276 3401 484 3444 mutavimus)
497 3413 579 3439 xxxi.
594 3404 624 3435 3.
635 3403 675 3438 ad
686 3413 717 3444 4.
728 3409 760 3438 et,
770 3405 896 3446 Iezabel
906 3405 1011 3445 primo
1024 3405 1112 3442 loco,
1121 3411 1347 3447 praeterquam

278 3446 372 3487 quod
389 3447 532 3488 Suotemi
555 3448 744 3488 exemplaris
765 3449 961 3482 nativitatem
984 3459 1043 3490 per
1068 3451 1345 3491 transcriptionem
1374 3486 1376 3491 ‚

278 3496 448 3528 estunam,
471 3491 659 3523 intimum
681 3493 778 3523 simul
799 3494 960 3534 scriptoris
983 3493 1195 3530 manifestant.

337 3542 387 3566 11.
406 3534 479 3566 Alia
502 3537 663 3576 scriptoris
686 3546 720 3568 se
744 3538 930 3578 corrigentis
953 3537 1070 3568 indicia
1093 3543 1167 3569 sunt
1189 3538 1344 3570 lectiones

277 3579 396 3610 similes
411 3579 488 3619 huic
502 3590 584 3611 xcxv.
599 3590 628 3611 2.
643 3590 667 3611 t:
689 3594 702 3607 ι
717 3581 875 3612 Naturalis
899 3582 1023 3622 eclipsis
1040 3582 1114 3612 solis
1130 3591 1187 3623 per
1201 3583 1344 3624 interpo-

419 3641 530 3666 Smnuu
543 3641 646 3668 Tutior.
665 3642 697 3668 D.
711 3642 827 3668 Taenia
846 3643 878 3668 T.
891 3644 957 3669 VIII.

2402 246 2461 271 XIII

1394 313 1543 344 sitionem
1559 313 1654 343 lunae
1671 322 1839 352 nunquam
1856 312 1970 343 accidit
1986 314 2044 344 nisi
2061 318 2207 353 tempore
2225 314 2462 345 coniunctionis

1394 357 1470 387 solis
1490 363 1522 387 et
1537 357 1642 387 lunae.
1667 357 1762 387 Tunc
1786 363 1894 387 autem
1919 357 1983 396 (die
2007 357 2127 387 scilicet
2151 358 2306 398 passionis
2331 359 2460 399 Christi)

1394 407 1459 431 erat
1475 402 1551 431 luna
1566 402 1599 431 in
1616 402 1821 441 oppositione
1838 401 1877 431 ad
1893 401 2028 431 solem...
2046 401 2139 432 Unde
2156 401 2231 432 dicit
2248 402 2459 443 (Dionysius):

1394 446 1470 475 Non
1487 446 1572 476 enim
1597 451 1661 476 erat
1677 451 1852 476 conventus
1869 446 1919 476 vel
1934 446 2126 476 conveniens
2147 451 2274 487 tempus
2295 461 2322 477 ».
2347 447 2382 477 In
2398 448 2461 478 hoc

1394 490 1467 520 loco
1493 491 1543 520 vel
1565 489 1739 520 introducit
1762 490 1935 520 lectionem
1959 490 2129 530 scriptoris,
2147 491 2213 530 qui,
2231 491 2308 530 quid
2324 501 2463 522 conven—

1395 539 1446 564 tus
1462 535 1501 564 sit
1516 535 1676 570 nesciens,
1702 535 1838 574 propriis
1870 535 1971 564 oculis
2002 544 2069 564 non
2101 535 2208 571 credit,
2235 541 2265 565 et
2287 537 2461 567 variantem

1395 579 1583 618 scripturam
1602 579 1795 609 conveniens
1811 578 1939 608 addidit.
1953 597 1995 600 —
2007 579 2094 609 Alibi
2110 579 2179 609 talis
2196 579 2332 610 duarum
2350 580 2461 611 lectio-

1395 632 1474 653 num
1498 623 1685 653 coniunctio
1717 633 1773 663 per
1803 623 1853 653 vel
1883 624 2039 659 occurrit,
2063 623 2119 653 ubi
2148 624 2236 664 prior
2266 624 2361 654 lectio
2387 635 2461 656 cum

1396 667 1567 707 exemplari
1590 677 1658 697 non
1683 668 1902 703 conveniebat,
1927 668 2008 697 sicut
2032 677 2079 697 ex.
2098 677 2144 707 gr.
2161 678 2254 699 xxvn.
2274 668 2303 699 3.
2321 679 2340 708 9
2361 683 2374 695 «
2390 679 2463 709 per-

1395 711 1568 742 fectionem
1593 711 1668 742 fecit
1692 712 1743 742 vel
1765 713 1990 751 purgationem
2010 725 2037 742 ».

1455 764 1503 786 12.
1528 756 1579 786 Ad
1603 756 1778 796 apographi
1807 757 2019 786 characterem
2044 757 2139 786 etiam
2169 758 2329 796 pertinent
2351 758 2463 789 lectio—

1394 810 1450 830 nes
1475 800 1580 836 falsae,
1596 800 1635 830 de
1652 810 1789 841 quarum
1812 800 1946 830 falsitate
1961 810 2029 830 non
2045 801 2179 841 scriptor
2201 802 2288 832 solus
2311 812 2462 833 accusan—

1395 844 1454 874 dus
1471 854 1538 875 esse
1554 844 1678 877 videtur
1702 844 1758 876 sed
1782 845 1878 877 etiam
1901 850 2070 881 corrector,
2087 845 2138 876 vel
2153 845 2288 886 scriptor
2307 847 2375 886 ipse
2392 857 2463 877 cor-

1394 890 1525 919 rectoris
1549 889 1657 920 officio
1682 888 1821 920 functus.
1855 889 1934 919 Istae
1958 889 2112 920 lectiones
2137 899 2281 920 errorum
2305 891 2464 921 ordinarie

1395 934 1633 964 occurrentium
1651 934 1766 963 limites
1786 933 1953 969 excedunt,
1971 938 2058 963 certo
2075 943 2108 963 se
2126 934 2300 965 extendunt
2323 936 2462 966 multum

1395 978 1476 1008 ultra
1492 978 1581 1017 quod
1601 979 1769 1018 scriptores
1793 977 1944 1008 codicum
1967 978 2136 1017 hucusque
2160 989 2177 1008 a
2192 980 2286 1009 nobis
2305 979 2463 1010 adhibito-

1395 1032 1466 1052 rum
1483 1022 1718 1052 observandum
1733 1023 1958 1062 praebuerunt.
1983 1022 2071 1060 Quid
2090 1022 2264 1060 intendam,
2281 1033 2338 1064 per
2359 1034 2462 1055 unum

1395 1067 1580 1106 exemplum
1609 1067 1768 1096 clarescat.

1451 1111 1516 1140 Iam
1541 1111 1573 1140 in
1597 1111 1756 1150 principio
1777 1111 1904 1141 Tertiae
1923 1111 2032 1146 Partis,
2051 1111 2084 1150 (1.
2104 1121 2132 1141 2.
2151 1111 2186 1151 ι,)
2208 1111 2375 1143 adducitur
2390 1113 2463 1153 pul-

1395 1156 1570 1185 cherrimus
1593 1155 1685 1185 locus
1709 1155 1740 1185 S.
1758 1156 1894 1185 Leonis:
1924 1168 1937 1181 «
1959 1155 2063 1194 (Salva
2087 1156 2182 1195 igitur
2205 1157 2371 1196 utriusque
2388 1167 2464 1196 pro-

1395 1201 1527 1239 prietate
1548 1200 1741 1229 substantiae
1766 1205 1796 1229 et
1819 1200 1852 1228 in
1876 1209 1975 1229 unam
1999 1205 2137 1229 coeunte
2157 1201 2342 1239 personam)
2364 1202 2462 1231 susci-

1395 1245 1481 1284 pitur
1497 1254 1517 1274 a
1533 1244 1699 1274 maiestate
1720 1243 1894 1279 humilitas,
1912 1253 1932 1273 a
1956 1243 2073 1273 virtute
2096 1244 2276 1285 infirmitas,
2298 1245 2337 1275 ab
2361 1250 2464 1275 aeter-

1395 1289 1495 1319 nitate
1518 1288 1721 1323 mortalitas,·
1749 1293 1794 1323 ut,
1819 1287 1908 1327 quod
1934 1288 2050 1317 nostris
2077 1288 2224 1318 remediis
2256 1291 2463 1329 congruebat,

1395 1343 1479 1363 unus
1510 1338 1606 1372 atque
1636 1332 1722 1362 idem
1749 1332 1810 1362 Dei
1833 1338 1864 1362 et
1887 1332 2058 1362 hominum
2084 1332 2242 1363 mediator
2265 1338 2296 1363 et
2319 1335 2402 1364 mori
2426 1344 2464 1364 ex

1395 1387 1462 1408 uno
1496 1383 1526 1407 et
1557 1386 1719 1416 resurgere
1754 1382 1863 1416 posset
1894 1386 1931 1406 ex
1963 1377 2061 1406 altero
2086 1390 2112 1407 ».
2149 1377 2270 1407 Textus
2301 1379 2463 1418 antiquus,

1396 1422 1578 1462 quinimmo
1602 1422 1749 1451 universa
1772 1421 1837 1451 fere
1860 1421 1997 1457 traditio,
2023 1422 2068 1451 sic
2091 1421 2182 1461 legit:
2218 1435 2231 1448 «
2252 1422 2430 1462 Suscipitur
2447 1434 2464 1453 a

1395 1468 1510 1497 virtute
1541 1466 1706 1496 infirmitas
1737 1466 1920 1496 animarum
1945 1471 1975 1495 et
1998 1466 2139 1496 aliarum
2170 1476 2289 1503 rerum,
2314 1473 2350 1496 ut
2374 1467 2463 1507 quod

1395 1511 1511 1541 nostris
1531 1524 1544 1537 »
1573 1516 1632 1540 etc.
1657 1510 1802 1540 Dubitari
1825 1519 1891 1540 non
1916 1515 2022 1551 potest
2050 1510 2262 1542 miserandam
2290 1511 2462 1542 lectionem

1396 1556 1492 1586 fuisse
1505 1555 1538 1584 in
1550 1555 1655 1595 primo
1669 1554 2062 1594 exemplari-apographo,
2076 1555 2136 1584 nisi
2152 1554 2184 1584 id
2201 1554 2290 1595 quod
2305 1561 2354 1586 tot
2369 1561 2464 1586 testes

1396 1599 1515 1630 oculati
1531 1605 1677 1629 astruunt
1692 1599 1863 1628 mentitum
1880 1608 1947 1628 esse
1964 1604 2078 1638 potest.
2099 1599 2206 1636 Quam
2223 1610 2298 1629 vero
2316 1601 2465 1640 impossi-

1396 1645 1460 1674 bile
1476 1645 1515 1673 sit
1531 1653 1602 1673 eam
1617 1644 1650 1673 in
1667 1644 1867 1682 autographo
1884 1643 1947 1672 iam
1964 1643 2070 1678 fuisse,
2088 1643 2179 1674 facile
2203 1645 2348 1675 evincere
2369 1655 2464 1685 posse

1396 1689 1475 1718 mihi
1502 1687 1622 1718 videor.
1654 1687 1716 1716 Hic
1743 1687 1835 1717 Iocus
1862 1687 1948 1717 enim
1979 1688 2116 1727 pertinet
2143 1687 2182 1718 ad
2209 1689 2304 1718 ritum
2336 1689 2464 1719 Ordinis

1396 1733 1543 1762 Fratrum
1571 1731 1839 1766 Praedicatorum‚
1864 1731 1902 1760 ab
1931 1741 2017 1762 anno
2042 1731 2081 1761 ad
2105 1732 2211 1762 minus
2239 1733 2332 1763 1260.
2365 1733 2464 1771 Quod

1397 1786 1472 1806 cum
1496 1777 1538 1805 ita
1562 1776 1611 1811 sit,
1636 1785 1765 1815 prorsus
1789 1775 1973 1805 incredibile
1998 1781 2044 1805 est
2068 1782 2103 1806 ut
2126 1776 2157 1806 S.
2175 1776 2318 1807 Thomas
2342 1783 2464 1808 textum

1398 1821 1527 1856 Leonis,
1543 1826 1609 1850 tam
1624 1821 1793 1850 robustum
1810 1826 1840 1850 et
1857 1821 2064 1856 concinnum,
2090 1821 2146 1860 qui
2169 1822 2285 1851 iterum
2301 1822 2351 1852 vel
2370 1823 2465 1852 tertio

1396 1865 1498 1896 lectus
1520 1865 1555 1894 in
1573 1865 1764 1896 memoriam
1787 1874 1820 1894 se
1843 1863 1956 1904 infigit,
1981 1874 2079 1904 quem
2103 1874 2160 1905 per
2183 1875 2285 1895 annos
2308 1867 2341 1896 in
2365 1867 2465 1897 choro

1397 1908 1644 1940 cumfratribus
1674 1909 1746 1938 Deo
1770 1909 1855 1939 Nato
1885 1909 2023 1949 psallens
2053 1910 2220 1940 recitatum
2251 1910 2392 1941 audierat
2414 1911 2466 1941 vel

1396 1955 1466 1994 ipse
1488 1954 1682 1989 recitaverat,
1699 1954 1758 1983 sub
1774 1954 1858 1984 vitae
1877 1954 2016 1984 termino
2040 1959 2105 1984 tarn
2129 1964 2278 1986 enervem
2295 1961 2326 1985 et
2342 1955 2465 1986 lentum

1397 1998 1578 2032 reddiderit.

1452 2042 1522 2074 Sed·
1531 2042 1618 2073 unde
1634 2042 1688 2072 illa
1703 2042 1799 2072 lectio
1823 2042 2009 2082 explicanda
2025 2048 2081 2078 est,
2099 2044 2123 2073 si
2139 2053 2200 2074 nec
2215 2044 2248 2074 in
2265 2046 2466 2085 autographo

1397 2087 1487 2118 affuit
1508 2096 1571 2117 nec
1593 2086 1680 2127 apud
1703 2087 1866 2118 librarium
1889 2092 1957 2117 tota
1973 2087 2040 2117 eius
2064 2088 2145 2118 ratio
2168 2098 2298 2119 manere
2320 2088 2466 2120 videtur?

1398 2132 1481 2163 Mihi
1501 2131 1617 2162 arridet
1649 2131 1773 2171 opinio,
1798 2131 1849 2161 hic
1873 2132 1922 2171 agi
1947 2131 1987 2163 de
2010 2132 2148 2162 lectione
2178 2133 2251 2173 plus
2280 2143 2347 2164 uno
2376 2140 2465 2174 patre

1396 2182 1481 2207 nata.
1505 2175 1541 2208 In
1561 2176 1696 2206 anima-
1710 2175 1867 2206 habemus
1882 2175 1915 2205 ni
1934 2175 2027 2206 fallor
2051 2185 2191 2207 errorem
2214 2179 2465 2218 transcriptionis

1397 2230 1457 2261 pro
1473 2230 1494 2250 a
1516 2220 1692 2255 maiestate,
1709 2220 1759 2250 vel
1783 2220 1969 2251 am'marum
1984 2225 2016 2250 et
2030 2230 2075 2250 a-
2089 2231 2148 2263 pro
2165 2222 2353 2253 amaiestate
2367 2233 2374 2259 ;
2394 2224 2467 2253 reli-

1397 2264 1640 2305 quaabsurdae
1662 2264 1810 2294 lectionis
1832 2264 1990 2297 elementa
2011 2274 2108 2295 -rum
2132 2271 2164 2296 et
2190 2266 2331 2297 aliarum
2356 2277 2465 2298 rerum

1396 2310 1448 2340 vel
1462 2309 1606 2339 -h'arum
1623 2317 1732 2339 nerum
1749 2317 1786 2338 ex
1802 2307 1973 2339 deliberata
1987 2309 2154 2340 voluntate
2168 2312 2380 2350 processerint
2395 2321 2466 2342 cor-

1396 2354 1538 2388 rectoris,
1563 2354 1620 2393 qui
1648 2354 1744 2383 errori
1772 2353 1913 2392 aliquem
1945 2359 2132 2384 contextum
2163 2355 2465 2392 accommodaverit,

1396 2404 1433 2430 ut
1447 2398 1605 2430 sententia
1620 2397 1730 2437 aliquo
1746 2397 1857 2427 saltem
1872 2397 1974 2429 modo
1990 2404 2139 2428 curreret.
2157 2399 2211 2435 Ita,
2228 2399 2355 2430 duobus
2374 2402 2465 2440 quasi

1396 2442 1555 2483 gradibus,
1571 2442 1759 2474 animarum
1781 2446 1813 2471 et
1834 2442 1976 2472 aliarum
1997 2451 2106 2472 rerum
2125 2442 2246 2473 factum
2270 2453 2338 2474 esse
2357 2449 2466 2484 potest

1397 2497 1437 2519 eir
1457 2497 1481 2518 a
1502 2486 1672 2517 maiestate
1695 2486 1860 2516 humilitas
1884 2486 1950 2526 (cui
1973 2495 2013 2516 an
2036 2487 2069 2516 in
2093 2488 2294 2528 autographo
2317 2489 2465 2519 iunctum

1397 2537 1479 2564 efflet
1492 2531 1624 2563 tertium
1639 2530 1703 2560 loci
1718 2531 1803 2560 citati
1819 2531 2002 2561 membrum
2018 2531 2057 2561 ab
2074 2532 2264 2562 aeternitate
2282 2533 2465 2564 mortalitas

1397 2577 1468 2616 quis
1492 2575 1674 2608 enucleabit
1686 2572 1722 2614 ἓ).

1451 2621 1628 2651 Erroneam
1666 2620 1900 2652 correctionem
1939 2629 2093 2650 erroneae
2129 2621 2310 2660 scriptionis
2343 2631 2464 2652 nomen

1395 2665 1511 2695 talibus
1535 2664 1727 2694 lectionibus
1754 2665 1921 2703 proprium
1945 2673 2013 2694 esse
2036 2670 2180 2694 autumo.
2215 2665 2395 2705 Aliquoties
2418 2672 2468 2698 ta-.

1396 2719 1471 2741 men
1489 2709 1646 2739 correctio
1668 2707 1880 2748 inadaequata
1903 2708 1989 2748 apud
2012 2709 2119 2748 ipsum
2142 2709 2328 2749 scriptorem
2345 2720 2363 2740 e
2377 2711 2463 2740 vitali

1396 2754 1524 2786 actione
1546 2753 1662 2783 mentis
1685 2753 1835 2792 originari
1858 2753 1977 2792 potuit,
2003 2753 2167 2784 voluntate
2191 2754 2281 2792 quasi
2305 2754 2464 2785 semideli-

1396 2799 1514 2830 bei-ata.
1542 2797 1628 2827 Alibi
1651 2806 1701 2827 res
1723 2797 1767 2826 ita
1790 2797 1961 2827 constituta
1985 2802 2040 2832 est,
2065 2802 2101 2826 ut
2123 2797 2229 2833 lectio,
2255 2807 2293 2828 ex
2315 2799 2464 2829 inusitata

1397 2841 1525 2875 dicendi
1546 2842 1681 2877 ratione,
1698 2850 1787 2871 error
1808 2840 2071 2872 accommodatus
2097 2850 2164 2871 esse
2190 2842 2343 2878 videatur,
2365 2848 2396 2873 et
2417 2849 2464 2873 ta-

1396 2896 1482 2922 men,
1507 2895 1584 2916 cum
1605 2886 1639 2915 in
1663 2894 1697 2917 se
1719 2894 1787 2915 non
1811 2885 1945 2915 omnino
1969 2884 2046 2914 falsa
2075 2884 2136 2915 dici
2159 2887 2269 2925 possit,
2294 2886 2463 2918 deficiente

1396 2930 1576 2963 traditionis
1593 2939 1661 2960 non
1684 2930 1793 2959 minus
1810 2938 1907 2968 quam
1930 2929 2029 2968 aperti
2052 2938 2163 2960 sensus
2183 2931 2378 2968 testimonio,
2395 2941 2463 2962 non

1397 2975 1548 3014 distingui
1579 2975 1680 3013 possit
1707 2978 1815 3003 utrum
1839 2973 2027 3012 autographi
2059 2973 2231 3005 lectionem
2255 2985 2295 3005 an
2323 2985 2463 3006 errorem

1396 3019 1504 3051 sensui
1527 3023 1670 3058 aptatum
1693 3023 1810 3047 teneas.
1835 3016 1887 3046 Ad
1907 3017 1967 3047 has
1986 3016 2075 3048 dubii
2099 3018 2286 3049 characteris
2308 3020 2462 3050 lectiones

1397 3071 1463 3095 tres
1482 3062 1615 3093 ultimae
1637 3070 1746 3091 earu-m
1769 3070 1852 3100 quas
1873 3062 2087 3101 exscriptums
2109 3072 2183 3092 sum
2203 3064 2374 3104 pertinent.

1452 3107 1693 3145 Praesumptam
1716 3105 1889 3135 lectionem
1913 3106 2077 3147 scriptoris
2101 3107 2241 3139 mediam
2263 3108 2380 3138 iterum
2403 3118 2463 3149 po-

1396 3160 1472 3183 nam
1495 3151 1579 3181 inter
1606 3150 1779 3180 lectionem
1810 3150 2000 3191 autographi
2023 3156 2054 3181 et
2076 3156 2202 3182 text-uua·
2228 3153 2406 3192 antiquum,
2432 3158 2464 3183 et

1397 3196 1497 3227 lector
1521 3194 1639 3224 iudicet
1662 3203 1706 3223 an
1725 3193 1850 3224 clavem
1872 3194 1968 3224 huius
1990 3195 2177 3226 invenerim.

1450 3284 1469 3303 1.
1493 3283 1520 3303 2.
1543 3280 1567 3303 ὲ.

1477 3314 1507 3342 in
1528 3314 1644 3343 homine
1665 3314 1778 3343 Christo

1477 3354 1507 3382 in
1529 3355 1644 3385 nomine
1665 3355 1778 3384 Christo

1476 3393 1506 3422 in
1529 3393 1643 3422 nomine
1665 3394 1782 3423 Christi.

1472 3477 1491 3498 x
1535 3490 1543 3498 .
1585 3491 1592 3497 .
1614 3469 1637 3497 δ.

1451 3477 1648 3546 Χοέιιξιρζεαηῑ
1668 3509 1774 3539 semim·
1789 3509 1928 3546 Spiritum
1950 3510 2087 3539 Samium

1479 3556 1649 3585 comparant
1669 3558 1766 3577 semen
1789 3549 1924 3586 Spiritum
1945 3550 2081 3579 Sanctum

1478 3596 1646 3625 comparant
1668 3597 1766 3617 semen
1789 3589 1907 3625 Spiritui
1927 3589 2042 3618 Sancto.
