2872 3970
210 687 219 696 ·
235 685 270 732 Cf:
281 684 422 733 Asse·

208 712 300 762 31¹3}st
318 738 346 758 ιιι.
362 717 422 761 L‘x’trj

208 765 240 786 de
256 764 332 791 Temp.
343 763 421 785 CLXI.

456 289 531 335 514

1143 285 1408 333 QUAEST10
1436 284 1539 332 LIV,
1569 281 1863 322 ARTICULUS
1891 280 1941 322 lv

503 369 560 405 AD
589 377 779 404 SECUNDUM
806 377 988 402 mei-:unum
1007 364 1116 414 quod
1143 363 1205 401 illa
1234 370 1411 413 apertura
1433 363 1517 399 vul·
1542 369 1546 408 l
1573 362 1680 411 quod
1707 374 1862 412 semper
1888 362 1928 399 in
1956 361 2039 399 eius
2058 373 2219 412 corpore
2247 348 2446 400 cicatrices*
2465 361 2548 400 illae
2576 373 2634 400 re-

450 432 602 467 nerum,
623 418 802 469 quamvis
821 418 867 455 sit
886 430 978 455 curn
1006 417 1178 467 quadarn
1205 416 1397 453 solutione
1425 427 1516 452 con-

450 473 650 519 tinuitatis,
679 479 805 510 totum
832 478 963 508 tamen
991 471 1067 507 hoc
1106 476 1422 518 recompensatur
1448 479 1518 527 per
1571 469 1728 505 sentium
1756 467 1802 505 de
1826 468 2113 505 Resurrectione
2143 469 2278 505 Carnis
2295 467 2334 504 ²¹³:
2370 467 2528 505 Domini
2552 464 2634 505 cor·
2662 479 2682 511 ·,
2725 494 2732 502 .

1572 414 1807 461 manebunt..
1834 414 1959 463 Quia,
1988 422 2030 452 ut
2057 414 2294 463 Augustinus
2323 413 2431 461 dicit,
2460 414 2511 452 ad
2529 408 2634 453 vCon-

450 525 640 564 maiorem
677 525 859 562 decorem
894 523 1055 572 gloriae:
1096 529 1138 560 ut
1175 533 1316 571 corpus
1352 532 1434 558 non
1471 528 1518 557 stt
1566 533 1640 570 pus
1658 522 1696 557 in
1715 521 1819 558 caelo
1846 531 1924 558 esse
1940 520 2052 558 credo
2079 525 2118 557 ut
2144 526 2225 558 erat
2249 520 2397 570 quando
2416 519 2578 559 ascendit
2596 521 2635 558 in

450 579 580 617 minus
607 578 811 626 integrum,
840 577 909 614 sed
937 576 1058 624 magis
1085 575 1309 624 perfectum.
1339 574 1517 611 Thomas

449 640 580 670 autem
608 643 688 668 non
717 632 845 668 solum
872 628 978 674 vidit,
1008 628 1075 666 sed
1104 627 1219 664 etiarn
1246 627 1409 664 vulnera
1435 626 1516 663 teti-

401 717 413 731 „
448 685 517 734 git:
550 684 652 734 quia,
672 691 715 721 ut
740 682 830 720 dicit
855 683 938 719 Leo
965 682 1071 730 Papa
1084 680 1115 727 ²¹³,
1135 679 1279 729 suffecit
1302 681 1374 717 sibi
1398 679 1449 716 ad
1461 681 1516 727 fi-

449 738 532 776 dem
547 738 746 788 propriam
765 735 897 774 vidisse
915 734 1015 784 quod
1031 734 1193 778 videram
1219 733 1285 770 sed
1309 733 1413 770 nobis
1431 744 1516 782 ope-

449 797 551 829 ratus
579 796 630 827 est
658 795 696 826 ut
722 794 892 838 tangeret
921 799 1029 836 quem
1056 786 1212 824 videbat.

502 845 559 880 An
580 853 739 880 TER’rmM
758 852 941 879 mesanum
961 839 1068 889 quod
1089 838 1264 876 Christus
1282 838 1321 875 in
1341 850 1413 875 suo
1433 849 1516 874 cor-

449 908 542 945 pore
571 894 694 932 voluit
721 893 913 931 cicatrices
940 894 1149 930 vulnerum
1187 902 1406 938 remanere,
1435 901 1516 927 non

449 951 577 986 solum
606 948 655 985 ad
678 946 969 984 certificandum
989 944 1268 994 discipulorum
1296 943 1428 991 fidem,
1448 943 1516 980 sed

449 1002 564 1039 etiam
591 1007 749 1050 propter
776 999 867 1037 alias
896 998 1072 1036 rationes.
1102 999 1162 1036 Ex
1187 996 1330 1047 quibus
1358 1003 1516 1046 apparet

501 1134 528 1168 ζ)
546 1135 571 1160 si
588 1133 662 1167 quid.
680 1147 700 1152 -
718 1132 802 1162 ΡΕΙὸς
820 1131 845 1157 εί
862 1131 891 1160 F.
909 1131 979 1156 sicut
997 1130 1084 1156 ceteri,

1571 573 1727 610 caelum.
1761 573 1810 610 Et
1835 572 2055 622 Gregorius,
2075 573 2163 610 XIV
2179 573 2323 611 Moral.
2342 572 2374 620 ²⁸⁸,
2401 571 2635 622 dicitquod,
2663 579 2674 590 ⁴

1571 627 1605 662 si
1638 624 1755 676 quid‘
1783 627 1820 663 in
1856 637 2015 676 corpore
2050 626 2186 662 Christi
2213 631 2295 675 post
2330 625 2636 663 resurrectionem

1566 680 1687 728 potuit
1719 679 1929 725 immutari,
1957 683 2088 716 contra
2114 677 2317 715 veridicam
2352 676 2464 715 Pauli
2494 674 2636 724 senten·

1570 732 1673 778 tiam,
1687 736 1772 782 post
1798 732 2107 779 resurrectionem
2124 730 2311 768 Dominus
2337 730 2446 768 rediit
2471 730 2510 768 in
2537 741 2639 777 mor-¹

1570 790 1655 822 tem.
1690 783 1802 827 Quod
1824 785 1904 834 quis
1930 783 2054 822 dicere
2076 783 2138 822 vel
2162 783 2289 821 stultus
2300 788 2538 833 praesumat,
2567 783 2640 821 nisi

1571 839 1636 886 qui
1659 849 1790 875 veram
1817 838 1943 874 carnis
1970 837 2279 874 resurrectionem
2301 835 2492 886 denegat?
2512 834 2638 874 >Unde

1571 897 1675 939 patet
1706 889 1814 939 quod
1841 887 2033 926 cicatrices
2065 900 2162 938 quas
2190 887 2365 926 Christus
2390 894 2479 938 post
2514 896 2636 932 resur·

1571 941 1782 980 rectionem
1818 941 1858 980 in
1895 953 1967 979 suo
2005 952 2166 992 corpore
2208 940 2395 988 ostendit,
2432 947 2637 990 nunquam

1570 994 1823 1046 postmodum
1853 995 1902 1032 ab
1930 994 1994 1032 illo
2022 1005 2184 1044 corpore
2212 1001 2302 1031 sunt
2328 1000 2510 1031 remotae.
2620 989 2624 996 ¹

2590 1114 2638 1132 4¹4

1117 1217 1451 1251 Commentariu-
1474 1215 1727 1249 Cardinalis
1750 1214 1952 1248 Caietam

452 1321 628 1385 Τιτυιυε,
645 1315 743 1351 prout
759 1309 976 1340 communiter
996 1309 1029 1338 in
1051 1307 1195 1338 Ecclesia
1217 1306 1379 1338 cicatrices
1402 1305 1520 1336 Christi

510 1355 746 1395 intelliguntur:
778 1354 899 1384 seilicet
928 1358 964 1383 ut
994 1362 1069 1383 curn
1097 1350 1307 1382 foraminibus
1326 1353 1517 1381 sumuntur.

506 1400 542 1430 In
566 1408 701 1439 corpore
725 1399 820 1428 unica
843 1403 890 1428 est
913 1397 1096 1428 conclusio:
1128 1395 1330 1426 Conveniens
1352 1395 1426 1436 fuit
1447 1394 1519 1425 ani-

450 1453 535 1474 mam
562 1443 683 1474 Christi
705 1451 906 1473 reassumere
929 1450 1047 1481 corpus
1070 1449 1142 1471 cum
1163 1439 1376 1470 cicatricibus.
1399 1438 1519 1469 Proba-

450 1494 502 1518 tur
525 1488 671 1528 quinque
694 1486 881 1522 rationibus,
906 1495 989 1526 quae
1005 1490 1115 1525 patent
1137 1485 1171 1515 in
1194 1484 1306 1514 littera.

506 1532 568 1563 Ubi
581 1531 708 1562 adverte
721 1530 811 1571 quod
822 1530 956 1566 Auctor,
970 1529 1188 1569 Augustinum
1201 1537 1349 1568 sequens,
1362 1527 1519 1558 rationem

1572 1305 1758 1336 cicatricum
1774 1303 1893 1335 Christi
1915 1313 1983 1334 non
2000 1313 2038 1334 ex
2052 1308 2142 1344 parte
2165 1302 2320 1343 corporis,
2337 1300 2393 1332 sed
2415 1301 2551 1338 animae,
2565 1298 2638 1332 red·

1573 1348 1631 1380 dit:
1649 1348 1805 1390 quoniam
1819 1356 1888 1379 non
1904 1347 1944 1378 ad
1958 1346 2231 1388 pulchritudinem
2250 1345 2404 1387 corporis,
2423 1344 2479 1376 sed
2501 1345 2637 1382 animae,

1572 1398 1726 1434 spectant.
1760 1393 1804 1424 Ut
1834 1392 1921 1423 enim
1943 1392 1977 1423 in
1999 1391 2209 1432 responsione
2232 1389 2273 1421 ad
2295 1389 2474 1421 secundum
2505 1388 2636 1426 dieitur,

1572 1442 1728 1479 apertura
1752 1436 1810 1468 illa
1836 1436 2006 1467 vulnerum
2030 1439 2294 1476 recompensatur
2314 1443 2378 1475 per
2403 1433 2561 1464 maiorem
2583 1431 2638 1464 de-

1573 1489 1702 1513 corem:
1730 1482 1764 1512 in
1794 1490 1862 1522 quo
1893 1485 2088 1511 monsnatur
2119 1478 2210 1520 quod
2242 1488 2280 1509 ex
2301 1483 2390 1519 parte
2423 1477 2567 1518 corporis
2589 1485 2639 1508 re-

1575 1525 1839 1566 compensatione
1862 1530 1943 1565 eget.
1967 1542 1989 1547 -
2011 1523 2148 1565 Reliqua
2171 1523 2253 1554 clara
2275 1528 2350 1553 sunt
2372 1522 2406 1553 in
2428 1521 2540 1553 littera.

2547 1591 2574 1615 'm
2590 1598 2599 1611 ‘a
