2872 3970
120 974 162 1019 ᾗ,
199 979 287 1019 fas·
311 974 526 1016 secundum
563 975 655 1017 illud
693 975 833 1015 Psalmi
857 976 896 1015 *z
934 977 1112 1015 Excelsus
1147 989 1259 1038 super

133 1060 147 1080 3„
199 1031 327 1070 omnes
343 1033 472 1078 gentes
488 1028 685 1076 Dominus,
704 1034 738 1066 et
754 1041 866 1078 super
883 1029 1005 1067 caelos
1022 1029 1147 1079 gloria
1168 1031 1254 1068 eius.

119 1092 142 1120 J
199 1079 278 1123 Sed
304 1079 490 1127 Christum,
509 1081 724 1121 secundum
745 1082 852 1130 quod
881 1082 1015 1127 homo,
1035 1082 1169 1120 habuit
1195 1094 1255 1120 co-

882 282 1145 330 QUAEsr1o
1173 286 1313 333 xmx,

1342 286 1632 327 ARTICULUS
1661 290 1709 327 VI
2300 299 2376 336 477

1011 474 1326 517 ARTICULUS
1357 476 1563 518 SEXTUS

592 563 749 596 UTRUM
772 564 986 599 eumerus
1008 566 1090 597 PER
1113 566 1231 598 SUAM
1254 568 1495 599 PAssmNEM
1518 570 1741 602 MERUEmT
1765 571 1983 601 EXALTARI

413 643 506 676 Supra,
523 650 569 679 qu.
587 650 636 674 xxx,
656 648 702 671 art.
723 643 750 674 33
770 652 815 676 qu.
833 651 898 674 uvt,
918 649 964 672 an.
986 652 1015 674 ις
1035 645 1107 676 infra,
1126 653 1171 679 qu.
1189 653 1239 675 uxr,
1259 651 1304 672 art.
1327 654 1358 676 2;
1378 654 1423 679 qu.
1441 655 1488 677 mx,
1508 654 1554 675 art
1576 648 1834 677 ³·1115em..di.st
1854 658 1923 679 xvm.
1943 656 1990 676 art.
2009 658 2034 682 4,
2054 651 2103 683 qu*
2124 650 2153 679 3;

714 679 756 704 De
778 678 866 708 Ver-it„
887 687 931 712 qu.
949 687 1015 710 xxvi,
1035 685 1083 705 nrt.
1101 679 1126 711 6,
1145 681 1176 705 ad
1195 688 1212 712 4
1231 680 1257 706 in
1277 666 1768 717 coner-r’ar.‚·Compend.771201.,c.ap
1788 691 1861 710 ccxi..

202 810 207 815 ι
272 802 285 807 ἢ
366 791 386 818 ι(
411 777 435 805 D
462 777 605 805 sex-suu
632 777 685 806 sic
712 777 946 806 Ριιοεειιιτυιι.
976 766 1135 805 Videtur
1153 767 1289 816 quod‘

203 841 206 844 -
254 817 370 874 '11⁴-
336 817 587 857 ‘acan-istus
605 829 675 866 per
693 830 805 857 suam
832 818 1053 867 passionem
1072 831 1152 857 non
1179 831 1259 857 rne-

267 851 383 921 ',;2‘?
412 869 487 909 ruit
511 870 677 907 exaltari.
708 870 814 908 Sicut
841 871 944 908 enim
972 871 1136 920 cognitio
1165 872 1258 908 veri-

272 929 287 944 *
373 912 495 959 tatis
523 929 579 959 est
605 922 807 975 proprium
835 924 931 972 Deo,
952 923 1002 961 ita
1030 932 1066 961 et
1088 923 1257 962 sublimi-

197 1132 408 1181 finitionem
435 1132 563 1170 omnis
587 1133 753 1170 veritatis
781 1145 860 1170 non
888 1146 934 1170 ex
962 1134 1093 1185 aliquo
1119 1134 1255 1171 merito

110 1203 129 1233 11
197 1183 450 1235 peucedani,
475 1186 542 1225 sed
570 1199 616 1223 ex
644 1185 726 1239 ipsa
753 1185 898 1227 unione
916 1186 988 1223 Dei
1016 1194 1052 1223 et
1070 1186 1253 1224 hominis·

111 1272 132 1289 .
197 1238 414 1289 secundum
440 1237 533 1280 illud
560 1239 664 1280 Ioan.
692 1251 702 1276 1
726 1238 761 1275 *ε
798 1239 961 1278 Vidimus
987 1240 1151 1290 gloriam
1179 1242 1255 1279 eius

121 1304 129 1314 ’
197 1292 304 1342 quasi
321 1290 515 1341 Unigeniti
538 1304 562 1329 a
579 1292 705 1340 Patre,
718 1292 873 1341 plenum
895 1293 1042 1342 gratiae
1064 1298 1097 1332 et
1121 1293 1253 1331 verita-

195 1343 255 1385 tu.
290 1343 395 1391 Ergo
425 1355 553 1393 neque
588 1343 857 1403 exaltationem
884 1344 1018 1383 habuit
1043 1357 1091 1382 ex
1118 1345 1253 1383 merito

195 1394 392 1446 passionis,
422 1396 489 1433 sed
517 1408 564 1433 ex
591 1398 672 1434 sola
699 1396 855 1434 unione.

250 1459 284 1485 2.
319 1449 558 1496 PRAETEREA,
589 1449 762 1486 Christus
794 1449 934 1486 meruit
970 1449 1041 1486 sibi
1077 1462 1099 1486 a
1126 1449 1252 1498 primo

103 1508 117 1517 ²
169 1499 346 1538 ,instanti
381 1513 473 1538 suae
510 1502 790 1551 conceptionis,
820 1510 861 1539 ut
898 1514 1014 1551 supra
1031 1502 1051 1524 ’¹‘
1079 1502 1252 1539 habitum

194 1560 260 1590 est.
290 1553 382 1590 Non
401 1561 532 1591 autem
560 1554 685 1591 maior
703 1554 836 1592 caritas
854 1553 922 1591 suit
949 1554 988 1591 in
1013 1567 1059 1591 eo
1079 1562 1252 1603 tempore

193 1605 381 1655 passionis
400 1619 520 1656 quam
539 1615 637 1644 ante.
660 1608 762 1644 Cum
781 1619 870 1655 ergo
890 1607 1023 1644 caritas
1043 1607 1088 1644 sit
1102 1619 1251 1644 meren-

193 1657 233 1696 di
263 1658 516 1708 principium,
545 1659 697 1697 videtur
724 1660 830 1709 quod
858 1672 939 1696 non
966 1659 1085 1707 magis
1114 1660 1253 1697 meruit

193 1721 263 1760 per
287 1711 509 1761 passionem
535 1724 646 1749 suam
671 1712 934 1750 exaltationem
956 1724 1075 1761 quam
1100 1719 1195 1749 ante.

247 1763 282 1800 3.
311 1764 543 1811 ΡιιΑΕτΕιιΕΑ,
563 1764 681 1813 gloria
708 1764 879 1814 corporis
899 1766 1051 1802 resultat
1070 1777 1115 1802 ex
1133 1765 1251 1813 gloria

193 1815 362 1854 animae:
393 1824 435 1854 ut
453 1817 688 1865 Augustinus
706 1817 807 1864 dicit,
827 1817 866 1854 in
886 1817 1056 1866 Epistola
1079 1818 1129 1854 ad
1145 1819 1250 1855 Dios-

130 1868 131 1872 ’
192 1881 323 1906 corum
341 1868 372 1906 ²¹⁸.
402 1869 479 1907 Sed
509 1869 681 1907 Christus
699 1882 769 1919 per
786 1870 1008 1919 passionem
1031 1882 1142 1906 suam
1170 1882 1250 1907 non

192 1921 332 1959 meruit
367 1922 634 1960 exaltationem
667 1930 856 1972 quantum
893 1923 941 1959 ad
975 1922 1132 1970 gloriam
1171 1922 1250 1959 ani-

114 1986 118 1991 ·
142 2004 146 2006 Ἴ
191 1985 295 2012 mae:
324 1973 416 2024 quia
433 1974 564 2012 anima
591 1975 673 2012 eius
690 1975 759 2012 fuit
777 1975 887 2012 beata
906 1988 929 2012 a
947 1975 1073 2024 primo
1099 1974 1250 2012 instanti

192 2038 284 2065 suae
318 2027 590 2076 conceptionis.
627 2028 728 2076 Ergo
761 2039 888 2077 neque
926 2027 1040 2064 etiam
1071 2040 1141 2077 per
1167 2040 1249 2076 pas-

191 2078 342 2139 sionem
370 2080 508 2117 meruit
527 2080 793 2118 exaltationem
815 2088 1001 2129 quantum
1023 2080 1071 2116 ad
1091 2080 1247 2128 gloriam

112 2145 140 2162 ε
191 2143 374 2182 corporis.

247 2185 321 2223 San
349 2197 493 2223 CONTRA
520 2197 585 2223 EST
613 2186 720 2234 quod
739 2184 875 2222 dicitur
893 2185 1048 2235 Philipp.
1070 2197 1090 2222 ιι
1108 2184 1147 2221 *ε
1176 2187 1249 2222 Fa-

191 2243 269 2275 ctus
295 2244 346 2275 est
373 2238 544 2276 obediens
580 2251 694 2288 usque
720 2238 771 2275 ad
796 2243 972 2284 mortem,
1002 2243 1158 2275 mortem
1186 2250 1249 2274 au-

190 2295 263 2328 tem
290 2292 432 2328 crucis:
452 2296 609 2341 propter
635 2291 735 2341 quod
753 2297 787 2327 et
803 2291 905 2327 Deus
933 2291 1107 2328 exaltavit
1133 2290 1248 2328 illum.

244 2343 467 2381 Responmzo
496 2356 676 2381 memnon
714 2343 820 2393 quod
857 2342 1038 2380 meritum
1071 2342 1262 2392 importat

191 2396 389 2445 quandam
416 2395 684 2458 aequalitatem
711 2395 891 2433 iustitiae:
921 2395 1025 2433 unde
1043 2397 1250 2445 Apostolus

110 2454 114 2467 ’·
159 2490 165 2495 ,
191 2448 280 2486 dicit
299 2453 317 2470 ²
334 2448 372 2485 *z
401 2450 451 2486 Ei
468 2451 531 2499 qui
548 2455 735 2499 operatur,
750 2461 890 2486 merces
908 2450 1131 2498 imputatur
1125 2457 1251 2497 secun-
1259 2491 1262 2493 ,
1283 2478 1293 2495 .:

192 2501 280 2539 dum
307 2501 477 2539 debitum.
508 2502 609 2539 Cum
639 2509 769 2539 autem
797 2501 932 2550 aliquis
951 2513 997 2537 ex
1017 2513 1086 2538 sua
1114 2500 1252 2538 iniusta

191 2554 387 2591 voluntate
415 2553 486 2591 sibi
513 2554 681 2592 attribuit
707 2556 804 2613 plus·
822 2566 941 2603 quam
969 2554 1164 2600 debeatur,
1194 2553 1250 2590 iu-

193 2613 295 2644 stum
329 2614 384 2643 est
417 2614 460 2644 ut
486 2606 724 2644 diminuatur
759 2606 873 2643 etiam
901 2614 1090 2655 quantum
1127 2606 1175 2643 ad
1212 2606 1250 2643 id

192 2659 299 2708 quod
336 2658 407 2696 sibi
447 2659 675 2696 debebatur:
719 2659 831 2706 sicut,
867 2671 952 2695 cum
978 2660 1137 2707 juratur
1173 2660 1251 2708 quis

193 2723 307 2749 unam
339 2723 466 2758 ovem,
500 2712 624 2749 reddet
663 2718 840 2762 quatuor,
873 2719 915 2748 ut
955 2711 1092 2748 dicitur
1128 2712 1249 2748 Exod.

192 2775 262 2801 xxti
279 2763 310 2801 *.
340 2765 389 2801 Et
406 2764 482 2802 hoc
501 2763 637 2802 dicitur
655 2764 804 2812 mereri,
826 2764 1053 2813 inquantum
1083 2776 1151 2813 per
1177 2764 1251 2800 hoc

191 2815 349 2866 punitur
382 2817 491 2854 cuius
523 2825 579 2854 est
598 2816 613 2846 β
640 2816 772 2866 iniqua
805 2818 993 2854 voluntas.
1033 2818 1085 2853 Ita
1117 2816 1249 2863 etiam,

193 2880 284 2906 cum
302 2868 438 2919 aliquis
456 2868 527 2906 sibi
546 2882 592 2906 ex
610 2869 708 2906 iusta
726 2871 920 2906 voluntate
940 2868 1125 2906 subtrahit
1144 2869 1250 2918 quod

193 2921 357 2959 debebat
383 2922 536 2968 habere,
557 2930 726 2959 meretur
752 2929 794 2958 ut
817 2921 887 2958 sibi
915 2921 1080 2970 amplius
1108 2921 1250 2970 aliquid

128 2987 134 2994 ·
192 2973 481 3023 superaddatur,
502 2974 612 3023 quasi
639 2986 785 3011 merces
813 2974 932 3011 iustae
958 2973 1174 3010 voluntatis.
1203 2974 1251 3010 Et

193 3025 281 3065 inde
309 3034 365 3064 est
383 3027 503 3076 quod,
523 3026 619 3064 sicut
646 3026 782 3063 dicitur
799 3027 894 3063 Luc.
915 3038 973 3062 xw
991 3026 1022 3069 ³⁸,
1053 3028 1116 3075 qui
1130 3038 1170 3063 se
1187 3027 1250 3062 hu-

192 3079 320 3125 miliat,
349 3080 581 3116 exaltabitur.

247 3131 420 3168 Christus
447 3139 577 3168 autem
605 3131 645 3168 in
673 3143 743 3168 sua
769 3130 947 3179 passione
982 3130 1152 3179 seipsum
1180 3131 1250 3166 hu-

193 3182 352 3221 miliavit
378 3183 474 3220 infra
493 3195 602 3220 suam
623 3182 854 3232 dignitatem,
875 3190 1064 3232 quantum
1090 3183 1138 3219 ad
1157 3194 1250 3231 qua-

126 3266 133 3274 .
193 3242 291 3273 tuor.
320 3235 451 3273 Primo
480 3235 651 3285 quidem,
675 3242 861 3284 quantum
892 3235 940 3272 ad
968 3234 1187 3284 passionem
1215 3241 1251 3270 et

193 3296 370 3331 mortem,
386 3287 495 3325 cuius
514 3287 663 3325 debitor
676 3299 756 3325 non
771 3295 860 3324 erat.
876 3309 901 3314 -
922 3286 1113 3330 Secundo,
1130 3298 1250 3335 quan-

115 3335 146 3385 ³.
193 3347 277 3378 tum
303 3340 353 3378 ad
380 3342 528 3378 locum:
559 3340 650 3389 quia
676 3352 817 3389 corpus
836 3339 918 3376 eius
936 3338 1105 3388 positum
1133 3346 1187 3375 est
1210 3338 1249 3375 in

115 3395 116 3398 ’
194 3394 381 3443 sepulcro,
401 3393 529 3430 anima
548 3392 587 3429 in
606 3392 764 3429 inferno.
785 3414 810 3418 -
830 3391 972 3438 Tertio,
992 3398 1180 3439 quantum
1200 3391 1247 3427 ad

194 3445 460 3483 contusionem
474 3452 511 3482 et
525 3445 731 3495 opprobria
746 3457 845 3494 quae
861 3443 1078 3481 sustinuit.-
1090 3443 1249 3490 Quarto,

249 3573 277 3610 α)
295 3575 368 3601 dicit.
385 3590 405 3595 —
422 3576 526 3601 Addunt
543 3576 620 3602 Rom.
641 3576 682 3600 IV
697 3575 764 3606 sco,
783 3574 854 3607 quod
873 3574 904 3603 Ic,
924 3574 1002 3598 Rom.
1021 3573 1063 3598 IV
1077 3573 1148 3606 quod
1166 3573 1195 3599 P.

1315 776 1504 817 quantum
1523 770 1572 806 ad
1586 770 1661 808 hoc
1680 771 1786 819 quod
1806 779 1861 808 est
1879 771 2036 810 traditus
2051 772 2245 812 humanae
2263 782 2368 823 pote-

1314 820 1414 858 stati:
1440 822 1655 860 secundum
1674 823 1806 872 quod
1797 836 1878 872 ipse
1896 824 1984 861 dicit
2003 824 2134 871 Pilato,
2151 827 2365 863 loan.x1x*:

1313 874 1402 910 Non
1423 875 1575 911 haberes
1594 877 1630 911 in
1651 888 1711 912 me
1723 882 1949 925 potestatem,
1971 878 2042 913 nisi
2058 878 2182 914 datum
2202 880 2267 916 tibi
2271 880 2366 927 suis-

1312 931 1363 962 set
1389 926 1554 976 desuper.

1365 978 1413 1014 Et
1440 977 1527 1016 ideo
1546 991 1615 1029 per
1643 990 1753 1016 suam
1771 979 1991 1029 passionem
2010 981 2149 1021 meruit
2176 983 2365 1021 exaltatio-

1310 1042 1402 1068 nem
1421 1039 1611 1080 quantum
1630 1033 1678 1070 ad
1697 1040 1873 1081 quatuor.
1904 1032 2033 1072 Primo
2053 1034 2224 1083 quidem,
2243 1048 2364 1095 quan-

1310 1090 1393 1120 tum
1412 1084 1461 1121 ad
1481 1084 1795 1156 resurrectionem
1807 1085 2030 1149 gloriosam.
2051 1087 2161 1124 Unde
2177 1087 2335 1125 dicitur'
2326 1100 2365 1125 m

1310 1187 1563 1226 humilitatem
1590 1200 1700 1227 meae
1726 1188 1913 1238 passionis
1930 1190 1966 1236 ²¹,
1996 1197 2029 1227 et
2061 1170 2364 1230 resurrectionem

1309 1251 1442 1277 meam.
1472 1262 1497 1267 —
1527 1240 1718 1287 Secundo,
1743 1249 1931 1292 quantum
1959 1243 2007 1280 ad
2035 1243 2297 1282 ascensionem
2326 1246 2364 1282 in

1308 1293 1469 1331 caelum.
1491 1292 1602 1330 Unde
1621 1292 1757 1331 dicitur
1770 1294 1952 1343 Ephes.1v
1970 1295 2010 1332 *z
2031 1295 2225 1333 Descendit
2238 1300 2364 1346 primo

1308 1346 1346 1382 in
1374 1346 1569 1393 inferiores
1590 1352 1717 1394 partes
1743 1352 1885 1383 terrae.-
1925 1349 1988 1396 qui
2017 1354 2139 1385 autem
2166 1349 2363 1396 descendit,

1308 1399 1384 1447 ipse
1397 1403 1447 1434 est
1466 1404 1499 1434 et
1513 1400 1576 1447 qui
1592 1399 1752 1435 ascendit
1766 1411 1877 1448 super
1891 1412 2018 1437 omnes
2032 1401 2162 1437 caelos.
2180 1423 2204 1427 -
2219 1396 2367 1445 Tertio,

1308 1458 1496 1499 quantum
1515 1451 1563 1487 ad
1583 1463 1806 1487 consessum
1825 1460 2004 1500 paternae
2024 1453 2210 1496 dexterae,
2232 1462 2267 1490 et
2286 1467 2363 1491 ma-

1307 1502 1584 1540 nifestationem
1612 1502 1814 1540 divinitatis
1846 1504 1981 1553 ipsius:
2021 1506 2235 1542 secundnm
2271 1506 2362 1543 illud

1307 1555 1422 1592 Isaiae
1451 1567 1495 1592 LII
1516 1555 1555 1591 ³¹²:
1585 1556 1820 1593 Exaltabitur
1847 1563 1880 1593 et
1907 1558 2116 1604 elevabitur,
2142 1565 2174 1595 et
2200 1560 2364 1596 sublimis
2390 1569 2400 1578 ·
2437 1573 2471 1588 ers
2492 1574 2499 1589 ι
2539 1575 2546 1589 ι

1306 1610 1373 1644 erit
1399 1608 1523 1645 valde.-
1547 1610 1638 1644 sicut
1657 1610 1916 1669 obstupuerunt
1937 1622 2047 1659 super
2075 1623 2157 1647 eum
2177 1612 2292 1657 multi,
2311 1614 2363 1648 sic

1306 1661 1487 1710 inglorius
1506 1662 1572 1697 erit
1596 1662 1689 1697 inter
1707 1662 1806 1698 viros
1830 1668 1994 1711 aspectus
2019 1664 2105 1699 eius.
2140 1664 2187 1699 Et
2205 1664 2360 1713 Philipp.

1305 1725 1325 1749 11
1344 1713 1364 1734 ’¹⁶
1378 1712 1532 1750 dicitur:
1563 1715 1696 1751 Factus
1715 1720 1765 1750 est
1792 1715 1961 1751 obediens
1987 1727 2099 1764 usque
2117 1716 2168 1752 ad
2192 1722 2360 1762 mortem,
2389 1727 2400 1738 ·
2428 1726 2472 1748 'us

1305 1771 1461 1802 mortem
1490 1771 1611 1802 autem
1630 1768 1768 1803 crucis.-
1789 1773 1944 1816 propter
1963 1768 2061 1816 quod
2082 1774 2114 1804 et
2132 1769 2234 1804 Deus
2261 1769 2361 1805 exal-

1304 1820 1391 1855 tavit
1417 1818 1531 1863 illum,
1553 1824 1585 1854 et
1603 1819 1698 1854 dedit
1717 1819 1770 1855 illi
1788 1831 1921 1856 nomen
1943 1820 2040 1868 quod
2057 1826 2107 1856 est
2124 1832 2235 1869 super
2253 1833 2363 1857 omne

1306 1883 1453 1916 nomen,
1479 1877 1521 1906 ut
1548 1870 1685 1907 scilicet
1713 1871 1760 1907 ab
1790 1871 1970 1908 omnibus
1999 1871 2218 1908 nominetur
2244 1873 2361 1919 Deus,

1305 1931 1340 1959 et
1368 1934 1504 1959 omnes
1532 1922 1603 1959 sibi
1630 1923 1881 1960 reverentiam
1914 1923 2117 1960 exhibeant
2144 1924 2238 1960 sicut
2266 1925 2360 1962 Deo.

1305 1976 1352 2012 Et
1366 1976 1442 2012 hoc
1456 1983 1511 2011 est
1525 1975 1631 2024 quod
1647 1975 1864 2012 subditur*:
1882 1982 1919 2012 ut
1933 1979 1969 2012 in
1991 1978 2140 2013 nomine
2152 1978 2236 2013 Iesu
2254 1989 2364 2014 omne

1303 2040 1403 2078 genu
1423 2029 1609 2077 flectatur,
1630 2029 1852 2074 caelestium,
1882 2031 2107 2065 terrestrium
2139 2035 2172 2065 et
2199 2030 2362 2077 inferno-

1305 2093 1400 2117 rum.
1421 2102 1446 2106 —
1475 2081 1635 2127 Quart0‚
1657 2088 1845 2128 quantum
1871 2081 1919 2117 ad
1946 2080 2180 2118 iudiciariam
2199 2089 2361 2130 potesta-

1303 2141 1392 2169 tem
1413 2132 1560 2178 Dicitur
1578 2132 1681 2169 enim
1695 2134 1764 2169 Iob
1777 2133 1934 2169 xxxw*:
1960 2135 2082 2170 Causa
2095 2140 2158 2170 tua
2178 2135 2283 2183 quasi
2295 2136 2361 2171 im-

1298 2187 1356 2235 pii
1385 2185 1544 2222 iudicata
1571 2190 1640 2222 est:
1667 2185 1839 2221 iudicium
1868 2197 2091 2244 causamque
2118 2188 2279 2235 recipies.

1356 2239 1413 2274 An
1433 2249 1566 2275 PRIMUM
1586 2249 1683 2274 ERGO
1703 2249 1883 2274 mci-:NDUM
1903 2238 2008 2286 quod
2027 2237 2259 2287 principium
2283 2251 2359 2275 me-

1303 2289 1413 2327 rendi
1450 2298 1505 2326 est
1541 2302 1587 2326 ex
1614 2297 1720 2339 parte
1757 2289 1928 2326 animae:
1968 2302 2108 2339 corpus
2143 2298 2271 2327 autem
2306 2299 2360 2328 est

1304 2343 1601 2380 instrumentum
1629 2342 1809 2379 meritorii
1838 2350 1953 2379 actus,
1990 2343 2038 2379 Et
2065 2342 2152 2379 ideo
2163 2343 2358 2402 perfectio

1303 2395 1455 2433 animae
1489 2394 1648 2438 Christi,
1679 2407 1777 2444 quae
1811 2394 1879 2431 fuit
1906 2394 2078 2431 merendi
2114 2394 2356 2454 principium,

1303 2454 1385 2486 non
1411 2447 1573 2485 debuit
1565 2459 1603 2484 m
1624 2459 1669 2483 eo
1690 2447 1833 2496 acquiri
1860 2459 1929 2496 per
1947 2447 2138 2506 meritum,
2160 2447 2254 2484 sicut
2274 2460 2358 2498 per-

1303 2494 1412 2538 fectio
1442 2500 1623 2559 corporis,
1649 2500 1754 2548 quod
1782 2499 1850 2536 fuit
1876 2499 2044 2548 passioni
2072 2499 2296 2547 subiectum,
2323 2509 2359 2538 et

1303 2565 1372 2603 per
1399 2554 1474 2590 hoc
1502 2552 1570 2589 fuit
1598 2552 1715 2601 ipsius
1743 2551 1866 2588 meriti
1894 2552 2200 2589 instrumentum.

1356 2607 1412 2643 AD
1445 2617 1632 2642 SECUNDUM
1669 2617 1847 2642 DICENDUM
1884 2605 1989 2653 quod
2017 2617 2086 2653 per
2117 2604 2243 2653 priora
2278 2617 2356 2641 me-

1305 2658 1373 2695 rita
1402 2657 1574 2694 Christus
1602 2657 1740 2694 meruit
1759 2657 2023 2694 exaltationem
2043 2670 2087 2694 ex
2107 2665 2211 2705 parte
2240 2656 2357 2706 ipsius

1305 2711 1468 2755 animae,
1488 2709 1597 2747 cuius
1620 2711 1797 2746 voluntas
1825 2709 1974 2746 caritate
2003 2716 2038 2745 et
2061 2709 2139 2745 aliis
2158 2709 2356 2746 virtutibus

1304 2763 1591 2800 informabatur.
1622 2762 1697 2799 Sed
1717 2762 1755 2798 in
1773 2761 1950 2810 passione
1970 2761 2107 2798 meruit
2126 2774 2235 2798 suam
2259 2763 2356 2798 exal-

1304 2815 1498 2860 tationem,
1522 2827 1592 2863 per
1619 2814 1782 2851 modum
1810 2813 2011 2850 cuiusdam
2039 2813 2356 2862 recompensatio-

1306 2868 1375 2914 nis,
1397 2867 1510 2904 etiam
1539 2879 1584 2903 ex
1604 2874 1708 2915 parte
1737 2865 1923 2914 corporis:
1954 2865 2095 2902 iustum
2116 2865 2219 2902 enim
2243 2873 2297 2902 est
2315 2874 2357 2902 ut

1305 2933 1461 2969 corpus,
1492 2919 1597 2968 quod
1629 2919 1749 2955 fuerat
1783 2930 1829 2954 ex
1857 2917 2006 2954 caritate
2041 2917 2207 2966 passioni
2235 2918 2356 2955 subie-

1305 2981 1421 3018 ctum,
1451 2971 1636 3020 acciperet
1664 2969 2058 3019 recompensationem
2087 2969 2125 3006 in
2153 2969 2280 3017 gloria.

1358 3026 1414 3061 AD
1441 3035 1597 3060 TERTmM
1624 3035 1802 3059 mcaNDUM
1829 3022 1934 3071 quod
1956 3021 2235 3071 dispensatione
2263 3035 2355 3071 qua·

1304 3078 1394 3113 dam
1422 3077 1562 3113 factum
1583 3083 1636 3111 est
1655 3075 1694 3111 in
1715 3074 1865 3111 Christo
1885 3082 1926 3111 ut
1944 3074 2060 3122 gloria
2089 3074 2250 3120 animae,
2270 3083 2356 3112 ante

1304 3128 1540 3178 passionem,
1571 3139 1649 3164 non
1678 3127 1906 3163 redundaret
1938 3127 1986 3163 ad
2014 3138 2171 3175 corPUS,
2201 3126 2249 3163 ad
2282 3128 2356 3164 hoc

1304 3181 1410 3230 quod
1446 3180 1605 3228 gloriam
1642 3179 1812 3228 corporis
1850 3178 2110 3215 honorabilius
2152 3178 2355 3223 obtineret,

1305 3233 1461 3282 quando
1490 3245 1575 3269 eam
1603 3244 1672 3281 per
1699 3231 1917 3280 passionem
1945 3230 2153 3268 meruisset.
2186 3230 2357 3268 Gloriam

1304 3293 1430 3322 autem
1452 3285 1602 3321 animae
1621 3283 1762 3320 differri
1782 3296 1861 3320 non
1881 3283 2147 3321 conveniebat:
2171 3283 2261 3332 quia
2281 3283 2356 3320 ani-

1305 3350 1369 3375 ma
1387 3336 1605 3374 immediate
1625 3336 1828 3373 uniebatur
1841 3336 1981 3382 Verbo,
1999 3336 2102 3372 unde
2122 3336 2260 3372 decens
2279 3343 2358 3372 erat

1305 3398 1347 3427 ut
1373 3390 1490 3438 gloria
1518 3390 1724 3438 repleretur
1751 3389 1799 3425 ab
1828 3388 1910 3438 ipso
1938 3388 2078 3425 Verbo.
2113 3388 2188 3425 Sed
2217 3399 2357 3437 corpus

1304 3442 1507 3479 uniebatur
1533 3441 1661 3478 Verbo
1690 3441 1880 3478 mediante
1909 3440 2047 3477 anima.

1355 3571 1381 3606 β)
1399 3572 1474 3597 cuius
1492 3576 1538 3597 est.
1557 3586 1575 3590 —
1593 3572 1648 3597 eius
1666 3571 1748 3596 tertia.

2397 831 2406 841 ⁸
2421 830 2484 852 Vers.
2502 839 2534 854 ιι.

2392 1182 2477 1198 ven-2

2394 1206 2452 1228 ’Cfi
2469 1207 2526 1228 Glos
2575 1214 2600 1229 n-

2391 1236 2413 1253 te
2415 1233 2465 1254 ri.1n
2481 1237 2502 1254 et
2515 1214 2552 1255 sLo
2555 1234 2605 1255 mb.

2392 1308 2402 1319 ·
2417 1308 2482 1329 Vers.
2497 1315 2518 1336 9,
2535 1316 2569 1331 ιυ.

2391 1986 2400 1996 ·
2416 1985 2479 2007 Vers.
2496 1993 2531 2008 ιο.

2390 2144 2400 2154 ”
2413 2143 2479 2165 Vers.
2495 2149 2527 2170 ¹7.
