2872 3970
16 410 37 425 '¹'
58 405 80 446 ⁵2,
98 414 122 449 r]
151 408 171 427 '⁴
201 412 391 451 bantinum
418 413 483 448 iste
502 423 629 448 sensus
656 417 706 447 est
731 411 822 448 nihil
849 412 920 448 nisi
944 423 1106 461 corpora
1132 425 1156 450 v

130 1950 148 1985 ,μ
227 1951 291 1992 ,η’ὶῖἶῇ(
308 1952 317 1980 ι.

112 2011 116 2018 >
204 2023 207 2027 ι
227 1979 320 2043 *Δ

50 2036 53 2043 v
246 2029 259 2044 «Υ,

114 2087 119 2095 ⁴
134 2084 139 2095 ι

875 281 1136 328 QUAESTIO
1166 284 1306 331 XXXI,
1336 285 1627 324 ARTICULUS
1655 287 1691 323 v

156 381 160 390 ·
201 361 292 411 pitis.
321 360 370 397 Ut
396 358 500 396 enim
525 358 615 395 dicit
639 358 682 395 in'
703 358 873 408 Epistola
891 359 942 395 ad
966 360 1203 397 Volusianum
1222 360 1253 408 ²⁸³,
1309 370 1391 399 cato
1418 363 1660 411 proveniens,
1680 373 1795 413 prout
1823 378 1914 402 cum
1941 366 2096 404 libidine
2120 367 2254 417 aliquis
2274 380 2365 406 con-

3 440 5 442 ,
58 450 61 452 μ
128 463 129 466 ¹
1157 413 1254 450 alen·
1308 414 1444 463 cipitur
1471 428 1518 452 ex
1546 417 1818 454 commixtione
1846 418 1960 455 maris
1987 427 2023 455 et
2041 419 2215 458 feminae.
2246 421 2366 468 Quod

55 485 177 522 „³
201 467 291 506 tium
315 465 492 514 cogitare,
521 475 678 513 quorum
707 463 848 500 nullum
871 469 989 513 potest
1020 476 1096 501 esse
1123 467 1255 514 ubique
1308 474 1437 503 tamen
1474 467 1512 504 in
1552 468 1702 506 Christo
1735 482 1815 506 non
1851 470 1935 507 fuit:
1975 479 2016 508 ut
2052 484 2168 521 supra
2192 473 2212 494 *
2240 481 2364 510 osten-

200 522 334 563 mmm,
361 517 537 565 quoniam
567 528 640 565 per
675 516 960 553 innumerabiles
990 523 1118 565 partes
1153 518 1256 554 aliud

0 552 2 558 Ι
139 610 141 612 ,
200 569 290 608 αἱίὸὶ
312 569 444 606 habeat
478 580 623 606 necesse
649 574 710 605 est.
739 570 872 618 Longe
907 569 1010 605 aliud
1035 575 1085 606 est
1119 576 1254 607 natura

199 622 349 660 aniame
378 633 490 670 quam
523 622 702 670 corpon’s.
744 621 891 663 Quanto
923 623 1046 671 magis
1071 623 1163 668 Dei,
1193 624 1256 672 qui

35 683 67 706 ·‘
106 664 182 726 ἷζώῑ
203 674 359 712 Creator
375 679 426 710 est
443 675 592 710 animae
610 679 644 710 et
661 675 828 722 corporis
837 672 851 710 .'
869 674 984 711 Novit
1003 675 1135 723 ubique
1161 680 1254 711 totus

53 740 56 747 ⁴
122 724 162 764 f*
199 738 285 772 esse,
305 731 339 763 et
361 726 461 763 nullo
489 727 673 763 contineri
697 725 800 770 loco;
828 727 927 764 novit
944 728 1082 772 venire,
1103 740 1177 764 non
1199 740 1253 764 re—

199 778 449 817 cedendowuhi
473 784 572 823 erat,·
600 780 700 816 novit
717 779 833 824 abire,
854 791 929 815 non
957 779 1157 816 deserendo
1182 792 1252 829 quo

198 836 358 870 merul.

250 884 309 921 An
333 895 492 921 'marium
510 895 692 920 mci-:unum
720 884 826 932 quod
847 883 886 920 in
905 884 1155 933 conceptione
1183 884 1254 922 viri

199 948 246 975 ex
271 935 414 974 femina
438 947 520 973 non
554 944 609 972 est
636 936 779 985 aliquid
814 935 1064 974 immundum
1091 937 1253 986 inquan-

136 1021 141 1031 ,ί
199 997 283 1027 tum
309 995 365 1026 est
392 1000 490 1037 opus
513 988 605 1025 Dei:
635 989 738 1026 unde
767 988 904 1026 dicitur
926 990 1007 1026 Act.
1032 1002 1057 1027 X
1074 989 1110 1026 *:
1147 990 1256 1032 Quod

15 1080 17 1089 ,
45 1043 47 1051 ²
197 1042 467 1087 Deuscreavit,
476 1047 514 1078 tu
529 1053 577 1078 ne
593 1053 792 1085 commune
809 1042 959 1087 dixeris,
973 1041 1070 1079 idest
1088 1042 1253 1079 immun-

144 1098 174 1114 '
197 1093 305 1132 dum.
337 1094 404 1131 Est
430 1101 561 1131 tamen
588 1093 716 1143 aliqua
743 1094 795 1130 ibi
822 1093 1066 1132 immunditia
1093 1107 1139 1132 ex
1167 1107 1254 1144 pec-

2294 289 2368 338 327

1308 531 1396 556 sum
1424 528 1489 556 est.

1361 571 1401 608 Si
1428 580 1558 609 tamen
1593 573 1720 623 aliqua
1748 574 1799 611 ibi
1834 583 1930 611 esset
1957 575 2215 623 immunditia,
2246 591 2292 614 ex
2320 591 2365 615 ea

1307 635 1388 660 non
1406 624 1670 673 inquinaretur
1689 627 1760 663 Dei
1779 628 1963 674 Verbum,
1985 629 2091 677 quod
2118 631 2224 666 nullo
2244 631 2363 668 modo

1307 684 1363 712 est
1390 678 1573 715 mutabile
1593 683 1616 715 Ε.
1652 679 1764 716 Unde
1799 680 2032 728 Augustinus
2061 681 2165 729 dicit,
2195 682 2234 719 in
2267 682 2363 720 libro

1307 735 1437 766 contra
1471 731 1640 780 Quinque
1666 733 1852 769 Haereses
1870 733 1907 769 *ε
1941 734 2040 770 Dicit
2066 735 2180 781 Deus,
2209 736 2365 772 Creator

1307 783 1485 818 hominis:
1523 784 1622 825 Quid
1647 790 1697 820 est
1725 785 1824 834 quod
1848 791 1882 822 te
1902 793 2095 835 permovet
2122 789 2159 824 in
2188 800 2272 825 mea
2301 801 2364 825 na-

1306 834 1471 871 tivitate?
1507 836 1596 872 Non
1624 849 1706 873 sum
1738 837 1897 875 libidinis
1931 846 2124 889 conceptus
2158 841 2362 890 cupiditate.

1306 888 1391 936 Ego
1411 893 1568 924 matrem
1588 889 1633 925 de
1651 902 1723 938 qua
1752 902 1935 937 nascerer,
1947 892 2039 939 feci.
2069 894 2110 929 Si
2125 893 2211 930 solis
2239 893 2365 930 radius

1307 939 1520 976 cloacarum
1547 942 1674 978 sordes
1698 944 1840 979 siccare
1867 946 1976 990 novit,
2005 947 2054 981 eis
2082 947 2272 994 inquinari
2289 958 2363 983 non

1309 993 1427 1029 novit:
1454 993 1567 1030 multo
1595 996 1717 1044 magis
1745 996 1925 1044 Splendor
1952 997 2042 1034 lucis
2069 1003 2252 1044 aeternae,
2279 1011 2363 1047 quo-

1308 1056 1464 1093 cumque
1492 1046 1691 1083 radiaverit
1709 1048 1892 1085 mundare
1904 1055 2033 1099 potest,
2054 1052 2130 1099 ipse
2151 1051 2272 1100 pollui
2289 1063 2362 1088 non

1303 1102 1431 1145 potest.

206 1221 211 1225 “
247 1221 270 1258 ι)
289 1223 422 1250 mutabile.
434 1223 630 1249 —immutabile
642 1225 674 1254 H,
688 1224 852 1250 immutabile
865 1225 906 1250 vel
920 1225 1087 1250 inalterabile
1099 1225 1117 1254 Ι,
1131 1225 1256 1250 mutabile
1275 1232 1322 1251 nec
1339 1226 1477 1251 alterabile
1496 1227 1533 1257 bc,
1554 1227 1717 1254 immutabile
1738 1230 1779 1254 vel
1796 1231 1934 1256 alter-abile
1953 1232 1980 1255 Ρ.

865 1314 1199 1347 Commentaria
1220 1314 1471 1348 Cardinalis
1493 1315 1691 1350 Caietani
1730 1340 1732 1342 -

196 1414 358 1482 Tamus
380 1405 491 1436 clarus.
514 1423 538 1428 -
564 1406 600 1436 In
623 1415 757 1446 corpore
785 1406 880 1436 unica
910 1406 1093 1437 conclusio:
1127 1406 1250 1438 Conve-

238 1442 482 1483 s‘m'entissimum
495 1450 569 1491 fuit
591 1455 627 1480 ut
641 1450 680 1481 de
692 1450 822 1492 semina
846 1459 976 1481 carnem
999 1455 1175 1481 assumeret
1195 1452 1250 1482 Fi-

33 1482 36 1488 Ι
110 1493 142 1534 js]
195 1493 257 1530 lius
277 1493 349 1525 Dei.
372 1493 527 1525 Probatur
548 1494 720 1535 tripliciter.
745 1493 863 1524 Omnia
885 1493 967 1525 clara
989 1499 1072 1525 sunt.

1360 1401 1396 1432 ln
1414 1405 1622 1443 responsione
1646 1405 1685 1435 ad
1700 1408 1838 1442 tertium,
1861 1406 1934 1438 vide
1957 1407 2046 1447 quod
2069 1407 2236 1448 dupliciter
2259 1409 2365 1440 exclu-

1306 1446 1389 1477 ditur
1412 1450 1628 1481 immunditia:
1661 1456 1692 1481 et
1715 1452 1753 1481 ab
1776 1451 1988 1487 humanitate,
2012 1453 2115 1492 prima
2137 1454 2363 1493 responsione;

1307 1498 1338 1523 et
1360 1502 1378 1522 a
1400 1495 1507 1526 Verbo
1531 1495 1600 1531 Dei,
1625 1494 1764 1525 secunda
1786 1496 2003 1535 responsione.

978 1675 1293 1718 ARTICULUS
1325 1677 1580 1729 QUINTUS

382 1770 538 1801 UTRUM
562 1769 680 1801 CARo
705 1769 877 1801 CHRISTI
900 1770 1059 1801 FUERIT
1084 1769 1320 1801 CONCEPTA
1345 1770 1403 1800 EX
1425 1770 1656 1801 PURISSIMIS
1679 1771 1964 1802 SANGUINIBUS
1987 1771 2172 1802 VIRG1N1s

1034 1847 1064 1872 111
1084 1848 1167 1877 Sent„
1188 1848 1247 1873 dist.
1265 1855 1302 1878 111,
1322 1856 1366 1880 qu.
1386 1856 1409 1879 v,
1429 1853 1476 1874 art.
1497 1855 1521 1874 ι.

281 1952 284 1959 ’
343 1961 353 1981 2
377 1956 379 1958 v
402 1948 425 1973 D
445 1948 606 1979 QUxNTUM
625 1948 676 1973 sm
697 1948 931 1973 PROCEDITUR.
961 1935 1122 1972 Videtur
1144 1936 1251 1985 quod

322 1975 492 2046 (ξξσπεειω
531 1988 670 2026 Christi
711 2001 791 2026 non
831 1988 942 2026 fuerit
983 1997 1169 2038 concepta
1205 2001 1251 2026 ex

203 2043 247 2089 <V
262 2054 330 2093 ἓν,
349 2042 373 2079 ‘6
401 2041 615 2092 purissimis
633 2041 882 2090 sanguinibus
901 2041 1074 2090 Virginis.
1104 2041 1252 2078 Dicitur

362 2084 505 2132 enim
535 2094 575 2132 in
595 2095 763 2132 Collecta
779 2094 800 2116 '¹‘
827 2095 935 2144 quod
956 2095 1062 2131 Deus
1089 2096 1249 2131 Verbum

131 2140 169 2175 2³·
192 2148 299 2196 suum
327 2148 372 2184 de
397 2149 551 2198 Virgine
569 2159 721 2185 carnem
748 2159 895 2184 sumere
913 2147 1035 2185 voluit.
1066 2147 1142 2184 Sed
1162 2159 1250 2184 caro

133 2198 138 2216 ‘⁷
162 2222 171 2231 .
193 2198 317 2246 differt
344 2213 367 2238 a
394 2200 577 2249 sanguine
598 2205 626 2237 α.
656 2201 757 2248 Ergo
777 2212 918 2249 corpus
938 2199 1077 2238 Christi
1095 2211 1176 2237 non
1196 2207 1251 2236 est

122 2275 124 2279 >
194 2261 390 2304 sumptum
420 2253 468 2290 de
496 2253 680 2302 sanguine
706 2252 881 2301 Virginis.

246 2316 281 2344 2.
310 2307 541 2354 PRAETEREA,
562 2305 658 2343 sicut
675 2305 814 2343 mulier
832 2306 994 2343 formata
1013 2313 1067 2342 est
1086 2305 1249 2342 miracu-

44 2366 46 2375 '
66 2347 68 2349 ‚
193 2359 272 2397 lose
290 2359 338 2397 de
361 2359 457 2406 viro,
477 2359 528 2396 ita
546 2371 686 2409 corpus
707 2358 845 2396 Christi
863 2357 1091 2395 miraculose
1109 2358 1248 2396 forma-

193 2414 276 2451 tum
294 2419 350 2450 est
368 2412 416 2451 de
434 2411 598 2465 Virgine.
630 2412 707 2450 Sed
732 2411 871 2449 mulier
898 2423 978 2448 non
1004 2410 1140 2448 dicitur
1167 2423 1249 2448 esse

51 2461 65 2512 ᾖ
193 2462 353 2503 formata
378 2465 426 2502 de
451 2465 634 2513 sanguine
659 2464 741 2511 viri,
766 2464 833 2501 sed
857 2463 977 2512 magis
1001 2464 1048 2500 de
1075 2476 1187 2501 carne
1213 2471 1249 2501 et

44 2522 62 2553 f
193 2516 342 2556 ossibus
355 2517 454 2555 eius:
470 2517 685 2555 secundum
699 2517 792 2555 illud
807 2517 912 2566 quod
927 2516 1064 2554 dicitur
1081 2517 1171 2554 Gen.
1183 2516 1246 2553 11²⁸:

58 2571 60 2575 “
111 2573 115 2602 -ἶ
159 2614 163 2621 2
193 2569 281 2608 Hoc
307 2582 406 2608 nunc
437 2583 480 2616 os
506 2579 556 2607 ex
582 2572 719 2608 ossibus
746 2572 856 2616 meis,
884 2576 917 2606 et
944 2582 1034 2606 caro
1062 2570 1107 2606 de
1135 2582 1250 2606 carne

38 2620 42 2627 ⁸
122 2640 167 2672 g
193 2633 286 2663 mea.
315 2624 416 2672 Ergo
435 2623 587 2660 videtur
604 2623 711 2673 quod
739 2635 811 2660 nec
838 2622 953 2660 etiam
972 2634 1112 2672 corpus
1142 2622 1248 2660 Chri-

50 2714 68 2727 „
119 2680 134 2722 ,ἶ
194 2673 240 2713 'Sti
264 2675 420 2715 formari
446 2673 620 2713 deb‘uerit
647 2676 695 2722 de
715 2675 899 2724 sanguine
917 2675 1092 2724 Virginis,
1113 2675 1180 2712 sed
1199 2676 1247 2712 de

119 2736 121 2742 ²
143 2728 370 2775 [carnibus
397 2736 434 2766 et
461 2728 611 2766 ossibus
639 2728 732 2766 eius.

247 2780 281 2818 3.
310 2782 539 2828 Famam,
560 2793 700 2831 corpus
721 2781 860 2818 Christi
878 2780 947 2818 fuit
966 2780 1140 2820 eiusdem
1166 2793 1247 2830 spe-

193 2830 262 2871 dei
280 2846 368 2872 cum
389 2834 615 2883 corporibus
634 2834 798 2871 aliorum
817 2833 1034 2871 hominurn.
1066 2834 1141 2871 Sed
1165 2846 1247 2870 cor-

193 2892 288 2935 pora
314 2886 478 2924 aliorum
505 2887 712 2924 hominum
746 2898 827 2923 non
853 2887 1067 2924 formantur
1101 2898 1146 2923 ex
1179 2899 1247 2936 pu-

194 2937 341 2977 rissimo
361 2939 556 2988 sanguine,
572 2939 639 2977 sed
658 2952 705 2976 ex
724 2939 870 2976 semine
889 2946 925 2975 et
944 2938 1128 2987 sanguine
1142 2951 1246 2976 men-

193 2997 297 3033 struo
319 2991 350 3029 ¹¹².
388 2993 490 3040 Ergo
517 2992 670 3029 videtur
705 2992 812 3041 quod
848 3004 920 3028 nec
956 2991 1071 3029 etiam
1107 3003 1247 3041 corpus

83 3051 93 3057 ·’
195 3043 331 3083 Christi
357 3044 468 3082 fuerit
494 3051 725 3094 conceptum
753 3057 799 3081 ex
826 3043 1038 3093 purissimis
1057 3044 1247 3092 sanguini-

193 3095 267 3134 bus
291 3096 466 3145 Virginis.

220 3149 319 3187 *Sim
346 3161 491 3187 CONTRA
527 3161 592 3186 EST
628 3149 735 3198 quod
772 3149 1034 3186 Damascenus
1071 3149 1178 3196 dicit,
1207 3149 1247 3186 in

133 3232 138 3239 .
193 3194 243 3238 111*
265 3199 360 3239 libro
377 3201 408 3249 ’ξ
438 3201 544 3251 quod
563 3201 679 3239 Filius
705 3202 778 3238 Dei
803 3203 1006 3238 construxit
1022 3203 1092 3239 sihi
1113 3203 1183 3251 ipsi
1199 3213 1248 3239 ex

194 3255 298 3299 castis
315 3253 330 3284 β
357 3259 390 3291 et
402 3255 612 3304 purissimis
637 3255 880 3304 sanguinibus
906 3255 1068 3303 Virginis
1095 3266 1246 3291 carnem

94 3312 107 3358 ζ
130 3323 134 3325 “
194 3308 396 3346 aninwtam
424 3308 552 3344 anima
579 3307 763 3344 rationali.

245 3358 467 3397 REsronnsso
486 3371 667 3396 monimum
686 3359 804 3408 quod,
825 3357 921 3395 sicut
939 3358 1084 3407 supra*1e
1103 3358 1247 3395 dictum

195 3410 327 3472 ΕξτζἫι
353 3411 604 3462 conceptione
625 3411 763 3449 Christi
790 3411 858 3448 fuit
885 3411 1100 3448 secundum
1119 3410 1247 3447 condi-

198 3552 204 3554 ·
216 3534 277 3610 [Ἓξ
291 3542 431 3575 sangnine.
441 3555 461 3561 -
483 3542 599 3575 Virginis
617 3542 712 3567 addunt
730 3542 868 3572 editiones;
890 3542 992 3575 Ergo...
1005 3542 1135 3575 sanguine
1148 3549 1201 3568 om.
1214 3543 1247 3568 H.

291 3576 379 3605 castis.
396 3591 416 3597 -
431 3577 585 3603 castissimis
604 3578 632 3603 P.

226 3580 240 3597 ,ἱ

1303 1935 1450 1973 tionem
1478 1943 1635 1973 naturae
1664 1937 1771 1985 quod
1799 1944 1854 1973 est
1890 1944 2001 1973 natus
2030 1949 2076 1973 ex
2107 1937 2265 1985 femina,
2296 1939 2363 1975 sed

1304 2001 1420 2038 supra
1456 1988 1718 2026 conditionem
1755 1996 1912 2026 naturae
1940 1990 2047 2038 quod
2080 1997 2134 2027 est
2170 1998 2281 2028 natus
2317 2003 2363 2028 ex

1303 2041 1459 2090 virgine.
1503 2042 1628 2078 Habet
1668 2049 1798 2079 autem
1834 2043 1911 2079 hoc
1951 2042 2131 2079 naturalis
2172 2043 2361 2091 conditio,

1304 2095 1411 2143 quod
1439 2094 1478 2131 in
1506 2094 1748 2142 generatione
1783 2094 1957 2131 animalis
1985 2095 2126 2132 femina
2162 2095 2362 2133 materiam

1304 2146 1499 2192 ministret,
1520 2159 1567 2184 ex
1585 2154 1691 2196 parte
1718 2155 1848 2184 autem
1867 2147 1982 2184 maris
2010 2147 2056 2184 sit
2074 2147 2240 2185 activum
2261 2149 2361 2198 prin-

1303 2199 1449 2248 cipium
1467 2199 1507 2236 in
1525 2199 1787 2248 generatione:
1817 2199 1914 2236 sicut
1931 2200 2069 2249 probat
2089 2200 2360 2250 Philosophus,

1303 2252 1342 2289 in
1361 2252 1458 2289 libro
1477 2253 1522 2289 de
1538 2253 1708 2289 Generat.
1719 2253 1883 2289 Animal.
1899 2253 1919 2275 '¹‘
1938 2253 2098 2290 Femina
2112 2261 2242 2290 autem
2261 2266 2361 2303 quae

1303 2318 1350 2342 ex
1377 2317 1483 2342 mare
1511 2304 1687 2354 concipit,
1708 2317 1788 2342 non
1816 2313 1871 2343 est
1888 2305 2007 2353 virgo.
2038 2306 2086 2342 Et
2106 2305 2193 2343 ideo
2221 2307 2270 2343 ad
2298 2319 2360 2344 su-

1301 2359 1585 2407 pernaturalem
1613 2358 1779 2395 modum
1805 2357 2057 2406 generationis
2086 2358 2224 2395 Christi
2251 2359 2360 2408 perti·

1302 2418 1366 2447 net
1385 2411 1492 2460 quod
1512 2410 1681 2448 activum
1707 2410 1940 2460 principium
1966 2410 2006 2447 in
2028 2411 2271 2459 generatione
2299 2412 2360 2449 illa

1301 2463 1412 2501 fuerit
1438 2463 1558 2500 virtus
1586 2463 1882 2513 supernaturalis
1910 2463 2057 2500 divina:
2086 2464 2153 2500 sed
2181 2464 2229 2500 ad
2252 2471 2359 2501 natu-

1303 2518 1422 2554 ralem
1458 2517 1623 2554 modum
1659 2516 1910 2564 generationis
1947 2516 2028 2553 eius
2060 2516 2219 2565 pertinet
2253 2517 2360 2565 quod

1302 2569 1461 2607 materia
1488 2569 1536 2606 de
1564 2581 1641 2618 qua
1673 2578 1813 2618 corpus
1844 2569 1926 2606 eius
1954 2577 2184 2618 conceptum
2213 2577 2286 2616 est,
2315 2569 2362 2606 sit

1303 2621 1510 2660 conformis
1538 2622 1716 2658 materiae
1744 2634 1863 2671 quam
1891 2621 1985 2658 aliae
2021 2621 2183 2659 feminae
2216 2622 2359 2658 submi-

1302 2675 1460 2712 nistrant
1478 2675 1526 2712 ad
1547 2674 1840 2724 conceptionem
1858 2674 1985 2723 prolis.
2007 2675 2113 2711 Haec
2132 2682 2261 2711 autem
2280 2687 2358 2711 rna-

1301 2727 1403 2775 teria,
1433 2728 1648 2764 secundum
1676 2727 1968 2776 Philosophum,
1989 2727 2028 2764 in
2057 2727 2151 2764 libro
2175 2727 2220 2764 de
2242 2727 2359 2764 Gene-

1302 2787 1371 2818 rat.
1390 2781 1554 2818 Animal.
1574 2780 1606 2824 ²⁸,
1626 2787 1681 2817 est
1704 2780 1855 2827 sanguis
1883 2779 2063 2826 mulieris,
2085 2792 2164 2816 non
2183 2779 2358 2828 quicum-

1301 2845 1388 2882 que,
1416 2833 1483 2870 sed
1510 2833 1717 2882 perductus
1745 2833 1794 2869 ad
1821 2833 2018 2881 quandam
2051 2831 2278 2881 ampliorem
2305 2832 2358 2869 di-

1301 2885 1511 2934 gestionem
1539 2897 1608 2934 per
1631 2885 1810 2921 virtutem
1829 2884 2086 2933 generativam
2115 2884 2243 2921 matris
2260 2889 2287 2932 Υ,
2316 2893 2359 2921 ut

1302 2938 1347 2975 sit
1374 2938 1531 2975 materia
1559 2945 1646 2986 apta
1674 2938 1722 2974 ad
1750 2944 1990 2986 conceptum.
2028 2938 2076 2973 Et
2102 2936 2189 2974 ideo
2222 2949 2268 2974 ex
2296 2937 2358 2974 tali

1302 2991 1459 3028 materia
1485 2989 1554 3027 fuit
1581 3002 1721 3038 corpus
1751 2989 1888 3026 Christi
1915 2997 2145 3038 conceptum
2163 2989 2194 3026 ²¹⁸.

1354 3045 1410 3080 AD
1448 3055 1581 3079 PRIMUM
1619 3054 1716 3079 ERGO
1750 3054 1930 3079 DICENDUM
1967 3042 2090 3091 quod,
2124 3054 2214 3079 cum
2242 3043 2358 3080 Beata

1301 3096 1416 3143 Virgo
1443 3095 1554 3132 fuerit
1582 3094 1754 3131 eiusdem
1783 3102 1939 3131 naturae
1968 3106 2058 3131 cum
2087 3094 2166 3131 aliis
2193 3095 2354 3142 feminis,

1302 3159 1542 3197 consequens
1579 3154 1634 3184 est
1671 3147 1776 3196 quod
1813 3146 1988 3184 habuerit
2024 3159 2176 3184 carnem
2208 3155 2243 3184 et
2271 3160 2357 3185 ossa

1301 3200 1474 3237 eiusdem
1502 3207 1668 3236 naturae.
1705 3200 1848 3236 Carnes
1876 3207 2005 3237 autem
2034 3207 2069 3236 et
2097 3212 2182 3237 ossa
2210 3200 2249 3237 in
2277 3200 2356 3238 aliis

1300 3252 1449 3290 feminis
1469 3260 1557 3289 sunt
1575 3253 1739 3289 actuales
1758 3251 1771 3274 δ
1800 3252 1970 3302 corporis
1989 3260 2126 3302 parteS‚
2147 3265 2192 3290 ex
2216 3253 2357 3302 quibus

1301 3305 1539 3342 constituitur
1566 3304 1754 3353 integritas
1789 3305 1973 3354 corporis:
2004 3314 2040 3342 et
2066 3305 2153 3342 ideo
2186 3306 2355 3343 subtrahi

1301 3370 1380 3395 non
1416 3365 1578 3407 possunt
1614 3357 1694 3394 sine
1723 3356 1966 3407 corruptione
2002 3358 2171 3408 corporis
2206 3360 2267 3395 vel
2294 3359 2357 3396 de-

1300 3410 1525 3447 minutione.
1557 3410 1729 3447 Christus
1748 3418 1888 3458 autern,
1910 3411 1976 3461 qui
1995 3418 2151 3448 venerat
2178 3419 2357 3461 corrupta

1354 3541 1381 3575 γ)
1402 3542 1504 3567 matris.
1521 3555 1541 3562 —-
1559 3542 1658 3572 Tertia;
1678 3542 1769 3568 maris.
1789 3542 1828 3567 Cf.
1848 3550 1891 3574 qu.
1910 3550 1966 3575 seq.
1986 3547 2031 3567 art.
2050 3549 2068 3573 4
2086 3543 2118 3567 ad
2139 3549 2162 3567 2.

1354 3576 1379 3611 δ)
1397 3578 1522 3603 actuales.
1540 3592 1559 3597 -
1576 3577 1597 3602 Ε
1615 3583 1640 3603 et
1658 3578 1746 3608 tertia;
1764 3578 1948 3603 accidentales.

2396 486 2579 514 ‘Qu-xxvm,art.
2585 494 2591 508 ι
2597 501 2604 507 .

2487 700 2498 717 Ε

2392 749 2402 758 ·
2417 747 2474 775 Cap.
2488 754 2510 768 v.
2521 758 2532 763 -
2541 747 2603 769 luter

2392 774 2455 802 Opp.
2470 775 2532 802 Aug.

2389 2266 2398 2275 ⁸
2412 2264 2462 2286 Lib.
2478 2264 2495 2291 1,
2506 2270 2557 2292 cap.
2573 2271 2599 2291 ιι,

2387 2297 2430 2315 xx:
2445 2291 2485 2312 lib.
2496 2291 2517 2312 11
2526 2307 2532 2318 ,
2547 2297 2598 2318 cap.

2388 2323 2417 2343 1v;
2428 2317 2596 2345 lib.1v,cnp.1.

2385 2789 2396 2800 ¹⁸
2403 2788 2455 2810 Lib.
2462 2789 2479 2815 1,
2489 2795 2539 2817 cap.
2548 2795 2597 2810 xnx.

2482 2895 2498 2920 Υ

2384 2990 2395 3001 ⁸
2409 2990 2437 3012 D.
2451 2990 2504 3012 868.
