<?xml version="1.0" encoding="UTF-8"?>
<!DOCTYPE html PUBLIC "-//W3C//DTD XHTML 1.0 Transitional//EN"
    "http://www.w3.org/TR/xhtml1/DTD/xhtml1-transitional.dtd">
<html xmlns="http://www.w3.org/1999/xhtml" xml:lang="en" lang="en">
 <head>
  <title>
</title>
<meta http-equiv="Content-Type" content="text/html;charset=utf-8" />
  <meta name='ocr-system' content='tesseract 3.04.00' />
  <meta name='ocr-capabilities' content='ocr_page ocr_carea ocr_par ocr_line ocrx_word'/>
</head>
<body>
  <div class='ocr_page' id='page_1' title='image "./operaomniaiussui11thom_0500.png"; bbox 0 0 2872 3970; ppageno 0'>
   <div class='ocr_carea' id='block_1_1' title="bbox 238 615 450 662">
    <p class='ocr_par' dir='ltr' id='par_1_1' title="bbox 238 615 450 662">
     <span class='ocr_line' id='line_1_1' title="bbox 239 615 450 641; baseline -0.009 -5"><span class='ocrx_word' id='word_1_1' title='bbox 239 617 247 625; x_wconf 81' lang='lat'>⁸</span> <span class='ocrx_word' id='word_1_2' title='bbox 267 615 292 636; x_wconf 84' lang='lat' dir='ltr'>ln</span> <span class='ocrx_word' id='word_1_3' title='bbox 311 619 388 641; x_wconf 81' lang='lat' dir='ltr'>corp.;</span> <span class='ocrx_word' id='word_1_4' title='bbox 411 619 450 640; x_wconf 86' lang='lat' dir='ltr'>qu.</span> 
     </span>
     <span class='ocr_line' id='line_1_2' title="bbox 238 647 262 662; baseline 0 0"><span class='ocrx_word' id='word_1_5' title='bbox 238 647 262 662; x_wconf 77' lang='lat' dir='ltr'>xx</span> 
     </span>
    </p>
   </div>
   <div class='ocr_carea' id='block_1_2' title="bbox 239 639 449 695">
    <p class='ocr_par' dir='ltr' id='par_1_2' title="bbox 239 639 449 695">
     <span class='ocr_line' id='line_1_3' title="bbox 265 639 449 667; baseline -0.005 -6"><span class='ocrx_word' id='word_1_6' title='bbox 265 647 285 667; x_wconf 79' lang='lat' dir='ltr'>v,</span> <span class='ocrx_word' id='word_1_7' title='bbox 300 643 343 662; x_wconf 84' lang='lat' dir='ltr'>art.</span> <span class='ocrx_word' id='word_1_8' title='bbox 353 647 371 665; x_wconf 80' lang='grc' dir='ltr'>ι,</span> <span class='ocrx_word' id='word_1_9' title='bbox 386 639 435 660; x_wconf 70' lang='lat' dir='ltr'>:da</span> <span class='ocrx_word' id='word_1_10' title='bbox 424 645 449 664; x_wconf 71' lang='grc' dir='ltr'>2ς</span> 
     </span>
     <span class='ocr_line' id='line_1_4' title="bbox 239 670 449 695; baseline -0.005 -7"><span class='ocrx_word' id='word_1_11' title='bbox 239 674 276 695; x_wconf 90' lang='lat' dir='ltr'>qu.</span> <span class='ocrx_word' id='word_1_12' title='bbox 298 673 349 691; x_wconf 58' lang='lat' dir='ltr'>xcv,</span> <span class='ocrx_word' id='word_1_13' title='bbox 368 670 411 688; x_wconf 84' lang='lat' dir='ltr'>art.</span> <span class='ocrx_word' id='word_1_14' title='bbox 429 672 449 687; x_wconf 85' lang='lat'>2.</span> 
     </span>
    </p>
   </div>
   <div class='ocr_carea' id='block_1_3' title="bbox 243 1200 410 1227">
    <p class='ocr_par' dir='ltr' id='par_1_3' title="bbox 243 1200 410 1227">
     <span class='ocr_line' id='line_1_5' title="bbox 243 1200 410 1227; baseline 0 -7"><span class='ocrx_word' id='word_1_15' title='bbox 243 1204 251 1213; x_wconf 88' lang='grc'><em>·</em></span> <span class='ocrx_word' id='word_1_16' title='bbox 263 1200 288 1221; x_wconf 84' lang='lat' dir='ltr'>In</span> <span class='ocrx_word' id='word_1_17' title='bbox 304 1204 410 1227; x_wconf 79' lang='lat' dir='ltr'>corpore.</span> 
     </span>
    </p>
   </div>
   <div class='ocr_carea' id='block_1_4' title="bbox 240 1773 371 1800">
    <p class='ocr_par' dir='ltr' id='par_1_4' title="bbox 240 1773 371 1800">
     <span class='ocr_line' id='line_1_6' title="bbox 240 1773 371 1800; baseline 0 -5"><span class='ocrx_word' id='word_1_18' title='bbox 240 1775 250 1785; x_wconf 81' lang='grc'><em>·</em></span> <span class='ocrx_word' id='word_1_19' title='bbox 264 1773 332 1795; x_wconf 82' lang='lat' dir='ltr'>Vers.</span> <span class='ocrx_word' id='word_1_20' title='bbox 348 1780 371 1800; x_wconf 87' lang='lat'>4.</span> 
     </span>
    </p>
   </div>
   <div class='ocr_carea' id='block_1_5' title="bbox 245 3240 456 3341">
    <p class='ocr_par' dir='ltr' id='par_1_5' title="bbox 245 3240 447 3341">
     <span class='ocr_line' id='line_1_7' title="bbox 245 3240 444 3262; baseline -0.006 0"><span class='ocrx_word' id='word_1_21' title='bbox 245 3241 300 3262; x_wconf 79' lang='lat' dir='ltr'>’Ari</span> <span class='ocrx_word' id='word_1_22' title='bbox 304 3240 444 3262; x_wconf 79' lang='lat' dir='ltr'>.tot.deAm</span> 
     </span>
     <span class='ocr_line' id='line_1_8' title="bbox 245 3249 393 3293; baseline 0 -5"><span class='ocrx_word' id='word_1_23' title='bbox 245 3273 282 3288; x_wconf 77' lang='lat' dir='ltr'>ma</span> <span class='ocrx_word' id='word_1_24' title='bbox 268 3249 393 3293; x_wconf 65' lang='lat' dir='ltr'>aii-‚cbss</span> 
     </span>
     <span class='ocr_line' id='line_1_9' title="bbox 246 3250 456 3341; baseline 0.005 -1"><span class='ocrx_word' id='word_1_25' title='bbox 246 3299 363 3341; x_wconf 42' lang='lat' dir='ltr'>lucetii?</span> <span class='ocrx_word' id='word_1_26' title='bbox 355 3250 456 3315; x_wconf 45' lang='lat' dir='ltr'>JSq-h}</span> 
     </span>
    </p>
   </div>
   <div class='ocr_carea' id='block_1_6' title="bbox 247 3392 459 3439">
    <p class='ocr_par' dir='ltr' id='par_1_6' title="bbox 247 3392 459 3439">
     <span class='ocr_line' id='line_1_10' title="bbox 247 3392 459 3439; baseline 0 0"><span class='ocrx_word' id='word_1_27' title='bbox 247 3392 459 3439; x_wconf 55' lang='lat' dir='ltr'>sPss1;f&#39;5.&#39;²0·1.⁴·⁵„‘.</span> 
     </span>
    </p>
   </div>
   <div class='ocr_carea' id='block_1_7' title="bbox 482 286 562 322">
    <p class='ocr_par' dir='ltr' id='par_1_7' title="bbox 482 286 562 322">
     <span class='ocr_line' id='line_1_11' title="bbox 482 286 562 322; baseline 0 0"><span class='ocrx_word' id='word_1_28' title='bbox 482 286 562 322; x_wconf 84' lang='lat'>444</span> 
     </span>
    </p>
   </div>
   <div class='ocr_carea' id='block_1_8' title="bbox 476 350 1544 1872">
    <p class='ocr_par' dir='ltr' id='par_1_8' title="bbox 476 350 1540 653">
     <span class='ocr_line' id='line_1_12' title="bbox 531 350 1540 391; baseline -0.005 0"><span class='ocrx_word' id='word_1_29' title='bbox 531 354 716 391; x_wconf 88' lang='lat' dir='ltr'>Dolorem</span> <span class='ocrx_word' id='word_1_30' title='bbox 744 359 875 390; x_wconf 89' lang='lat' dir='ltr'>autern</span> <span class='ocrx_word' id='word_1_31' title='bbox 903 351 1129 390; x_wconf 87' lang='lat' dir='ltr'>exteriorem</span> <span class='ocrx_word' id='word_1_32' title='bbox 1151 362 1285 388; x_wconf 91' lang='lat' dir='ltr'>sensus</span> <span class='ocrx_word' id='word_1_33' title='bbox 1313 350 1433 387; x_wconf 90' lang='lat' dir='ltr'>virtus</span> <span class='ocrx_word' id='word_1_34' title='bbox 1456 360 1540 386; x_wconf 91' lang='lat' dir='ltr'>mo-</span> 
     </span>
     <span class='ocr_line' id='line_1_13' title="bbox 478 403 1540 455; baseline -0.005 -12"><span class='ocrx_word' id='word_1_35' title='bbox 478 406 564 444; x_wconf 86' lang='lat' dir='ltr'>ralis</span> <span class='ocrx_word' id='word_1_36' title='bbox 598 406 738 442; x_wconf 87' lang='lat' dir='ltr'>directe</span> <span class='ocrx_word' id='word_1_37' title='bbox 773 416 853 442; x_wconf 91' lang='lat' dir='ltr'>non</span> <span class='ocrx_word' id='word_1_38' title='bbox 888 404 1044 441; x_wconf 89' lang='lat' dir='ltr'>minuit:</span> <span class='ocrx_word' id='word_1_39' title='bbox 1083 403 1174 455; x_wconf 87' lang='lat' dir='ltr'>quia</span> <span class='ocrx_word' id='word_1_40' title='bbox 1207 403 1290 440; x_wconf 88' lang='lat' dir='ltr'>talis</span> <span class='ocrx_word' id='word_1_41' title='bbox 1320 403 1433 440; x_wconf 91' lang='lat' dir='ltr'>dolor</span> <span class='ocrx_word' id='word_1_42' title='bbox 1459 413 1540 439; x_wconf 92' lang='lat' dir='ltr'>non</span> 
     </span>
     <span class='ocr_line' id='line_1_14' title="bbox 477 455 1538 506; baseline -0.005 -10"><span class='ocrx_word' id='word_1_43' title='bbox 477 458 607 496; x_wconf 91' lang='lat' dir='ltr'>obedit</span> <span class='ocrx_word' id='word_1_44' title='bbox 642 457 799 503; x_wconf 88' lang='lat' dir='ltr'>rationi,</span> <span class='ocrx_word' id='word_1_45' title='bbox 829 457 896 494; x_wconf 90' lang='lat' dir='ltr'>sed</span> <span class='ocrx_word' id='word_1_46' title='bbox 933 456 1105 506; x_wconf 90' lang='lat' dir='ltr'>sequitur</span> <span class='ocrx_word' id='word_1_47' title='bbox 1140 455 1312 505; x_wconf 91' lang='lat' dir='ltr'>corporis</span> <span class='ocrx_word' id='word_1_48' title='bbox 1349 461 1538 491; x_wconf 85' lang='lat' dir='ltr'>naturam.</span> 
     </span>
     <span class='ocr_line' id='line_1_15' title="bbox 477 506 1539 558; baseline -0.005 -10"><span class='ocrx_word' id='word_1_49' title='bbox 477 510 667 548; x_wconf 89' lang='lat' dir='ltr'>Diminuit</span> <span class='ocrx_word' id='word_1_50' title='bbox 693 518 823 547; x_wconf 86' lang='lat' dir='ltr'>tamen</span> <span class='ocrx_word' id='word_1_51' title='bbox 856 509 984 558; x_wconf 88' lang='lat' dir='ltr'>ipsum</span> <span class='ocrx_word' id='word_1_52' title='bbox 1012 508 1192 545; x_wconf 88' lang='lat' dir='ltr'>indirecte</span> <span class='ocrx_word' id='word_1_53' title='bbox 1225 519 1294 557; x_wconf 89' lang='lat' dir='ltr'>per</span> <span class='ocrx_word' id='word_1_54' title='bbox 1321 506 1539 544; x_wconf 88' lang='lat' dir='ltr'>redundan—</span> 
     </span>
     <span class='ocr_line' id='line_1_16' title="bbox 476 559 1540 612; baseline -0.005 -12"><span class='ocrx_word' id='word_1_55' title='bbox 476 564 570 601; x_wconf 82' lang='lat' dir='ltr'>tiam</span> <span class='ocrx_word' id='word_1_56' title='bbox 597 575 620 600; x_wconf 84' lang='lat' dir='ltr'>a</span> <span class='ocrx_word' id='word_1_57' title='bbox 647 562 908 612; x_wconf 89' lang='lat' dir='ltr'>superioribus</span> <span class='ocrx_word' id='word_1_58' title='bbox 935 561 1081 598; x_wconf 86' lang='lat' dir='ltr'>viribus</span> <span class='ocrx_word' id='word_1_59' title='bbox 1109 560 1147 597; x_wconf 91' lang='lat' dir='ltr'>in</span> <span class='ocrx_word' id='word_1_60' title='bbox 1176 559 1382 596; x_wconf 89' lang='lat' dir='ltr'>inferiores.</span> <span class='ocrx_word' id='word_1_61' title='bbox 1420 559 1540 606; x_wconf 91' lang='lat' dir='ltr'>Quod</span> 
     </span>
     <span class='ocr_line' id='line_1_17' title="bbox 478 612 1288 660; baseline -0.006 -7"><span class='ocrx_word' id='word_1_62' title='bbox 478 616 518 653; x_wconf 89' lang='lat' dir='ltr'>in</span> <span class='ocrx_word' id='word_1_63' title='bbox 546 615 698 653; x_wconf 89' lang='lat' dir='ltr'>Christo</span> <span class='ocrx_word' id='word_1_64' title='bbox 725 627 805 652; x_wconf 89' lang='lat' dir='ltr'>non</span> <span class='ocrx_word' id='word_1_65' title='bbox 833 614 913 660; x_wconf 83' lang='lat' dir='ltr'>fuit,</span> <span class='ocrx_word' id='word_1_66' title='bbox 942 622 985 650; x_wconf 91' lang='lat' dir='ltr'>ut</span> <span class='ocrx_word' id='word_1_67' title='bbox 1012 613 1157 650; x_wconf 88' lang='lat' dir='ltr'>dictum</span> <span class='ocrx_word' id='word_1_68' title='bbox 1185 620 1240 649; x_wconf 91' lang='lat' dir='ltr'>est</span> <span class='ocrx_word' id='word_1_69' title='bbox 1258 612 1288 648; x_wconf 83' lang='grc'>*.</span> 
     </span>
    </p>

    <p class='ocr_par' dir='ltr' id='par_1_9' title="bbox 477 663 1540 1029">
     <span class='ocr_line' id='line_1_18' title="bbox 530 663 1539 714; baseline -0.006 -8"><span class='ocrx_word' id='word_1_70' title='bbox 530 670 587 705; x_wconf 80' lang='lat' dir='ltr'>An</span> <span class='ocrx_word' id='word_1_71' title='bbox 614 679 773 705; x_wconf 67' lang='lat' dir='ltr'>&#39;reanum</span> <span class='ocrx_word' id='word_1_72' title='bbox 807 678 988 704; x_wconf 63' lang='lat' dir='ltr'>mensuum</span> <span class='ocrx_word' id='word_1_73' title='bbox 1023 665 1130 714; x_wconf 89' lang='lat' dir='ltr'>quod</span> <span class='ocrx_word' id='word_1_74' title='bbox 1158 664 1270 702; x_wconf 89' lang='lat' dir='ltr'>dolor</span> <span class='ocrx_word' id='word_1_75' title='bbox 1303 663 1454 701; x_wconf 89' lang='lat' dir='ltr'>animae</span> <span class='ocrx_word' id='word_1_76' title='bbox 1483 676 1539 700; x_wconf 90' lang='lat' dir='ltr'>se-</span> 
     </span>
     <span class='ocr_line' id='line_1_19' title="bbox 477 716 1539 779; baseline -0.006 -20"><span class='ocrx_word' id='word_1_77' title='bbox 477 729 630 771; x_wconf 84' lang='lat' dir='ltr'>paratae</span> <span class='ocrx_word' id='word_1_78' title='bbox 655 719 831 779; x_wconf 86' lang='lat' dir='ltr'>patientis</span> <span class='ocrx_word' id='word_1_79' title='bbox 859 718 1021 768; x_wconf 84' lang='lat' dir='ltr'>pertinet</span> <span class='ocrx_word' id='word_1_80' title='bbox 1048 718 1096 755; x_wconf 87' lang='lat' dir='ltr'>ad</span> <span class='ocrx_word' id='word_1_81' title='bbox 1125 725 1265 754; x_wconf 87' lang='lat' dir='ltr'>statum</span> <span class='ocrx_word' id='word_1_82' title='bbox 1297 717 1445 754; x_wconf 85' lang='lat' dir='ltr'>futurae</span> <span class='ocrx_word' id='word_1_83' title='bbox 1474 716 1539 753; x_wconf 86' lang='lat' dir='ltr'>da-</span> 
     </span>
     <span class='ocr_line' id='line_1_20' title="bbox 478 769 1538 821; baseline -0.005 -10"><span class='ocrx_word' id='word_1_84' title='bbox 478 773 696 819; x_wconf 88' lang='lat' dir='ltr'>mnationis,</span> <span class='ocrx_word' id='word_1_85' title='bbox 712 772 779 821; x_wconf 89' lang='lat' dir='ltr'>qui</span> <span class='ocrx_word' id='word_1_86' title='bbox 797 778 814 800; x_wconf 70' lang='grc' dir='ltr'>μ</span> <span class='ocrx_word' id='word_1_87' title='bbox 834 770 980 807; x_wconf 87' lang='lat' dir='ltr'>excedit</span> <span class='ocrx_word' id='word_1_88' title='bbox 1000 782 1116 807; x_wconf 89' lang='lat' dir='ltr'>omne</span> <span class='ocrx_word' id='word_1_89' title='bbox 1130 771 1279 807; x_wconf 89' lang='lat' dir='ltr'>malum</span> <span class='ocrx_word' id='word_1_90' title='bbox 1294 769 1411 806; x_wconf 91' lang='lat' dir='ltr'>huius</span> <span class='ocrx_word' id='word_1_91' title='bbox 1424 769 1538 815; x_wconf 82' lang='lat' dir='ltr'>vitae,</span> 
     </span>
     <span class='ocr_line' id='line_1_21' title="bbox 478 822 1539 871; baseline -0.005 -8"><span class='ocrx_word' id='word_1_92' title='bbox 478 826 574 864; x_wconf 93' lang='lat' dir='ltr'>sicut</span> <span class='ocrx_word' id='word_1_93' title='bbox 588 833 808 863; x_wconf 89' lang='lat' dir='ltr'>sanctorum</span> <span class='ocrx_word' id='word_1_94' title='bbox 826 822 945 871; x_wconf 88' lang='lat' dir='ltr'>gloria</span> <span class='ocrx_word' id='word_1_95' title='bbox 964 822 1110 860; x_wconf 88' lang='lat' dir='ltr'>excedit</span> <span class='ocrx_word' id='word_1_96' title='bbox 1129 834 1247 859; x_wconf 90' lang='lat' dir='ltr'>omne</span> <span class='ocrx_word' id='word_1_97' title='bbox 1261 822 1409 859; x_wconf 90' lang='lat' dir='ltr'>bonum</span> <span class='ocrx_word' id='word_1_98' title='bbox 1430 833 1539 871; x_wconf 90' lang='lat' dir='ltr'>prae-</span> 
     </span>
     <span class='ocr_line' id='line_1_22' title="bbox 478 873 1539 921; baseline -0.005 -5"><span class='ocrx_word' id='word_1_99' title='bbox 478 878 592 916; x_wconf 87' lang='lat' dir='ltr'>sentis</span> <span class='ocrx_word' id='word_1_100' title='bbox 620 877 730 915; x_wconf 90' lang='lat' dir='ltr'>vitae.</span> <span class='ocrx_word' id='word_1_101' title='bbox 764 876 888 921; x_wconf 91' lang='lat' dir='ltr'>Unde,</span> <span class='ocrx_word' id='word_1_102' title='bbox 918 887 1009 912; x_wconf 92' lang='lat' dir='ltr'>cum</span> <span class='ocrx_word' id='word_1_103' title='bbox 1037 875 1236 912; x_wconf 88' lang='lat' dir='ltr'>diximus</span> <span class='ocrx_word' id='word_1_104' title='bbox 1265 873 1404 912; x_wconf 88' lang='lat' dir='ltr'>Christi</span> <span class='ocrx_word' id='word_1_105' title='bbox 1431 874 1539 911; x_wconf 91' lang='lat' dir='ltr'>dolo-</span> 
     </span>
     <span class='ocr_line' id='line_1_23' title="bbox 478 938 1540 976; baseline -0.004 -8"><span class='ocrx_word' id='word_1_106' title='bbox 478 943 561 968; x_wconf 90' lang='lat' dir='ltr'>rem</span> <span class='ocrx_word' id='word_1_107' title='bbox 595 942 675 967; x_wconf 90' lang='lat' dir='ltr'>esse</span> <span class='ocrx_word' id='word_1_108' title='bbox 714 939 947 974; x_wconf 68' lang='lat' dir='ltr'>mammum,</span> <span class='ocrx_word' id='word_1_109' title='bbox 985 939 1064 964; x_wconf 90' lang='lat' dir='ltr'>non</span> <span class='ocrx_word' id='word_1_110' title='bbox 1100 939 1374 976; x_wconf 83' lang='lat' dir='ltr'>comparamus</span> <span class='ocrx_word' id='word_1_111' title='bbox 1410 938 1540 976; x_wconf 82' lang='lat' dir='ltr'>ipsum</span> 
     </span>
     <span class='ocr_line' id='line_1_24' title="bbox 478 981 1014 1029; baseline -0.007 -9"><span class='ocrx_word' id='word_1_112' title='bbox 478 983 600 1021; x_wconf 91' lang='lat' dir='ltr'>dolori</span> <span class='ocrx_word' id='word_1_113' title='bbox 628 981 779 1019; x_wconf 89' lang='lat' dir='ltr'>animae</span> <span class='ocrx_word' id='word_1_114' title='bbox 808 987 1014 1029; x_wconf 83' lang='lat' dir='ltr'>separatae.</span> 
     </span>
    </p>

    <p class='ocr_par' dir='ltr' id='par_1_10' title="bbox 477 1031 1542 1399">
     <span class='ocr_line' id='line_1_25' title="bbox 532 1031 1540 1084; baseline -0.003 -12"><span class='ocrx_word' id='word_1_115' title='bbox 532 1036 683 1084; x_wconf 88' lang='lat' dir='ltr'>Corpus</span> <span class='ocrx_word' id='word_1_116' title='bbox 710 1041 840 1071; x_wconf 88' lang='lat' dir='ltr'>autem</span> <span class='ocrx_word' id='word_1_117' title='bbox 860 1033 966 1069; x_wconf 90' lang='lat' dir='ltr'>Adae</span> <span class='ocrx_word' id='word_1_118' title='bbox 986 1032 1063 1082; x_wconf 91' lang='lat' dir='ltr'>pati</span> <span class='ocrx_word' id='word_1_119' title='bbox 1082 1044 1163 1069; x_wconf 91' lang='lat' dir='ltr'>non</span> <span class='ocrx_word' id='word_1_120' title='bbox 1181 1039 1341 1082; x_wconf 87' lang='lat' dir='ltr'>poterat,</span> <span class='ocrx_word' id='word_1_121' title='bbox 1361 1031 1434 1070; x_wconf 91' lang='lat' dir='ltr'>nisi</span> <span class='ocrx_word' id='word_1_122' title='bbox 1452 1044 1540 1081; x_wconf 85' lang='lat' dir='ltr'>pec-</span> 
     </span>
     <span class='ocr_line' id='line_1_26' title="bbox 477 1085 1542 1135; baseline -0.003 -10"><span class='ocrx_word' id='word_1_123' title='bbox 477 1095 578 1125; x_wconf 88' lang='lat' dir='ltr'>caret</span> <span class='ocrx_word' id='word_1_124' title='bbox 605 1095 641 1124; x_wconf 89' lang='lat' dir='ltr'>et</span> <span class='ocrx_word' id='word_1_125' title='bbox 668 1086 721 1124; x_wconf 90' lang='lat' dir='ltr'>sic</span> <span class='ocrx_word' id='word_1_126' title='bbox 748 1086 856 1123; x_wconf 88' lang='lat' dir='ltr'>fieret</span> <span class='ocrx_word' id='word_1_127' title='bbox 883 1087 1042 1122; x_wconf 87' lang='lat' dir='ltr'>mortale</span> <span class='ocrx_word' id='word_1_128' title='bbox 1062 1093 1098 1122; x_wconf 92' lang='lat' dir='ltr'>et</span> <span class='ocrx_word' id='word_1_129' title='bbox 1116 1085 1305 1135; x_wconf 87' lang='lat' dir='ltr'>passibile.</span> <span class='ocrx_word' id='word_1_130' title='bbox 1335 1085 1384 1122; x_wconf 90' lang='lat' dir='ltr'>Et</span> <span class='ocrx_word' id='word_1_131' title='bbox 1410 1085 1542 1123; x_wconf 91' lang='lat' dir='ltr'>minus</span> 
     </span>
     <span class='ocr_line' id='line_1_27' title="bbox 477 1137 1540 1189; baseline -0.002 -12"><span class='ocrx_word' id='word_1_132' title='bbox 477 1141 622 1178; x_wconf 89' lang='lat' dir='ltr'>doleret</span> <span class='ocrx_word' id='word_1_133' title='bbox 649 1139 794 1189; x_wconf 89' lang='lat' dir='ltr'>patiens</span> <span class='ocrx_word' id='word_1_134' title='bbox 823 1149 942 1188; x_wconf 88' lang='lat' dir='ltr'>quam</span> <span class='ocrx_word' id='word_1_135' title='bbox 969 1149 1111 1188; x_wconf 89' lang='lat' dir='ltr'>corpus</span> <span class='ocrx_word' id='word_1_136' title='bbox 1136 1137 1288 1184; x_wconf 84' lang='lat' dir='ltr'>Christi,</span> <span class='ocrx_word' id='word_1_137' title='bbox 1307 1146 1465 1188; x_wconf 90' lang='lat' dir='ltr'>propter</span> <span class='ocrx_word' id='word_1_138' title='bbox 1483 1149 1540 1175; x_wconf 85' lang='lat' dir='ltr'>ra-</span> 
     </span>
     <span class='ocr_line' id='line_1_28' title="bbox 477 1190 1542 1243; baseline -0.002 -13"><span class='ocrx_word' id='word_1_139' title='bbox 477 1193 599 1230; x_wconf 89' lang='lat' dir='ltr'>tiones</span> <span class='ocrx_word' id='word_1_140' title='bbox 626 1192 837 1242; x_wconf 85' lang='lat' dir='ltr'>praedictas</span> <span class='ocrx_word' id='word_1_141' title='bbox 860 1191 890 1228; x_wconf 87' lang='lat'>*.</span> <span class='ocrx_word' id='word_1_142' title='bbox 920 1214 946 1219; x_wconf 90' lang='lat'>-</span> <span class='ocrx_word' id='word_1_143' title='bbox 974 1191 1033 1228; x_wconf 89' lang='lat' dir='ltr'>Ex</span> <span class='ocrx_word' id='word_1_144' title='bbox 1065 1190 1206 1240; x_wconf 90' lang='lat' dir='ltr'>quibus</span> <span class='ocrx_word' id='word_1_145' title='bbox 1241 1190 1356 1228; x_wconf 84' lang='lat' dir='ltr'>etiam</span> <span class='ocrx_word' id='word_1_146' title='bbox 1383 1198 1542 1243; x_wconf 85' lang='lat' dir='ltr'>apparet</span> 
     </span>
     <span class='ocr_line' id='line_1_29' title="bbox 478 1243 1541 1295; baseline -0.002 -12"><span class='ocrx_word' id='word_1_147' title='bbox 478 1245 585 1295; x_wconf 91' lang='lat' dir='ltr'>quod</span> <span class='ocrx_word' id='word_1_148' title='bbox 620 1245 734 1282; x_wconf 88' lang='lat' dir='ltr'>etiam</span> <span class='ocrx_word' id='word_1_149' title='bbox 770 1244 818 1291; x_wconf 88' lang='lat' dir='ltr'>si,</span> <span class='ocrx_word' id='word_1_150' title='bbox 848 1255 918 1293; x_wconf 91' lang='lat' dir='ltr'>per</span> <span class='ocrx_word' id='word_1_151' title='bbox 952 1243 1204 1293; x_wconf 87' lang='lat' dir='ltr'>impossibile,</span> <span class='ocrx_word' id='word_1_152' title='bbox 1234 1251 1401 1293; x_wconf 90' lang='lat' dir='ltr'>ponatur</span> <span class='ocrx_word' id='word_1_153' title='bbox 1433 1244 1541 1293; x_wconf 88' lang='lat' dir='ltr'>quod</span> 
     </span>
     <span class='ocr_line' id='line_1_30' title="bbox 478 1295 1542 1346; baseline -0.002 -11"><span class='ocrx_word' id='word_1_154' title='bbox 478 1299 604 1336; x_wconf 88' lang='lat' dir='ltr'>Adam</span> <span class='ocrx_word' id='word_1_155' title='bbox 632 1297 671 1334; x_wconf 93' lang='lat' dir='ltr'>in</span> <span class='ocrx_word' id='word_1_156' title='bbox 699 1305 798 1334; x_wconf 87' lang='lat' dir='ltr'>statu</span> <span class='ocrx_word' id='word_1_157' title='bbox 825 1295 1066 1335; x_wconf 85' lang='lat' dir='ltr'>innocentiae</span> <span class='ocrx_word' id='word_1_158' title='bbox 1094 1307 1231 1346; x_wconf 90' lang='lat' dir='ltr'>passus</span> <span class='ocrx_word' id='word_1_159' title='bbox 1250 1295 1392 1344; x_wconf 79' lang='lat' dir='ltr'>fuisset,</span> <span class='ocrx_word' id='word_1_160' title='bbox 1413 1296 1542 1334; x_wconf 90' lang='lat' dir='ltr'>minor</span> 
     </span>
     <span class='ocr_line' id='line_1_31' title="bbox 477 1348 1183 1399; baseline -0.004 -10"><span class='ocrx_word' id='word_1_161' title='bbox 477 1351 607 1389; x_wconf 85' lang='lat' dir='ltr'>fuisset</span> <span class='ocrx_word' id='word_1_162' title='bbox 634 1350 716 1387; x_wconf 89' lang='lat' dir='ltr'>eius</span> <span class='ocrx_word' id='word_1_163' title='bbox 744 1350 856 1387; x_wconf 91' lang='lat' dir='ltr'>dolor</span> <span class='ocrx_word' id='word_1_164' title='bbox 883 1362 1003 1399; x_wconf 89' lang='lat' dir='ltr'>quam</span> <span class='ocrx_word' id='word_1_165' title='bbox 1033 1348 1183 1386; x_wconf 91' lang='lat' dir='ltr'>Christi.</span> 
     </span>
    </p>

    <p class='ocr_par' dir='ltr' id='par_1_11' title="bbox 477 1400 1544 1872">
     <span class='ocr_line' id='line_1_32' title="bbox 531 1400 1541 1451; baseline -0.002 -10"><span class='ocrx_word' id='word_1_166' title='bbox 531 1405 602 1445; x_wconf 73' lang='lat' dir='ltr'>An,</span> <span class='ocrx_word' id='word_1_167' title='bbox 617 1414 788 1445; x_wconf 78' lang='lat' dir='ltr'><strong>QUARTUM</strong></span> <span class='ocrx_word' id='word_1_168' title='bbox 815 1414 996 1440; x_wconf 52' lang='lat' dir='ltr'>»teatinum</span> <span class='ocrx_word' id='word_1_169' title='bbox 1033 1402 1141 1451; x_wconf 91' lang='lat' dir='ltr'>quod</span> <span class='ocrx_word' id='word_1_170' title='bbox 1170 1400 1345 1439; x_wconf 91' lang='lat' dir='ltr'>Christus</span> <span class='ocrx_word' id='word_1_171' title='bbox 1371 1413 1453 1439; x_wconf 90' lang='lat' dir='ltr'>non</span> <span class='ocrx_word' id='word_1_172' title='bbox 1481 1413 1541 1439; x_wconf 93' lang='lat' dir='ltr'>so-</span> 
     </span>
     <span class='ocr_line' id='line_1_33' title="bbox 479 1454 1541 1504; baseline -0.002 -11"><span class='ocrx_word' id='word_1_173' title='bbox 479 1457 561 1494; x_wconf 92' lang='lat' dir='ltr'>lum</span> <span class='ocrx_word' id='word_1_174' title='bbox 592 1455 713 1493; x_wconf 89' lang='lat' dir='ltr'>doluit</span> <span class='ocrx_word' id='word_1_175' title='bbox 749 1467 820 1504; x_wconf 89' lang='lat' dir='ltr'>pro</span> <span class='ocrx_word' id='word_1_176' title='bbox 849 1454 1054 1492; x_wconf 87' lang='lat' dir='ltr'>amissione</span> <span class='ocrx_word' id='word_1_177' title='bbox 1082 1454 1182 1492; x_wconf 89' lang='lat' dir='ltr'>vitae</span> <span class='ocrx_word' id='word_1_178' title='bbox 1210 1454 1419 1504; x_wconf 84' lang='lat' dir='ltr'>corporalis</span> <span class='ocrx_word' id='word_1_179' title='bbox 1453 1466 1541 1504; x_wconf 91' lang='lat' dir='ltr'>pro-</span> 
     </span>
     <span class='ocr_line' id='line_1_34' title="bbox 477 1507 1540 1558; baseline -0.002 -12"><span class='ocrx_word' id='word_1_180' title='bbox 477 1509 602 1558; x_wconf 88' lang='lat' dir='ltr'>priae:</span> <span class='ocrx_word' id='word_1_181' title='bbox 632 1509 699 1545; x_wconf 91' lang='lat' dir='ltr'>sed</span> <span class='ocrx_word' id='word_1_182' title='bbox 727 1508 842 1545; x_wconf 87' lang='lat' dir='ltr'>etiam</span> <span class='ocrx_word' id='word_1_183' title='bbox 869 1520 941 1557; x_wconf 93' lang='lat' dir='ltr'>pro</span> <span class='ocrx_word' id='word_1_184' title='bbox 964 1507 1129 1558; x_wconf 86' lang='lat' dir='ltr'>peccatis</span> <span class='ocrx_word' id='word_1_185' title='bbox 1156 1507 1335 1546; x_wconf 88' lang='lat' dir='ltr'>omnium</span> <span class='ocrx_word' id='word_1_186' title='bbox 1363 1507 1540 1544; x_wconf 89' lang='lat' dir='ltr'>aliorum.</span> 
     </span>
     <span class='ocr_line' id='line_1_35' title="bbox 480 1559 1542 1608; baseline -0.001 -10"><span class='ocrx_word' id='word_1_187' title='bbox 480 1561 558 1608; x_wconf 92' lang='lat' dir='ltr'>Qui</span> <span class='ocrx_word' id='word_1_188' title='bbox 586 1561 698 1598; x_wconf 91' lang='lat' dir='ltr'>dolor</span> <span class='ocrx_word' id='word_1_189' title='bbox 731 1560 771 1598; x_wconf 90' lang='lat' dir='ltr'>in</span> <span class='ocrx_word' id='word_1_190' title='bbox 800 1560 951 1598; x_wconf 91' lang='lat' dir='ltr'>Christo</span> <span class='ocrx_word' id='word_1_191' title='bbox 987 1559 1146 1598; x_wconf 89' lang='lat' dir='ltr'>excessit</span> <span class='ocrx_word' id='word_1_192' title='bbox 1178 1571 1338 1597; x_wconf 90' lang='lat' dir='ltr'>omnem</span> <span class='ocrx_word' id='word_1_193' title='bbox 1366 1560 1542 1597; x_wconf 89' lang='lat' dir='ltr'>dolorem</span> 
     </span>
     <span class='ocr_line' id='line_1_36' title="bbox 478 1612 1542 1663; baseline -0.001 -12"><span class='ocrx_word' id='word_1_194' title='bbox 478 1614 679 1651; x_wconf 88' lang='lat' dir='ltr'>cuiuslibet</span> <span class='ocrx_word' id='word_1_195' title='bbox 706 1613 866 1651; x_wconf 89' lang='lat' dir='ltr'>contriti.</span> <span class='ocrx_word' id='word_1_196' title='bbox 896 1614 1004 1650; x_wconf 91' lang='lat' dir='ltr'>Tum</span> <span class='ocrx_word' id='word_1_197' title='bbox 1023 1612 1114 1663; x_wconf 89' lang='lat' dir='ltr'>quia</span> <span class='ocrx_word' id='word_1_198' title='bbox 1138 1625 1183 1650; x_wconf 88' lang='lat' dir='ltr'>ex</span> <span class='ocrx_word' id='word_1_199' title='bbox 1202 1612 1339 1651; x_wconf 87' lang='lat' dir='ltr'>maiori</span> <span class='ocrx_word' id='word_1_200' title='bbox 1359 1612 1542 1662; x_wconf 82' lang='lat' dir='ltr'>sapientia</span> 
     </span>
     <span class='ocr_line' id='line_1_37' title="bbox 479 1665 1543 1715; baseline -0.002 -11"><span class='ocrx_word' id='word_1_201' title='bbox 479 1675 515 1704; x_wconf 91' lang='lat' dir='ltr'>et</span> <span class='ocrx_word' id='word_1_202' title='bbox 542 1666 694 1704; x_wconf 84' lang='lat' dir='ltr'>caritate</span> <span class='ocrx_word' id='word_1_203' title='bbox 721 1666 918 1715; x_wconf 86' lang='lat' dir='ltr'>processit,</span> <span class='ocrx_word' id='word_1_204' title='bbox 942 1679 988 1703; x_wconf 86' lang='lat' dir='ltr'>ex</span> <span class='ocrx_word' id='word_1_205' title='bbox 1016 1665 1158 1715; x_wconf 90' lang='lat' dir='ltr'>quibus</span> <span class='ocrx_word' id='word_1_206' title='bbox 1177 1666 1289 1703; x_wconf 90' lang='lat' dir='ltr'>dolor</span> <span class='ocrx_word' id='word_1_207' title='bbox 1307 1665 1543 1703; x_wconf 91' lang='lat' dir='ltr'>contritionis</span> 
     </span>
     <span class='ocr_line' id='line_1_38' title="bbox 479 1718 1543 1768; baseline -0.001 -11"><span class='ocrx_word' id='word_1_208' title='bbox 479 1727 649 1768; x_wconf 86' lang='lat' dir='ltr'>augetur.</span> <span class='ocrx_word' id='word_1_209' title='bbox 679 1719 787 1756; x_wconf 91' lang='lat' dir='ltr'>Tum</span> <span class='ocrx_word' id='word_1_210' title='bbox 810 1719 926 1756; x_wconf 88' lang='lat' dir='ltr'>etiam</span> <span class='ocrx_word' id='word_1_211' title='bbox 953 1718 1045 1768; x_wconf 88' lang='lat' dir='ltr'>quia</span> <span class='ocrx_word' id='word_1_212' title='bbox 1072 1730 1143 1768; x_wconf 94' lang='lat' dir='ltr'>pro</span> <span class='ocrx_word' id='word_1_213' title='bbox 1171 1718 1351 1756; x_wconf 89' lang='lat' dir='ltr'>omnium</span> <span class='ocrx_word' id='word_1_214' title='bbox 1378 1718 1543 1768; x_wconf 84' lang='lat' dir='ltr'>peccatis</span> 
     </span>
     <span class='ocr_line' id='line_1_39' title="bbox 480 1770 1544 1809; baseline -0.001 0"><span class='ocrx_word' id='word_1_215' title='bbox 480 1772 595 1809; x_wconf 90' lang='lat' dir='ltr'>simul</span> <span class='ocrx_word' id='word_1_216' title='bbox 622 1771 760 1809; x_wconf 91' lang='lat' dir='ltr'>doluit:</span> <span class='ocrx_word' id='word_1_217' title='bbox 800 1772 1016 1809; x_wconf 91' lang='lat' dir='ltr'>secundum</span> <span class='ocrx_word' id='word_1_218' title='bbox 1044 1771 1137 1808; x_wconf 89' lang='lat' dir='ltr'>illud</span> <span class='ocrx_word' id='word_1_219' title='bbox 1165 1770 1281 1808; x_wconf 89' lang='lat' dir='ltr'>Isaiae</span> <span class='ocrx_word' id='word_1_220' title='bbox 1302 1771 1412 1809; x_wconf 78' lang='lat' dir='ltr'>L111*:</span> <span class='ocrx_word' id='word_1_221' title='bbox 1450 1773 1544 1809; x_wconf 87' lang='lat' dir='ltr'>Vere</span> 
     </span>
     <span class='ocr_line' id='line_1_40' title="bbox 479 1825 1099 1872; baseline -0.002 -10"><span class='ocrx_word' id='word_1_222' title='bbox 479 1826 624 1862; x_wconf 78' lang='lat' dir='ltr'>dolores</span> <span class='ocrx_word' id='word_1_223' title='bbox 652 1830 794 1862; x_wconf 84' lang='lat' dir='ltr'>nostros</span> <span class='ocrx_word' id='word_1_224' title='bbox 822 1826 898 1872; x_wconf 79' lang='lat' dir='ltr'>ipse</span> <span class='ocrx_word' id='word_1_225' title='bbox 924 1825 1013 1861; x_wconf 84' lang='lat' dir='ltr'>tulit.</span> <span class='ocrx_word' id='word_1_226' title='bbox 1094 1826 1099 1830; x_wconf 84' lang='grc'><strong>’</strong></span> 
     </span>
    </p>
   </div>
   <div class='ocr_carea' id='block_1_9' title="bbox 533 1954 1280 2096">
    <p class='ocr_par' dir='ltr' id='par_1_12' title="bbox 534 1954 827 1989">
     <span class='ocr_line' id='line_1_41' title="bbox 534 1954 827 1989; baseline 0.003 -10"><span class='ocrx_word' id='word_1_227' title='bbox 534 1954 563 1989; x_wconf 83' lang='grc' dir='ltr'>μ)</span> <span class='ocrx_word' id='word_1_228' title='bbox 582 1955 634 1987; x_wconf 79' lang='lat' dir='ltr'>qui.</span> <span class='ocrx_word' id='word_1_229' title='bbox 652 1969 672 1974; x_wconf 88' lang='lat'><em>-</em></span> <span class='ocrx_word' id='word_1_230' title='bbox 690 1962 758 1988; x_wconf 82' lang='lat' dir='ltr'>quae</span> <span class='ocrx_word' id='word_1_231' title='bbox 778 1954 827 1980; x_wconf 75' lang='lat' dir='ltr'>PF.</span> 
     </span>
    </p>

    <p class='ocr_par' dir='ltr' id='par_1_13' title="bbox 533 1989 1136 2024">
     <span class='ocr_line' id='line_1_42' title="bbox 533 1989 1136 2024; baseline 0.002 -9"><span class='ocrx_word' id='word_1_232' title='bbox 533 1990 557 2024; x_wconf 85' lang='grc' dir='ltr'>ν)</span> <span class='ocrx_word' id='word_1_233' title='bbox 577 1991 706 2016; x_wconf 73' lang='lat' dir='ltr'>diximus.</span> <span class='ocrx_word' id='word_1_234' title='bbox 724 2005 743 2009; x_wconf 86' lang='lat'><em>-</em></span> <span class='ocrx_word' id='word_1_235' title='bbox 761 1991 874 2016; x_wconf 78' lang='lat' dir='ltr'>dicimus</span> <span class='ocrx_word' id='word_1_236' title='bbox 892 1989 938 2015; x_wconf 84' lang='lat' dir='ltr'>FG</span> <span class='ocrx_word' id='word_1_237' title='bbox 957 1994 983 2015; x_wconf 83' lang='lat' dir='ltr'>et</span> <span class='ocrx_word' id='word_1_238' title='bbox 1001 1989 1136 2016; x_wconf 81' lang='lat' dir='ltr'>editiones.</span> 
     </span>
    </p>

    <p class='ocr_par' dir='ltr' id='par_1_14' title="bbox 533 2025 1280 2096">
     <span class='ocr_line' id='line_1_43' title="bbox 534 2025 1280 2060; baseline 0 -9"><span class='ocrx_word' id='word_1_239' title='bbox 534 2025 557 2060; x_wconf 77' lang='grc' dir='ltr'>ξ)</span> <span class='ocrx_word' id='word_1_240' title='bbox 577 2027 697 2051; x_wconf 83' lang='lat' dir='ltr'>alterius.</span> <span class='ocrx_word' id='word_1_241' title='bbox 714 2040 733 2044; x_wconf 94' lang='lat'>-</span> <span class='ocrx_word' id='word_1_242' title='bbox 751 2026 821 2051; x_wconf 77' lang='lat' dir='ltr'>vitae</span> <span class='ocrx_word' id='word_1_243' title='bbox 840 2025 951 2051; x_wconf 75' lang='lat' dir='ltr'>alterius</span> <span class='ocrx_word' id='word_1_244' title='bbox 970 2025 1000 2050; x_wconf 75' lang='lat' dir='ltr'>P.</span> <span class='ocrx_word' id='word_1_245' title='bbox 1017 2039 1037 2044; x_wconf 91' lang='lat'><strong>—</strong></span> <span class='ocrx_word' id='word_1_246' title='bbox 1053 2025 1169 2052; x_wconf 81' lang='lat' dir='ltr'>hominis</span> <span class='ocrx_word' id='word_1_247' title='bbox 1187 2034 1242 2051; x_wconf 88' lang='lat' dir='ltr'>om.</span> <span class='ocrx_word' id='word_1_248' title='bbox 1262 2026 1280 2051; x_wconf 93' lang='lat'>1.</span> 
     </span>
     <span class='ocr_line' id='line_1_44' title="bbox 533 2061 811 2096; baseline -0.004 -9"><span class='ocrx_word' id='word_1_249' title='bbox 533 2062 558 2096; x_wconf 92' lang='lat' dir='ltr'>o)</span> <span class='ocrx_word' id='word_1_250' title='bbox 574 2063 645 2094; x_wconf 78' lang='lat' dir='ltr'>plus.</span> <span class='ocrx_word' id='word_1_251' title='bbox 664 2076 684 2080; x_wconf 91' lang='lat'>-</span> <span class='ocrx_word' id='word_1_252' title='bbox 702 2062 763 2086; x_wconf 92' lang='lat' dir='ltr'>Om.</span> <span class='ocrx_word' id='word_1_253' title='bbox 784 2061 811 2086; x_wconf 90' lang='grc' dir='ltr'>Ρ.</span> 
     </span>
    </p>
   </div>
   <div class='ocr_carea' id='block_1_10' title="bbox 1153 2147 1987 2180">
    <p class='ocr_par' dir='ltr' id='par_1_15' title="bbox 1153 2147 1987 2180">
     <span class='ocr_line' id='line_1_45' title="bbox 1153 2147 1987 2180; baseline 0 0"><span class='ocrx_word' id='word_1_254' title='bbox 1153 2148 1490 2180; x_wconf 59' lang='lat' dir='ltr'>Commenta-ia</span> <span class='ocrx_word' id='word_1_255' title='bbox 1510 2147 1764 2180; x_wconf 72' lang='lat' dir='ltr'>cardinalis</span> <span class='ocrx_word' id='word_1_256' title='bbox 1784 2147 1987 2180; x_wconf 71' lang='lat' dir='ltr'>Caietam</span> 
     </span>
    </p>
   </div>
   <div class='ocr_carea' id='block_1_11' title="bbox 478 2237 1544 2630">
    <p class='ocr_par' dir='ltr' id='par_1_16' title="bbox 539 2237 1147 2277">
     <span class='ocr_line' id='line_1_46' title="bbox 539 2237 1147 2277; baseline -0.003 -8"><span class='ocrx_word' id='word_1_257' title='bbox 539 2249 645 2269; x_wconf 67' lang='lat' dir='ltr'>nunus</span> <span class='ocrx_word' id='word_1_258' title='bbox 668 2243 704 2268; x_wconf 90' lang='lat' dir='ltr'>ut</span> <span class='ocrx_word' id='word_1_259' title='bbox 726 2243 819 2268; x_wconf 81' lang='lat' dir='ltr'>sonat</span> <span class='ocrx_word' id='word_1_260' title='bbox 842 2237 1067 2277; x_wconf 85' lang='lat' dir='ltr'>intelligendus</span> <span class='ocrx_word' id='word_1_261' title='bbox 1091 2242 1147 2267; x_wconf 89' lang='lat' dir='ltr'>est.</span> 
     </span>
    </p>

    <p class='ocr_par' dir='ltr' id='par_1_17' title="bbox 479 2251 1543 2357">
     <span class='ocr_line' id='line_1_47' title="bbox 481 2251 1543 2322; baseline -0.002 -9"><span class='ocrx_word' id='word_1_262' title='bbox 481 2251 535 2312; x_wconf 86' lang='lat' dir='ltr'>T</span> <span class='ocrx_word' id='word_1_263' title='bbox 594 2283 629 2313; x_wconf 92' lang='lat' dir='ltr'>In</span> <span class='ocrx_word' id='word_1_264' title='bbox 660 2291 794 2322; x_wconf 87' lang='lat' dir='ltr'>corpore</span> <span class='ocrx_word' id='word_1_265' title='bbox 823 2281 899 2312; x_wconf 88' lang='lat' dir='ltr'>duo.</span> <span class='ocrx_word' id='word_1_266' title='bbox 935 2281 1060 2317; x_wconf 88' lang='lat' dir='ltr'>Primo,</span> <span class='ocrx_word' id='word_1_267' title='bbox 1084 2286 1289 2312; x_wconf 89' lang='lat' dir='ltr'>resumuntur</span> <span class='ocrx_word' id='word_1_268' title='bbox 1321 2280 1386 2312; x_wconf 90' lang='lat' dir='ltr'>duo</span> <span class='ocrx_word' id='word_1_269' title='bbox 1417 2280 1543 2311; x_wconf 89' lang='lat' dir='ltr'>dolores</span> 
     </span>
     <span class='ocr_line' id='line_1_48' title="bbox 479 2326 1202 2357; baseline -0.001 0"><span class='ocrx_word' id='word_1_270' title='bbox 479 2328 512 2357; x_wconf 90' lang='lat' dir='ltr'>in</span> <span class='ocrx_word' id='word_1_271' title='bbox 537 2327 681 2357; x_wconf 85' lang='lat' dir='ltr'>Christo:</span> <span class='ocrx_word' id='word_1_272' title='bbox 707 2326 842 2356; x_wconf 90' lang='lat' dir='ltr'>exterior</span> <span class='ocrx_word' id='word_1_273' title='bbox 865 2326 984 2356; x_wconf 87' lang='lat' dir='ltr'>scilicet</span> <span class='ocrx_word' id='word_1_274' title='bbox 1007 2330 1038 2356; x_wconf 90' lang='lat' dir='ltr'>et</span> <span class='ocrx_word' id='word_1_275' title='bbox 1061 2326 1202 2356; x_wconf 88' lang='lat' dir='ltr'>interior.</span> 
     </span>
    </p>

    <p class='ocr_par' dir='ltr' id='par_1_18' title="bbox 478 2369 1544 2587">
     <span class='ocr_line' id='line_1_49' title="bbox 534 2369 1544 2410; baseline -0.002 -9"><span class='ocrx_word' id='word_1_276' title='bbox 534 2370 694 2405; x_wconf 88' lang='lat' dir='ltr'>Secundo,</span> <span class='ocrx_word' id='word_1_277' title='bbox 707 2369 917 2410; x_wconf 86' lang='lat' dir='ltr'>respondetur</span> <span class='ocrx_word' id='word_1_278' title='bbox 935 2370 1079 2409; x_wconf 86' lang='lat' dir='ltr'>quaesito</span> <span class='ocrx_word' id='word_1_279' title='bbox 1096 2370 1192 2399; x_wconf 88' lang='lat' dir='ltr'>unica</span> <span class='ocrx_word' id='word_1_280' title='bbox 1207 2369 1430 2399; x_wconf 87' lang='lat' dir='ltr'>conclusione:</span> <span class='ocrx_word' id='word_1_281' title='bbox 1451 2369 1544 2399; x_wconf 86' lang='lat' dir='ltr'>Uter-</span> 
     </span>
     <span class='ocr_line' id='line_1_50' title="bbox 478 2414 1544 2455; baseline -0.002 -10"><span class='ocrx_word' id='word_1_282' title='bbox 478 2424 540 2455; x_wconf 81' lang='lat' dir='ltr'>que</span> <span class='ocrx_word' id='word_1_283' title='bbox 561 2415 658 2445; x_wconf 86' lang='lat' dir='ltr'>dolor</span> <span class='ocrx_word' id='word_1_284' title='bbox 680 2414 712 2444; x_wconf 80' lang='lat' dir='ltr'>in</span> <span class='ocrx_word' id='word_1_285' title='bbox 732 2414 860 2444; x_wconf 79' lang='lat' dir='ltr'>Christo</span> <span class='ocrx_word' id='word_1_286' title='bbox 875 2414 950 2455; x_wconf 83' lang='lat' dir='ltr'>fuit</span> <span class='ocrx_word' id='word_1_287' title='bbox 971 2414 1133 2444; x_wconf 76' lang='lat' dir='ltr'>maximus</span> <span class='ocrx_word' id='word_1_288' title='bbox 1147 2423 1246 2454; x_wconf 79' lang='lat' dir='ltr'>super</span> <span class='ocrx_word' id='word_1_289' title='bbox 1260 2422 1371 2444; x_wconf 82' lang='lat' dir='ltr'>omnes</span> <span class='ocrx_word' id='word_1_290' title='bbox 1388 2418 1544 2453; x_wconf 72' lang='lat' dir='ltr'>praesen-</span> 
     </span>
     <span class='ocr_line' id='line_1_51' title="bbox 479 2457 1544 2498; baseline -0.002 -9"><span class='ocrx_word' id='word_1_291' title='bbox 479 2460 520 2489; x_wconf 81' lang='lat' dir='ltr'>tis</span> <span class='ocrx_word' id='word_1_292' title='bbox 542 2459 635 2489; x_wconf 80' lang='lat' dir='ltr'>vitae.</span> <span class='ocrx_word' id='word_1_293' title='bbox 670 2458 826 2488; x_wconf 87' lang='lat' dir='ltr'>Probatur</span> <span class='ocrx_word' id='word_1_294' title='bbox 849 2467 886 2488; x_wconf 84' lang='lat' dir='ltr'>ex</span> <span class='ocrx_word' id='word_1_295' title='bbox 911 2463 1051 2498; x_wconf 86' lang='lat' dir='ltr'>quatuor</span> <span class='ocrx_word' id='word_1_296' title='bbox 1075 2457 1170 2488; x_wconf 87' lang='lat' dir='ltr'>simul</span> <span class='ocrx_word' id='word_1_297' title='bbox 1193 2457 1326 2488; x_wconf 88' lang='lat' dir='ltr'>iunctis:</span> <span class='ocrx_word' id='word_1_298' title='bbox 1359 2457 1480 2488; x_wconf 86' lang='lat' dir='ltr'>scilicet</span> <span class='ocrx_word' id='word_1_299' title='bbox 1506 2466 1544 2487; x_wconf 81' lang='lat' dir='ltr'>ex</span> 
     </span>
     <span class='ocr_line' id='line_1_52' title="bbox 480 2501 1543 2543; baseline -0.001 -10"><span class='ocrx_word' id='word_1_300' title='bbox 480 2504 597 2539; x_wconf 83' lang='lat' dir='ltr'>causis,</span> <span class='ocrx_word' id='word_1_301' title='bbox 622 2512 659 2533; x_wconf 90' lang='lat' dir='ltr'>ex</span> <span class='ocrx_word' id='word_1_302' title='bbox 683 2503 838 2543; x_wconf 82' lang='lat' dir='ltr'>patiente,</span> <span class='ocrx_word' id='word_1_303' title='bbox 864 2511 902 2532; x_wconf 85' lang='lat' dir='ltr'>ex</span> <span class='ocrx_word' id='word_1_304' title='bbox 924 2502 1061 2542; x_wconf 87' lang='lat' dir='ltr'>puritate</span> <span class='ocrx_word' id='word_1_305' title='bbox 1084 2501 1221 2538; x_wconf 84' lang='lat' dir='ltr'>doloris,</span> <span class='ocrx_word' id='word_1_306' title='bbox 1241 2506 1273 2531; x_wconf 84' lang='lat' dir='ltr'>et</span> <span class='ocrx_word' id='word_1_307' title='bbox 1303 2511 1341 2532; x_wconf 85' lang='lat' dir='ltr'>ex</span> <span class='ocrx_word' id='word_1_308' title='bbox 1368 2502 1543 2541; x_wconf 84' lang='lat' dir='ltr'>quantitate</span> 
     </span>
     <span class='ocr_line' id='line_1_53' title="bbox 478 2545 916 2587; baseline -0.005 -10"><span class='ocrx_word' id='word_1_309' title='bbox 478 2547 720 2587; x_wconf 83' lang='lat' dir='ltr'>proportionata</span> <span class='ocrx_word' id='word_1_310' title='bbox 744 2545 784 2576; x_wconf 87' lang='lat' dir='ltr'>ad</span> <span class='ocrx_word' id='word_1_311' title='bbox 806 2545 916 2576; x_wconf 89' lang='lat' dir='ltr'>finem.</span> 
     </span>
    </p>

    <p class='ocr_par' dir='ltr' id='par_1_19' title="bbox 534 2588 1544 2630">
     <span class='ocr_line' id='line_1_54' title="bbox 534 2588 1544 2630; baseline -0.002 -9"><span class='ocrx_word' id='word_1_312' title='bbox 534 2591 596 2621; x_wconf 91' lang='lat' dir='ltr'>Ubi</span> <span class='ocrx_word' id='word_1_313' title='bbox 619 2590 726 2621; x_wconf 89' lang='lat' dir='ltr'>videre</span> <span class='ocrx_word' id='word_1_314' title='bbox 750 2589 841 2620; x_wconf 84' lang='lat' dir='ltr'>facile</span> <span class='ocrx_word' id='word_1_315' title='bbox 864 2595 956 2630; x_wconf 88' lang='lat' dir='ltr'>potes</span> <span class='ocrx_word' id='word_1_316' title='bbox 981 2588 1070 2630; x_wconf 92' lang='lat' dir='ltr'>quod</span> <span class='ocrx_word' id='word_1_317' title='bbox 1092 2590 1126 2620; x_wconf 93' lang='lat' dir='ltr'>in</span> <span class='ocrx_word' id='word_1_318' title='bbox 1148 2589 1239 2620; x_wconf 90' lang='lat' dir='ltr'>nullo</span> <span class='ocrx_word' id='word_1_319' title='bbox 1263 2589 1326 2620; x_wconf 88' lang='lat' dir='ltr'>alio</span> <span class='ocrx_word' id='word_1_320' title='bbox 1350 2588 1462 2620; x_wconf 87' lang='lat' dir='ltr'>dolore</span> <span class='ocrx_word' id='word_1_321' title='bbox 1484 2589 1544 2619; x_wconf 86' lang='lat' dir='ltr'>hu-</span> 
     </span>
    </p>
   </div>
   <div class='ocr_carea' id='block_1_12' title="bbox 1434 2675 1540 2683">
    <p class='ocr_par' dir='ltr' id='par_1_20' title="bbox 1434 2675 1540 2683">
     <span class='ocr_line' id='line_1_55' title="bbox 1434 2675 1540 2683; baseline 0 1287"><span class='ocrx_word' id='word_1_322' title='bbox 1434 2675 1540 2683; x_wconf 95' lang='lat' dir='ltr'> </span> 
     </span>
    </p>
   </div>
   <div class='ocr_carea' id='block_1_13' title="bbox 484 3035 743 3234">
    <p class='ocr_par' dir='ltr' id='par_1_21' title="bbox 484 3035 743 3234">
     <span class='ocr_line' id='line_1_56' title="bbox 484 3035 743 3234; baseline 0 736"><span class='ocrx_word' id='word_1_323' title='bbox 484 3035 743 3234; x_wconf 95' lang='lat' dir='ltr'> </span> 
     </span>
    </p>
   </div>
   <div class='ocr_carea' id='block_1_14' title="bbox 484 3184 1546 3495">
    <p class='ocr_par' dir='ltr' id='par_1_22' title="bbox 484 3179 1546 3495">
     <span class='ocr_line' id='line_1_57' title="bbox 674 3184 1544 3236; baseline 0.004 -14.581"><span class='ocrx_word' id='word_1_324' title='bbox 674 3212 682 3218; x_wconf 70' lang='lat'>.</span> <span class='ocrx_word' id='word_1_325' title='bbox 728 3184 858 3222; x_wconf 87' lang='lat' dir='ltr'>tiente</span> <span class='ocrx_word' id='word_1_326' title='bbox 886 3198 1060 3235; x_wconf 89' lang='lat' dir='ltr'>corpore,</span> <span class='ocrx_word' id='word_1_327' title='bbox 1079 3198 1149 3236; x_wconf 90' lang='lat' dir='ltr'>per</span> <span class='ocrx_word' id='word_1_328' title='bbox 1174 3186 1362 3234; x_wconf 87' lang='lat' dir='ltr'>accidens,</span> <span class='ocrx_word' id='word_1_329' title='bbox 1382 3186 1544 3236; x_wconf 82' lang='lat' dir='ltr'>inquan-</span> 
     </span>
     <span class='ocr_line' id='line_1_58' title="bbox 484 3238 1545 3286; baseline 0.004 -13"><span class='ocrx_word' id='word_1_330' title='bbox 484 3244 566 3273; x_wconf 89' lang='lat' dir='ltr'>tum</span> <span class='ocrx_word' id='word_1_331' title='bbox 586 3245 640 3273; x_wconf 88' lang='lat' dir='ltr'>est</span> <span class='ocrx_word' id='word_1_332' title='bbox 658 3240 825 3286; x_wconf 80' lang='lat' dir='ltr'>corporis</span> <span class='ocrx_word' id='word_1_333' title='bbox 844 3243 945 3274; x_wconf 78' lang='lat' dir='ltr'>actus</span> <span class='ocrx_word' id='word_1_334' title='bbox 961 3238 991 3275; x_wconf 76' lang='lat'>⁸¹⁸.</span> <span class='ocrx_word' id='word_1_335' title='bbox 1022 3239 1098 3276; x_wconf 92' lang='lat' dir='ltr'>Sed</span> <span class='ocrx_word' id='word_1_336' title='bbox 1118 3239 1247 3277; x_wconf 86' lang='lat' dir='ltr'>anima</span> <span class='ocrx_word' id='word_1_337' title='bbox 1266 3251 1346 3277; x_wconf 89' lang='lat' dir='ltr'>non</span> <span class='ocrx_word' id='word_1_338' title='bbox 1366 3247 1421 3277; x_wconf 86' lang='lat' dir='ltr'>est</span> <span class='ocrx_word' id='word_1_339' title='bbox 1438 3247 1545 3278; x_wconf 86' lang='lat' dir='ltr'>actus</span> 
     </span>
     <span class='ocr_line' id='line_1_59' title="bbox 484 3267 1545 3340; baseline 0.006 -15"><span class='ocrx_word' id='word_1_340' title='bbox 484 3289 654 3337; x_wconf 87' lang='lat' dir='ltr'>corporis</span> <span class='ocrx_word' id='word_1_341' title='bbox 682 3290 897 3326; x_wconf 90' lang='lat' dir='ltr'>secundum</span> <span class='ocrx_word' id='word_1_342' title='bbox 925 3267 1135 3339; x_wconf 88' lang='lat' dir='ltr'>quamlibet</span> <span class='ocrx_word' id='word_1_343' title='bbox 1154 3299 1302 3340; x_wconf 87' lang='lat' dir='ltr'>partem</span> <span class='ocrx_word' id='word_1_344' title='bbox 1321 3292 1422 3330; x_wconf 87' lang='lat' dir='ltr'>eius:</span> <span class='ocrx_word' id='word_1_345' title='bbox 1453 3305 1545 3330; x_wconf 80' lang='lat' dir='ltr'>narn</span> 
     </span>
     <span class='ocr_line' id='line_1_60' title="bbox 486 3340 1546 3391; baseline 0.006 -14"><span class='ocrx_word' id='word_1_346' title='bbox 486 3340 691 3378; x_wconf 89' lang='lat' dir='ltr'>intellectus</span> <span class='ocrx_word' id='word_1_347' title='bbox 724 3341 864 3379; x_wconf 90' lang='lat' dir='ltr'>nullius</span> <span class='ocrx_word' id='word_1_348' title='bbox 896 3343 1067 3391; x_wconf 90' lang='lat' dir='ltr'>corporis</span> <span class='ocrx_word' id='word_1_349' title='bbox 1101 3351 1207 3381; x_wconf 91' lang='lat' dir='ltr'>actus</span> <span class='ocrx_word' id='word_1_350' title='bbox 1235 3352 1311 3391; x_wconf 90' lang='lat' dir='ltr'>est,</span> <span class='ocrx_word' id='word_1_351' title='bbox 1340 3353 1382 3382; x_wconf 92' lang='lat' dir='ltr'>ut</span> <span class='ocrx_word' id='word_1_352' title='bbox 1409 3345 1546 3383; x_wconf 90' lang='lat' dir='ltr'>dicitur</span> 
     </span>
     <span class='ocr_line' id='line_1_61' title="bbox 486 3392 1545 3446; baseline 0.006 -16"><span class='ocrx_word' id='word_1_353' title='bbox 486 3392 524 3429; x_wconf 91' lang='lat' dir='ltr'>in</span> <span class='ocrx_word' id='word_1_354' title='bbox 552 3394 596 3430; x_wconf 89' lang='lat'>111</span> <span class='ocrx_word' id='word_1_355' title='bbox 623 3394 668 3430; x_wconf 83' lang='lat' dir='ltr'>de</span> <span class='ocrx_word' id='word_1_356' title='bbox 686 3395 825 3431; x_wconf 86' lang='lat' dir='ltr'>Anima</span> <span class='ocrx_word' id='word_1_357' title='bbox 844 3394 874 3431; x_wconf 85' lang='lat'>*.</span> <span class='ocrx_word' id='word_1_358' title='bbox 918 3395 1020 3442; x_wconf 84' lang='lat' dir='ltr'>Ergo</span> <span class='ocrx_word' id='word_1_359' title='bbox 1047 3395 1198 3433; x_wconf 86' lang='lat' dir='ltr'>videtur</span> <span class='ocrx_word' id='word_1_360' title='bbox 1232 3397 1339 3446; x_wconf 88' lang='lat' dir='ltr'>quod</span> <span class='ocrx_word' id='word_1_361' title='bbox 1372 3397 1545 3435; x_wconf 90' lang='lat' dir='ltr'>Christus</span> 
     </span>
     <span class='ocr_line' id='line_1_62' title="bbox 487 3445 1463 3495; baseline 0.007 -14"><span class='ocrx_word' id='word_1_362' title='bbox 487 3457 565 3482; x_wconf 90' lang='lat' dir='ltr'>non</span> <span class='ocrx_word' id='word_1_363' title='bbox 593 3445 702 3482; x_wconf 78' lang='lat' dir='ltr'>fuerit</span> <span class='ocrx_word' id='word_1_364' title='bbox 730 3458 864 3495; x_wconf 87' lang='lat' dir='ltr'>passus</span> <span class='ocrx_word' id='word_1_365' title='bbox 892 3446 1107 3483; x_wconf 90' lang='lat' dir='ltr'>secundum</span> <span class='ocrx_word' id='word_1_366' title='bbox 1134 3455 1254 3486; x_wconf 87' lang='lat' dir='ltr'>totam</span> <span class='ocrx_word' id='word_1_367' title='bbox 1282 3449 1463 3487; x_wconf 84' lang='lat' dir='ltr'>animam.</span> 
     </span>
    </p>
   </div>
   <div class='ocr_carea' id='block_1_15' title="bbox 539 3575 1098 3609">
    <p class='ocr_par' dir='ltr' id='par_1_23' title="bbox 539 3575 1098 3609">
     <span class='ocr_line' id='line_1_63' title="bbox 539 3575 1098 3609; baseline 0.007 -11"><span class='ocrx_word' id='word_1_368' title='bbox 539 3575 566 3609; x_wconf 83' lang='grc' dir='ltr'>α)</span> <span class='ocrx_word' id='word_1_369' title='bbox 585 3575 709 3600; x_wconf 77' lang='lat' dir='ltr'>aeternis.</span> <span class='ocrx_word' id='word_1_370' title='bbox 726 3589 744 3594; x_wconf 93' lang='lat'>-</span> <span class='ocrx_word' id='word_1_371' title='bbox 763 3576 801 3601; x_wconf 83' lang='lat' dir='ltr'>Ea</span> <span class='ocrx_word' id='word_1_372' title='bbox 820 3581 845 3601; x_wconf 86' lang='lat' dir='ltr'>et</span> <span class='ocrx_word' id='word_1_373' title='bbox 862 3577 949 3607; x_wconf 55' lang='lat' dir='ltr'>tertium</span> <span class='ocrx_word' id='word_1_374' title='bbox 968 3577 1098 3602; x_wconf 72' lang='lat' dir='ltr'>exterius.</span> 
     </span>
    </p>
   </div>
   <div class='ocr_carea' id='block_1_16' title="bbox 1157 270 2006 319">
    <p class='ocr_par' dir='ltr' id='par_1_24' title="bbox 1157 270 2006 319">
     <span class='ocr_line' id='line_1_64' title="bbox 1157 270 2006 319; baseline 0 -10"><span class='ocrx_word' id='word_1_375' title='bbox 1157 271 1422 319; x_wconf 89' lang='lat' dir='ltr'>QUAESTIO</span> <span class='ocrx_word' id='word_1_376' title='bbox 1450 270 1915 319; x_wconf 89' lang='lat' dir='ltr'>XLVI,ART1CULUS</span> <span class='ocrx_word' id='word_1_377' title='bbox 1940 270 2006 309; x_wconf 86' lang='lat' dir='ltr'>vn</span> 
     </span>
    </p>
   </div>
   <div class='ocr_carea' id='block_1_17' title="bbox 1542 2675 1699 2683">
    <p class='ocr_par' dir='ltr' id='par_1_25' title="bbox 1542 2675 1699 2683">
     <span class='ocr_line' id='line_1_65' title="bbox 1542 2675 1699 2683; baseline -0.006 0"><span class='ocrx_word' id='word_1_378' title='bbox 1542 2675 1699 2683; x_wconf 60' lang='lat' dir='ltr'><em>W</em></span> 
     </span>
    </p>
   </div>
   <div class='ocr_carea' id='block_1_18' title="bbox 872 2726 2272 2868">
    <p class='ocr_par' dir='ltr' id='par_1_26' title="bbox 872 2726 2272 2868">
     <span class='ocr_line' id='line_1_66' title="bbox 1264 2726 1903 2802; baseline 0.003 -19"><span class='ocrx_word' id='word_1_379' title='bbox 1264 2726 1581 2784; x_wconf 66' lang='lat' dir='ltr'>Aartcutu&#39;s</span> <span class='ocrx_word' id='word_1_380' title='bbox 1611 2741 1903 2802; x_wconf 64' lang='lat' dir='ltr'>strumus</span> 
     </span>
     <span class='ocr_line' id='line_1_67' title="bbox 872 2834 2272 2868; baseline 0.001 -2"><span class='ocrx_word' id='word_1_381' title='bbox 872 2835 1028 2866; x_wconf 87' lang='lat' dir='ltr'>UTRUM</span> <span class='ocrx_word' id='word_1_382' title='bbox 1053 2834 1266 2866; x_wconf 83' lang='lat' dir='ltr'>CHRISTUS</span> <span class='ocrx_word' id='word_1_383' title='bbox 1289 2834 1448 2866; x_wconf 82' lang='lat' dir='ltr'>FUERIT</span> <span class='ocrx_word' id='word_1_384' title='bbox 1472 2834 1628 2867; x_wconf 89' lang='lat' dir='ltr'>PASSUS</span> <span class='ocrx_word' id='word_1_385' title='bbox 1650 2835 1890 2868; x_wconf 90' lang='lat' dir='ltr'>SECUNDUM</span> <span class='ocrx_word' id='word_1_386' title='bbox 1914 2835 2072 2867; x_wconf 89' lang='lat' dir='ltr'>TOTAM</span> <span class='ocrx_word' id='word_1_387' title='bbox 2094 2835 2272 2867; x_wconf 79' lang='lat' dir='ltr'>ANIMAM</span> 
     </span>
    </p>
   </div>
   <div class='ocr_carea' id='block_1_19' title="bbox 668 2913 2465 2982">
    <p class='ocr_par' dir='ltr' id='par_1_27' title="bbox 668 2913 2465 2982">
     <span class='ocr_line' id='line_1_68' title="bbox 668 2913 2465 2950; baseline 0.002 -11"><span class='ocrx_word' id='word_1_388' title='bbox 668 2914 802 2942; x_wconf 64' lang='grc' dir='ltr'>Ιῐῐδεηῑη</span> <span class='ocrx_word' id='word_1_389' title='bbox 822 2913 881 2939; x_wconf 88' lang='lat' dir='ltr'>di.st</span> <span class='ocrx_word' id='word_1_390' title='bbox 900 2921 940 2942; x_wconf 83' lang='lat' dir='ltr'>xv.</span> <span class='ocrx_word' id='word_1_391' title='bbox 960 2921 1003 2946; x_wconf 88' lang='lat' dir='ltr'>qu.</span> <span class='ocrx_word' id='word_1_392' title='bbox 1022 2921 1050 2944; x_wconf 89' lang='lat' dir='ltr'>n,</span> <span class='ocrx_word' id='word_1_393' title='bbox 1070 2918 1115 2939; x_wconf 88' lang='lat' dir='ltr'>art.</span> <span class='ocrx_word' id='word_1_394' title='bbox 1137 2920 1160 2945; x_wconf 84' lang='grc' dir='ltr'>ι,</span> <span class='ocrx_word' id='word_1_395' title='bbox 1180 2913 1229 2946; x_wconf 68' lang='lat' dir='ltr'>qu*</span> <span class='ocrx_word' id='word_1_396' title='bbox 1249 2913 1278 2942; x_wconf 89' lang='grc'>3,</span> <span class='ocrx_word' id='word_1_397' title='bbox 1299 2913 1390 2944; x_wconf 82' lang='lat' dir='ltr'>art.3,</span> <span class='ocrx_word' id='word_1_398' title='bbox 1410 2913 1460 2946; x_wconf 77' lang='lat' dir='ltr'>qu·</span> <span class='ocrx_word' id='word_1_399' title='bbox 1482 2921 1511 2943; x_wconf 87' lang='grc'>2;</span> <span class='ocrx_word' id='word_1_400' title='bbox 1532 2914 1680 2944; x_wconf 64' lang='lat' dir='ltr'>DeVerit„</span> <span class='ocrx_word' id='word_1_401' title='bbox 1700 2922 1743 2947; x_wconf 92' lang='lat' dir='ltr'>qu.</span> <span class='ocrx_word' id='word_1_402' title='bbox 1762 2922 1828 2945; x_wconf 60' lang='grc' dir='ltr'>τινι,</span> <span class='ocrx_word' id='word_1_403' title='bbox 1849 2920 1896 2941; x_wconf 80' lang='lat' dir='ltr'>art.</span> <span class='ocrx_word' id='word_1_404' title='bbox 1917 2914 1941 2946; x_wconf 82' lang='lat'>3.</span> <span class='ocrx_word' id='word_1_405' title='bbox 1960 2915 2042 2947; x_wconf 80' lang='lat' dir='ltr'>ad13</span> <span class='ocrx_word' id='word_1_406' title='bbox 2061 2919 2159 2950; x_wconf 77' lang='grc' dir='ltr'>ιι-ι.9,</span> <span class='ocrx_word' id='word_1_407' title='bbox 2179 2915 2349 2946; x_wconf 65' lang='lat' dir='ltr'>Quodavn.</span> <span class='ocrx_word' id='word_1_408' title='bbox 2367 2923 2414 2949; x_wconf 83' lang='lat' dir='ltr'>qu.</span> <span class='ocrx_word' id='word_1_409' title='bbox 2431 2923 2465 2945; x_wconf 67' lang='grc' dir='ltr'>ης</span> 
     </span>
     <span class='ocr_line' id='line_1_69' title="bbox 1339 2931 1808 2982; baseline 0.002 -8"><span class='ocrx_word' id='word_1_410' title='bbox 1339 2949 1482 2982; x_wconf 77' lang='lat' dir='ltr'>Compend.</span> <span class='ocrx_word' id='word_1_411' title='bbox 1504 2931 1603 2979; x_wconf 58' lang='lat' dir='ltr'>heol„</span> <span class='ocrx_word' id='word_1_412' title='bbox 1622 2956 1678 2982; x_wconf 79' lang='lat' dir='ltr'>cap.</span> <span class='ocrx_word' id='word_1_413' title='bbox 1698 2957 1808 2976; x_wconf 82' lang='lat' dir='ltr'>ccxxxn.</span> 
     </span>
    </p>
   </div>
   <div class='ocr_carea' id='block_1_20' title="bbox 2400 424 2868 3970">
    <p class='ocr_par' dir='ltr' id='par_1_28' title="bbox 2400 424 2868 3970">
     <span class='ocr_line' id='line_1_70' title="bbox 2702 424 2868 581; baseline 0.018 -56"><span class='ocrx_word' id='word_1_414' title='bbox 2702 424 2868 581; x_wconf 95' lang='lat' dir='ltr'>    </span> 
     </span>
     <span class='ocr_line' id='line_1_71' title="bbox 2663 581 2868 691; baseline 0 -54"><span class='ocrx_word' id='word_1_415' title='bbox 2663 581 2868 691; x_wconf 95' lang='lat' dir='ltr'>    </span> 
     </span>
     <span class='ocr_line' id='line_1_72' title="bbox 2667 691 2864 792; baseline 0 0"><span class='ocrx_word' id='word_1_416' title='bbox 2667 691 2864 792; x_wconf 95' lang='lat' dir='ltr'>   </span> 
     </span>
     <span class='ocr_line' id='line_1_73' title="bbox 2540 792 2868 933; baseline 0 -80"><span class='ocrx_word' id='word_1_417' title='bbox 2540 792 2868 933; x_wconf 95' lang='lat' dir='ltr'>    </span> 
     </span>
     <span class='ocr_line' id='line_1_74' title="bbox 2548 954 2868 1164; baseline -0.013 -105"><span class='ocrx_word' id='word_1_418' title='bbox 2548 954 2868 1164; x_wconf 95' lang='lat' dir='ltr'>     </span> 
     </span>
     <span class='ocr_line' id='line_1_75' title="bbox 2523 1164 2868 1271; baseline -0.017 -53"><span class='ocrx_word' id='word_1_419' title='bbox 2523 1164 2868 1271; x_wconf 95' lang='lat' dir='ltr'>    </span> 
     </span>
     <span class='ocr_line' id='line_1_76' title="bbox 2618 1271 2864 1368; baseline 0 0"><span class='ocrx_word' id='word_1_420' title='bbox 2618 1271 2864 1368; x_wconf 95' lang='lat' dir='ltr'>   </span> 
     </span>
     <span class='ocr_line' id='line_1_77' title="bbox 2671 1368 2868 1478; baseline 0.015 -58"><span class='ocrx_word' id='word_1_421' title='bbox 2671 1368 2868 1478; x_wconf 95' lang='lat' dir='ltr'>   </span> 
     </span>
     <span class='ocr_line' id='line_1_78' title="bbox 2686 1478 2864 1532; baseline 0 2438"><span class='ocrx_word' id='word_1_422' title='bbox 2686 1478 2864 1532; x_wconf 95' lang='lat' dir='ltr'> </span> 
     </span>
     <span class='ocr_line' id='line_1_79' title="bbox 2671 1532 2864 1686; baseline 0 -105"><span class='ocrx_word' id='word_1_423' title='bbox 2671 1532 2864 1686; x_wconf 95' lang='lat' dir='ltr'>    </span> 
     </span>
     <span class='ocr_line' id='line_1_80' title="bbox 2589 1686 2864 1738; baseline 0 0"><span class='ocrx_word' id='word_1_424' title='bbox 2589 1686 2864 1738; x_wconf 95' lang='lat' dir='ltr'>  </span> 
     </span>
     <span class='ocr_line' id='line_1_81' title="bbox 2555 1738 2868 2006; baseline 0 -163"><span class='ocrx_word' id='word_1_425' title='bbox 2555 1738 2868 2006; x_wconf 95' lang='lat' dir='ltr'>   </span> 
     </span>
     <span class='ocr_line' id='line_1_82' title="bbox 2400 2006 2868 2216; baseline 0 -138"><span class='ocrx_word' id='word_1_426' title='bbox 2400 2006 2868 2216; x_wconf 95' lang='lat' dir='ltr'>  </span> 
     </span>
     <span class='ocr_line' id='line_1_83' title="bbox 2400 2216 2868 2346; baseline 0 -2"><span class='ocrx_word' id='word_1_427' title='bbox 2400 2216 2868 2346; x_wconf 95' lang='lat' dir='ltr'>     </span> 
     </span>
     <span class='ocr_line' id='line_1_84' title="bbox 2434 2346 2868 2436; baseline -0.014 0"><span class='ocrx_word' id='word_1_428' title='bbox 2434 2346 2868 2436; x_wconf 95' lang='lat' dir='ltr'>   </span> 
     </span>
     <span class='ocr_line' id='line_1_85' title="bbox 2573 2436 2868 2562; baseline 0 0"><span class='ocrx_word' id='word_1_429' title='bbox 2573 2436 2868 2562; x_wconf 95' lang='lat' dir='ltr'>   </span> 
     </span>
     <span class='ocr_line' id='line_1_86' title="bbox 2560 2562 2868 3057; baseline 0 -89"><span class='ocrx_word' id='word_1_430' title='bbox 2560 2562 2868 3057; x_wconf 95' lang='lat' dir='ltr'>    </span> 
     </span>
     <span class='ocr_line' id='line_1_87' title="bbox 2523 3057 2864 3162; baseline -0.012 0"><span class='ocrx_word' id='word_1_431' title='bbox 2523 3057 2864 3162; x_wconf 95' lang='lat' dir='ltr'>   </span> 
     </span>
     <span class='ocr_line' id='line_1_88' title="bbox 2606 3162 2864 3299; baseline 0 -37"><span class='ocrx_word' id='word_1_432' title='bbox 2606 3162 2864 3299; x_wconf 95' lang='lat' dir='ltr'>   </span> 
     </span>
     <span class='ocr_line' id='line_1_89' title="bbox 2647 3299 2868 3970; baseline 0 -548"><span class='ocrx_word' id='word_1_433' title='bbox 2647 3299 2868 3970; x_wconf 95' lang='lat' dir='ltr'>   </span> 
     </span>
    </p>
   </div>
   <div class='ocr_carea' id='block_1_21' title="bbox 1592 348 2764 1861">
    <p class='ocr_par' dir='ltr' id='par_1_29' title="bbox 1592 348 2764 964">
     <span class='ocr_line' id='line_1_90' title="bbox 1646 348 2516 399; baseline 0.003 -13"><span class='ocrx_word' id='word_1_434' title='bbox 1646 349 1732 386; x_wconf 91' lang='lat' dir='ltr'>Vita</span> <span class='ocrx_word' id='word_1_435' title='bbox 1759 357 1889 387; x_wconf 85' lang='lat' dir='ltr'>autem</span> <span class='ocrx_word' id='word_1_436' title='bbox 1917 349 2125 399; x_wconf 88' lang='lat' dir='ltr'>corporalis</span> <span class='ocrx_word' id='word_1_437' title='bbox 2145 348 2286 386; x_wconf 87' lang='lat' dir='ltr'>Christi</span> <span class='ocrx_word' id='word_1_438' title='bbox 2304 349 2374 387; x_wconf 82' lang='lat' dir='ltr'>fuit</span> <span class='ocrx_word' id='word_1_439' title='bbox 2391 356 2516 389; x_wconf 75' lang='lat' dir='ltr'>tantae</span> 
     </span>
     <span class='ocr_line' id='line_1_91' title="bbox 1593 398 2749 461; baseline 0.003 -23"><span class='ocrx_word' id='word_1_440' title='bbox 1593 401 1696 448; x_wconf 82' lang='lat' dir='ltr'>tatis,</span> <span class='ocrx_word' id='word_1_441' title='bbox 1725 409 1762 438; x_wconf 91' lang='lat' dir='ltr'>et</span> <span class='ocrx_word' id='word_1_442' title='bbox 1787 401 1994 461; x_wconf 81' lang='lat' dir='ltr'>praecipue</span> <span class='ocrx_word' id='word_1_443' title='bbox 2025 409 2194 461; x_wconf 41' lang='lat' dir='ltr'>propter·</span> <span class='ocrx_word' id='word_1_444' title='bbox 2216 401 2454 441; x_wconf 82' lang='lat' dir='ltr'>divinitatem</span> <span class='ocrx_word' id='word_1_445' title='bbox 2487 398 2660 446; x_wconf 56' lang='lat' dir='ltr'>unitam-‘³</span> <span class='ocrx_word' id='word_1_446' title='bbox 2714 431 2749 449; x_wconf 27' lang='grc' dir='ltr'>χ,</span> 
     </span>
     <span class='ocr_line' id='line_1_92' title="bbox 1593 452 2747 503; baseline 0.001 -12"><span class='ocrx_word' id='word_1_447' title='bbox 1593 454 1701 503; x_wconf 89' lang='lat' dir='ltr'>quod</span> <span class='ocrx_word' id='word_1_448' title='bbox 1729 454 1778 491; x_wconf 93' lang='lat' dir='ltr'>de</span> <span class='ocrx_word' id='word_1_449' title='bbox 1805 453 1889 492; x_wconf 85' lang='lat' dir='ltr'>eius</span> <span class='ocrx_word' id='word_1_450' title='bbox 1915 453 2121 492; x_wconf 81' lang='lat' dir='ltr'>amissione</span> <span class='ocrx_word' id='word_1_451' title='bbox 2149 452 2263 491; x_wconf 85' lang='lat' dir='ltr'>etiam</span> <span class='ocrx_word' id='word_1_452' title='bbox 2290 453 2340 491; x_wconf 86' lang='lat' dir='ltr'>ad</span> <span class='ocrx_word' id='word_1_453' title='bbox 2365 454 2514 502; x_wconf 75' lang='lat' dir='ltr'>horam,</span> <span class='ocrx_word' id='word_1_454' title='bbox 2660 462 2661 468; x_wconf 59' lang='lat'>¹</span> <span class='ocrx_word' id='word_1_455' title='bbox 2709 455 2747 497; x_wconf 62' lang='grc' dir='ltr'>,ἑῖ</span> 
     </span>
     <span class='ocr_line' id='line_1_93' title="bbox 1593 502 2764 558; baseline 0.003 -15"><span class='ocrx_word' id='word_1_456' title='bbox 1593 514 1691 544; x_wconf 88' lang='lat' dir='ltr'>esset</span> <span class='ocrx_word' id='word_1_457' title='bbox 1727 506 1940 544; x_wconf 88' lang='lat' dir='ltr'>dolendum</span> <span class='ocrx_word' id='word_1_458' title='bbox 1977 517 2098 555; x_wconf 85' lang='lat' dir='ltr'>quam</span> <span class='ocrx_word' id='word_1_459' title='bbox 2134 506 2183 544; x_wconf 90' lang='lat' dir='ltr'>de</span> <span class='ocrx_word' id='word_1_460' title='bbox 2219 506 2425 544; x_wconf 81' lang='lat' dir='ltr'>amissione</span> <span class='ocrx_word' id='word_1_461' title='bbox 2461 507 2638 546; x_wconf 67' lang='lat' dir='ltr'>atterius</span> <span class='ocrx_word' id='word_1_462' title='bbox 2630 502 2665 540; x_wconf 58' lang='lat' dir='ltr'>R</span> <span class='ocrx_word' id='word_1_463' title='bbox 2710 509 2764 558; x_wconf 56' lang='grc' dir='ltr'>ξ</span> 
     </span>
     <span class='ocr_line' id='line_1_94' title="bbox 1593 543 2754 618; baseline 0.003 -23"><span class='ocrx_word' id='word_1_464' title='bbox 1593 558 1763 596; x_wconf 87' lang='lat' dir='ltr'>hominis</span> <span class='ocrx_word' id='word_1_465' title='bbox 1789 570 1859 608; x_wconf 90' lang='lat' dir='ltr'>per</span> <span class='ocrx_word' id='word_1_466' title='bbox 1885 566 2246 608; x_wconf 85' lang='lat' dir='ltr'>quantumcumque</span> <span class='ocrx_word' id='word_1_467' title='bbox 2273 566 2438 609; x_wconf 83' lang='lat' dir='ltr'>tempus.</span> <span class='ocrx_word' id='word_1_468' title='bbox 2480 558 2606 599; x_wconf 69' lang='lat' dir='ltr'>Unde</span> <span class='ocrx_word' id='word_1_469' title='bbox 2603 565 2662 600; x_wconf 64' lang='lat' dir='ltr'>et</span> <span class='ocrx_word' id='word_1_470' title='bbox 2705 543 2754 618; x_wconf 59' lang='lat'>5⁴³}</span> 
     </span>
     <span class='ocr_line' id='line_1_95' title="bbox 1593 610 2746 662; baseline 0.003 -14"><span class='ocrx_word' id='word_1_471' title='bbox 1593 611 1853 660; x_wconf 90' lang='lat' dir='ltr'>Philosophus</span> <span class='ocrx_word' id='word_1_472' title='bbox 1881 610 1982 657; x_wconf 84' lang='lat' dir='ltr'>dicit,</span> <span class='ocrx_word' id='word_1_473' title='bbox 2002 611 2042 648; x_wconf 87' lang='lat' dir='ltr'>in</span> <span class='ocrx_word' id='word_1_474' title='bbox 2064 612 2111 648; x_wconf 88' lang='lat'>111</span> <span class='ocrx_word' id='word_1_475' title='bbox 2128 613 2248 649; x_wconf 77' lang='lat' dir='ltr'>Ethic.</span> <span class='ocrx_word' id='word_1_476' title='bbox 2265 611 2297 656; x_wconf 83' lang='lat'>⁸,</span> <span class='ocrx_word' id='word_1_477' title='bbox 2325 612 2435 662; x_wconf 87' lang='lat' dir='ltr'>quod</span> <span class='ocrx_word' id='word_1_478' title='bbox 2460 611 2655 653; x_wconf 56' lang='lat' dir='ltr'>vultuum</span> <span class='ocrx_word' id='word_1_479' title='bbox 2680 614 2746 660; x_wconf 50' lang='lat'>‘¹05²</span> 
     </span>
     <span class='ocr_line' id='line_1_96' title="bbox 1593 661 2741 714; baseline 0.005 -14"><span class='ocrx_word' id='word_1_480' title='bbox 1593 665 1680 713; x_wconf 86' lang='lat' dir='ltr'>plus</span> <span class='ocrx_word' id='word_1_481' title='bbox 1704 669 1719 686; x_wconf 76' lang='lat'><strong>⁰</strong></span> <span class='ocrx_word' id='word_1_482' title='bbox 1746 663 1863 712; x_wconf 82' lang='lat' dir='ltr'>diligit</span> <span class='ocrx_word' id='word_1_483' title='bbox 1898 663 2017 701; x_wconf 85' lang='lat' dir='ltr'>vitam</span> <span class='ocrx_word' id='word_1_484' title='bbox 2045 674 2158 701; x_wconf 86' lang='lat' dir='ltr'>suam</span> <span class='ocrx_word' id='word_1_485' title='bbox 2185 672 2331 714; x_wconf 84' lang='lat' dir='ltr'>quanto</span> <span class='ocrx_word' id='word_1_486' title='bbox 2358 664 2428 702; x_wconf 85' lang='lat' dir='ltr'>scit</span> <span class='ocrx_word' id='word_1_487' title='bbox 2453 673 2663 705; x_wconf 62' lang='lat' dir='ltr'>eam—esu</span> <span class='ocrx_word' id='word_1_488' title='bbox 2709 661 2741 706; x_wconf 50' lang='grc' dir='ltr'>’.Β</span> 
     </span>
     <span class='ocr_line' id='line_1_97' title="bbox 1593 715 2667 776; baseline 0.003 -23"><span class='ocrx_word' id='word_1_489' title='bbox 1593 715 1814 754; x_wconf 85' lang='lat' dir='ltr'>meliorem:</span> <span class='ocrx_word' id='word_1_490' title='bbox 1844 723 1880 753; x_wconf 89' lang='lat' dir='ltr'>et</span> <span class='ocrx_word' id='word_1_491' title='bbox 1897 723 2028 754; x_wconf 84' lang='lat' dir='ltr'>tamen</span> <span class='ocrx_word' id='word_1_492' title='bbox 2047 726 2132 753; x_wconf 82' lang='lat' dir='ltr'>earn</span> <span class='ocrx_word' id='word_1_493' title='bbox 2158 716 2315 776; x_wconf 85' lang='lat' dir='ltr'>exponit</span> <span class='ocrx_word' id='word_1_494' title='bbox 2330 724 2497 767; x_wconf 82' lang='lat' dir='ltr'>propter</span> <span class='ocrx_word' id='word_1_495' title='bbox 2505 716 2667 759; x_wconf 64' lang='lat' dir='ltr'>boum</span> 
     </span>
     <span class='ocr_line' id='line_1_98' title="bbox 1592 768 2706 830; baseline 0.004 -24"><span class='ocrx_word' id='word_1_496' title='bbox 1592 768 1751 807; x_wconf 88' lang='lat' dir='ltr'>virtutis.</span> <span class='ocrx_word' id='word_1_497' title='bbox 1772 769 1822 806; x_wconf 91' lang='lat' dir='ltr'>Et</span> <span class='ocrx_word' id='word_1_498' title='bbox 1839 768 2009 806; x_wconf 86' lang='lat' dir='ltr'>similiter</span> <span class='ocrx_word' id='word_1_499' title='bbox 2027 768 2203 807; x_wconf 83' lang='lat' dir='ltr'>Christus</span> <span class='ocrx_word' id='word_1_500' title='bbox 2220 768 2340 807; x_wconf 86' lang='lat' dir='ltr'>vitam</span> <span class='ocrx_word' id='word_1_501' title='bbox 2357 780 2470 808; x_wconf 82' lang='lat' dir='ltr'>suam</span> <span class='ocrx_word' id='word_1_502' title='bbox 2486 769 2706 830; x_wconf 57' lang='lat' dir='ltr'>mom</span> 
     </span>
     <span class='ocr_line' id='line_1_99' title="bbox 1593 819 2582 871; baseline 0.002 -13"><span class='ocrx_word' id='word_1_503' title='bbox 1593 821 1771 859; x_wconf 84' lang='lat' dir='ltr'>dilectam</span> <span class='ocrx_word' id='word_1_504' title='bbox 1803 819 1980 870; x_wconf 84' lang='lat' dir='ltr'>exposuit</span> <span class='ocrx_word' id='word_1_505' title='bbox 2012 829 2170 871; x_wconf 91' lang='lat' dir='ltr'>propter</span> <span class='ocrx_word' id='word_1_506' title='bbox 2194 820 2346 859; x_wconf 88' lang='lat' dir='ltr'>bonum</span> <span class='ocrx_word' id='word_1_507' title='bbox 2378 821 2582 860; x_wconf 73' lang='lat' dir='ltr'>caritatist&#39;</span> 
     </span>
     <span class='ocr_line' id='line_1_100' title="bbox 1593 873 2556 913; baseline 0.002 -2"><span class='ocrx_word' id='word_1_508' title='bbox 1593 873 1768 911; x_wconf 89' lang='lat' dir='ltr'>cundum</span> <span class='ocrx_word' id='word_1_509' title='bbox 1789 873 1884 911; x_wconf 89' lang='lat' dir='ltr'>illud</span> <span class='ocrx_word' id='word_1_510' title='bbox 1901 874 2036 911; x_wconf 86' lang='lat' dir='ltr'>Ierem.</span> <span class='ocrx_word' id='word_1_511' title='bbox 2055 885 2102 911; x_wconf 82' lang='lat' dir='ltr'>xn</span> <span class='ocrx_word' id='word_1_512' title='bbox 2118 873 2156 911; x_wconf 75' lang='grc' dir='ltr'>*ε</span> <span class='ocrx_word' id='word_1_513' title='bbox 2184 874 2284 911; x_wconf 74' lang='lat' dir='ltr'>Dedi</span> <span class='ocrx_word' id='word_1_514' title='bbox 2300 874 2471 912; x_wconf 69' lang='lat' dir='ltr'>dilectam</span> <span class='ocrx_word' id='word_1_515' title='bbox 2488 876 2556 913; x_wconf 73' lang='lat' dir='ltr'>ani</span> 
     </span>
     <span class='ocr_line' id='line_1_101' title="bbox 1593 927 2361 964; baseline 0 0"><span class='ocrx_word' id='word_1_516' title='bbox 1593 938 1716 964; x_wconf 82' lang='lat' dir='ltr'>meam</span> <span class='ocrx_word' id='word_1_517' title='bbox 1744 928 1782 964; x_wconf 87' lang='lat' dir='ltr'>in</span> <span class='ocrx_word' id='word_1_518' title='bbox 1809 928 1982 964; x_wconf 77' lang='lat' dir='ltr'>manibus</span> <span class='ocrx_word' id='word_1_519' title='bbox 2009 927 2246 964; x_wconf 82' lang='lat' dir='ltr'>inimicorum</span> <span class='ocrx_word' id='word_1_520' title='bbox 2273 929 2361 964; x_wconf 81' lang='lat' dir='ltr'>eius.</span> 
     </span>
    </p>

    <p class='ocr_par' dir='ltr' id='par_1_30' title="bbox 1594 968 2726 1504">
     <span class='ocr_line' id='line_1_102' title="bbox 1646 968 2691 1030; baseline 0.002 -13"><span class='ocrx_word' id='word_1_521' title='bbox 1646 980 1704 1016; x_wconf 83' lang='grc' dir='ltr'>Αι)</span> <span class='ocrx_word' id='word_1_522' title='bbox 1723 990 1884 1022; x_wconf 71' lang='lat' dir='ltr'>Qutm‘uu</span> <span class='ocrx_word' id='word_1_523' title='bbox 1908 990 2090 1017; x_wconf 63' lang='lat' dir='ltr'>oretanum</span> <span class='ocrx_word' id='word_1_524' title='bbox 2118 979 2227 1029; x_wconf 91' lang='lat' dir='ltr'>quod</span> <span class='ocrx_word' id='word_1_525' title='bbox 2245 978 2466 1018; x_wconf 77' lang='lat' dir='ltr'>innocentia</span> <span class='ocrx_word' id='word_1_526' title='bbox 2480 968 2584 1030; x_wconf 71' lang='lat' dir='ltr'>patio</span> <span class='ocrx_word' id='word_1_527' title='bbox 2689 1027 2691 1029; x_wconf 21' lang='grc' dir='ltr'>Ι</span> 
     </span>
     <span class='ocr_line' id='line_1_103' title="bbox 1594 1030 2613 1081; baseline -0.002 -12"><span class='ocrx_word' id='word_1_528' title='bbox 1594 1030 1733 1069; x_wconf 87' lang='lat' dir='ltr'>minuit</span> <span class='ocrx_word' id='word_1_529' title='bbox 1751 1031 1925 1070; x_wconf 86' lang='lat' dir='ltr'>dolorem</span> <span class='ocrx_word' id='word_1_530' title='bbox 1945 1030 2133 1081; x_wconf 81' lang='lat' dir='ltr'>passionis</span> <span class='ocrx_word' id='word_1_531' title='bbox 2150 1038 2342 1081; x_wconf 87' lang='lat' dir='ltr'>quantum</span> <span class='ocrx_word' id='word_1_532' title='bbox 2360 1033 2410 1070; x_wconf 88' lang='lat' dir='ltr'>ad</span> <span class='ocrx_word' id='word_1_533' title='bbox 2427 1042 2548 1071; x_wconf 86' lang='lat' dir='ltr'>nume</span> <span class='ocrx_word' id='word_1_534' title='bbox 2591 1032 2613 1067; x_wconf 69' lang='lat'>3,</span> 
     </span>
     <span class='ocr_line' id='line_1_104' title="bbox 1594 1052 2706 1134; baseline 0.002 -12"><span class='ocrx_word' id='word_1_535' title='bbox 1594 1084 1703 1134; x_wconf 83' lang='lat' dir='ltr'>quia,</span> <span class='ocrx_word' id='word_1_536' title='bbox 1731 1084 1828 1122; x_wconf 91' lang='lat' dir='ltr'>dum</span> <span class='ocrx_word' id='word_1_537' title='bbox 1856 1095 2002 1122; x_wconf 85' lang='lat' dir='ltr'>nocens</span> <span class='ocrx_word' id='word_1_538' title='bbox 2028 1084 2186 1134; x_wconf 88' lang='lat' dir='ltr'>patitur,</span> <span class='ocrx_word' id='word_1_539' title='bbox 2215 1084 2319 1123; x_wconf 79' lang='lat' dir='ltr'>dolet</span> <span class='ocrx_word' id='word_1_540' title='bbox 2345 1095 2426 1122; x_wconf 88' lang='lat' dir='ltr'>non</span> <span class='ocrx_word' id='word_1_541' title='bbox 2454 1085 2607 1124; x_wconf 50' lang='lat' dir='ltr'>sotum*</span> <span class='ocrx_word' id='word_1_542' title='bbox 2621 1052 2706 1114; x_wconf 47' lang='lat' dir='ltr'>&#39;fi</span> 
     </span>
     <span class='ocr_line' id='line_1_105' title="bbox 1594 1137 2570 1187; baseline 0.002 -13"><span class='ocrx_word' id='word_1_543' title='bbox 1594 1148 1734 1187; x_wconf 90' lang='lat' dir='ltr'>poena,</span> <span class='ocrx_word' id='word_1_544' title='bbox 1762 1137 1830 1174; x_wconf 90' lang='lat' dir='ltr'>sed</span> <span class='ocrx_word' id='word_1_545' title='bbox 1858 1137 1974 1175; x_wconf 87' lang='lat' dir='ltr'>etiam</span> <span class='ocrx_word' id='word_1_546' title='bbox 2001 1137 2050 1174; x_wconf 90' lang='lat' dir='ltr'>de</span> <span class='ocrx_word' id='word_1_547' title='bbox 2077 1138 2208 1187; x_wconf 79' lang='lat' dir='ltr'>culpa3</span> <span class='ocrx_word' id='word_1_548' title='bbox 2236 1137 2423 1175; x_wconf 67' lang='lat' dir='ltr'>innocens</span> <span class='ocrx_word' id='word_1_549' title='bbox 2440 1142 2570 1178; x_wconf 77' lang='lat' dir='ltr'>autem</span> 
     </span>
     <span class='ocr_line' id='line_1_106' title="bbox 1594 1189 2574 1239; baseline 0 -11"><span class='ocrx_word' id='word_1_550' title='bbox 1594 1192 1677 1228; x_wconf 90' lang='lat' dir='ltr'>lum</span> <span class='ocrx_word' id='word_1_551' title='bbox 1705 1190 1753 1227; x_wconf 93' lang='lat' dir='ltr'>de</span> <span class='ocrx_word' id='word_1_552' title='bbox 1780 1201 1919 1239; x_wconf 88' lang='lat' dir='ltr'>poena.</span> <span class='ocrx_word' id='word_1_553' title='bbox 1953 1190 2033 1238; x_wconf 90' lang='lat' dir='ltr'>Qui</span> <span class='ocrx_word' id='word_1_554' title='bbox 2060 1197 2190 1228; x_wconf 83' lang='lat' dir='ltr'>tamen</span> <span class='ocrx_word' id='word_1_555' title='bbox 2218 1189 2331 1228; x_wconf 84' lang='lat' dir='ltr'>dolor</span> <span class='ocrx_word' id='word_1_556' title='bbox 2354 1189 2472 1228; x_wconf 83' lang='lat' dir='ltr'>ineo</span> <span class='ocrx_word' id='word_1_557' title='bbox 2496 1201 2523 1228; x_wconf 76' lang='grc' dir='ltr'>ιι</span> <span class='ocrx_word' id='word_1_558' title='bbox 2549 1208 2574 1234; x_wconf 55' lang='grc' dir='ltr'>ς»</span> 
     </span>
     <span class='ocr_line' id='line_1_107' title="bbox 1595 1242 2718 1293; baseline 0.001 -13"><span class='ocrx_word' id='word_1_559' title='bbox 1595 1255 1641 1280; x_wconf 89' lang='lat' dir='ltr'>ex</span> <span class='ocrx_word' id='word_1_560' title='bbox 1660 1242 1897 1280; x_wconf 88' lang='lat' dir='ltr'>innocentia:</span> <span class='ocrx_word' id='word_1_561' title='bbox 1927 1242 2158 1293; x_wconf 87' lang='lat' dir='ltr'>inquantum</span> <span class='ocrx_word' id='word_1_562' title='bbox 2176 1242 2431 1292; x_wconf 82' lang='lat' dir='ltr'>apprehendit</span> <span class='ocrx_word' id='word_1_563' title='bbox 2447 1254 2524 1281; x_wconf 84' lang='lat' dir='ltr'>no</span> <span class='ocrx_word' id='word_1_564' title='bbox 2559 1253 2582 1277; x_wconf 63' lang='lat' dir='ltr'>‘n</span> <span class='ocrx_word' id='word_1_565' title='bbox 2709 1258 2718 1291; x_wconf 72' lang='lat'>,12</span> 
     </span>
     <span class='ocr_line' id='line_1_108' title="bbox 1594 1292 2717 1344; baseline 0.003 -11"><span class='ocrx_word' id='word_1_566' title='bbox 1594 1304 1676 1333; x_wconf 91' lang='lat' dir='ltr'>tum</span> <span class='ocrx_word' id='word_1_567' title='bbox 1706 1295 1853 1333; x_wconf 89' lang='lat' dir='ltr'>illatum</span> <span class='ocrx_word' id='word_1_568' title='bbox 1880 1303 1923 1333; x_wconf 92' lang='lat' dir='ltr'>ut</span> <span class='ocrx_word' id='word_1_569' title='bbox 1950 1294 2071 1344; x_wconf 83' lang='lat' dir='ltr'>magis</span> <span class='ocrx_word' id='word_1_570' title='bbox 2099 1295 2324 1333; x_wconf 83' lang='lat' dir='ltr'>indebitum.</span> <span class='ocrx_word' id='word_1_571' title='bbox 2353 1295 2467 1334; x_wconf 84' lang='lat' dir='ltr'>Unde</span> <span class='ocrx_word' id='word_1_572' title='bbox 2488 1292 2618 1338; x_wconf 57' lang='lat' dir='ltr'><strong><em>m</em></strong></span> <span class='ocrx_word' id='word_1_573' title='bbox 2634 1336 2639 1340; x_wconf 76' lang='grc'><strong>,</strong></span> <span class='ocrx_word' id='word_1_574' title='bbox 2655 1338 2678 1342; x_wconf 15' lang='grc'>7,</span> <span class='ocrx_word' id='word_1_575' title='bbox 2699 1303 2717 1335; x_wconf 84' lang='grc'>.’</span> 
     </span>
     <span class='ocr_line' id='line_1_109' title="bbox 1595 1344 2697 1398; baseline 0.004 -12"><span class='ocrx_word' id='word_1_576' title='bbox 1595 1348 1657 1386; x_wconf 89' lang='lat' dir='ltr'>alii</span> <span class='ocrx_word' id='word_1_577' title='bbox 1684 1348 1806 1396; x_wconf 82' lang='lat' dir='ltr'>magis</span> <span class='ocrx_word' id='word_1_578' title='bbox 1824 1356 1914 1386; x_wconf 86' lang='lat' dir='ltr'>sunt</span> <span class='ocrx_word' id='word_1_579' title='bbox 1931 1347 2251 1398; x_wconf 85' lang='lat' dir='ltr'>reprehensibiles</span> <span class='ocrx_word' id='word_1_580' title='bbox 2272 1347 2304 1385; x_wconf 92' lang='lat' dir='ltr'>si</span> <span class='ocrx_word' id='word_1_581' title='bbox 2331 1347 2423 1386; x_wconf 64' lang='lat' dir='ltr'>eis*</span> <span class='ocrx_word' id='word_1_582' title='bbox 2449 1344 2697 1394; x_wconf 47' lang='lat' dir='ltr'>neuwen„</span> 
     </span>
     <span class='ocr_line' id='line_1_110' title="bbox 1594 1396 2619 1452; baseline 0.001 -14"><span class='ocrx_word' id='word_1_583' title='bbox 1594 1401 1811 1452; x_wconf 86' lang='lat' dir='ltr'>patiuntur:</span> <span class='ocrx_word' id='word_1_584' title='bbox 1849 1401 2066 1439; x_wconf 89' lang='lat' dir='ltr'>secundum</span> <span class='ocrx_word' id='word_1_585' title='bbox 2103 1401 2196 1438; x_wconf 90' lang='lat' dir='ltr'>illud</span> <span class='ocrx_word' id='word_1_586' title='bbox 2232 1400 2350 1438; x_wconf 79' lang='lat' dir='ltr'>Isaiae</span> <span class='ocrx_word' id='word_1_587' title='bbox 2374 1412 2446 1439; x_wconf 73' lang='lat' dir='ltr'>Lvn</span> <span class='ocrx_word' id='word_1_588' title='bbox 2460 1400 2503 1440; x_wconf 94' lang='lat'>⁸.</span> <span class='ocrx_word' id='word_1_589' title='bbox 2616 1396 2619 1400; x_wconf 69' lang='grc'><em>’</em></span> 
     </span>
     <span class='ocr_line' id='line_1_111' title="bbox 1595 1447 2721 1504; baseline 0.003 -12"><span class='ocrx_word' id='word_1_590' title='bbox 1595 1460 1718 1492; x_wconf 88' lang='lat' dir='ltr'>autem</span> <span class='ocrx_word' id='word_1_591' title='bbox 1732 1459 1746 1484; x_wconf 71' lang='grc' dir='ltr'><strong><em>Ρ</em></strong></span> <span class='ocrx_word' id='word_1_592' title='bbox 1765 1455 1876 1503; x_wconf 78' lang='lat' dir='ltr'>perit,</span> <span class='ocrx_word' id='word_1_593' title='bbox 1895 1459 1929 1491; x_wconf 85' lang='lat' dir='ltr'>et</span> <span class='ocrx_word' id='word_1_594' title='bbox 1947 1465 2022 1491; x_wconf 87' lang='lat' dir='ltr'>non</span> <span class='ocrx_word' id='word_1_595' title='bbox 2045 1459 2098 1491; x_wconf 79' lang='lat' dir='ltr'>est</span> <span class='ocrx_word' id='word_1_596' title='bbox 2120 1455 2184 1504; x_wconf 80' lang='lat' dir='ltr'>qui</span> <span class='ocrx_word' id='word_1_597' title='bbox 2200 1455 2377 1504; x_wconf 77' lang='lat' dir='ltr'>recogitet</span> <span class='ocrx_word' id='word_1_598' title='bbox 2393 1455 2432 1491; x_wconf 81' lang='lat' dir='ltr'>in</span> <span class='ocrx_word' id='word_1_599' title='bbox 2450 1448 2686 1496; x_wconf 43' lang='lat' dir='ltr'>corde&amp;</span> <span class='ocrx_word' id='word_1_600' title='bbox 2717 1447 2721 1452; x_wconf 38' lang='lat'>⁵</span> 
     </span>
    </p>

    <p class='ocr_par' dir='ltr' id='par_1_31' title="bbox 1595 1506 2673 1861">
     <span class='ocr_line' id='line_1_112' title="bbox 1649 1506 2581 1566; baseline 0.001 -22"><span class='ocrx_word' id='word_1_601' title='bbox 1649 1508 1706 1544; x_wconf 82' lang='lat' dir='ltr'>An</span> <span class='ocrx_word' id='word_1_602' title='bbox 1734 1518 1876 1544; x_wconf 72' lang='lat' dir='ltr'>sax‘rum</span> <span class='ocrx_word' id='word_1_603' title='bbox 1903 1517 2085 1544; x_wconf 60' lang='lat' dir='ltr'>mesanum</span> <span class='ocrx_word' id='word_1_604' title='bbox 2113 1506 2222 1566; x_wconf 86' lang='lat' dir='ltr'>quod</span> <span class='ocrx_word' id='word_1_605' title='bbox 2250 1506 2423 1544; x_wconf 82' lang='lat' dir='ltr'>Christus</span> <span class='ocrx_word' id='word_1_606' title='bbox 2449 1506 2581 1545; x_wconf 63' lang='lat' dir='ltr'>voluit?</span> 
     </span>
     <span class='ocr_line' id='line_1_113' title="bbox 1595 1555 2671 1619; baseline 0.005 -23"><span class='ocrx_word' id='word_1_607' title='bbox 1595 1571 1670 1597; x_wconf 89' lang='lat' dir='ltr'>nus</span> <span class='ocrx_word' id='word_1_608' title='bbox 1697 1560 1917 1597; x_wconf 89' lang='lat' dir='ltr'>humanum</span> <span class='ocrx_word' id='word_1_609' title='bbox 1945 1570 1968 1596; x_wconf 86' lang='lat' dir='ltr'>a</span> <span class='ocrx_word' id='word_1_610' title='bbox 1994 1558 2160 1619; x_wconf 74' lang='lat' dir='ltr'>peccatis</span> <span class='ocrx_word' id='word_1_611' title='bbox 2187 1558 2360 1604; x_wconf 84' lang='lat' dir='ltr'>liberare,</span> <span class='ocrx_word' id='word_1_612' title='bbox 2383 1570 2465 1598; x_wconf 87' lang='lat' dir='ltr'>non</span> <span class='ocrx_word' id='word_1_613' title='bbox 2486 1555 2671 1614; x_wconf 50' lang='lat' dir='ltr'>soum</span> 
     </span>
     <span class='ocr_line' id='line_1_114' title="bbox 1595 1611 2673 1661; baseline 0.004 -11"><span class='ocrx_word' id='word_1_614' title='bbox 1595 1620 1740 1657; x_wconf 90' lang='lat' dir='ltr'>testate,</span> <span class='ocrx_word' id='word_1_615' title='bbox 1758 1612 1826 1649; x_wconf 92' lang='lat' dir='ltr'>sed</span> <span class='ocrx_word' id='word_1_616' title='bbox 1852 1611 1967 1650; x_wconf 82' lang='lat' dir='ltr'>etiam</span> <span class='ocrx_word' id='word_1_617' title='bbox 1994 1611 2135 1650; x_wconf 83' lang='lat' dir='ltr'>iustitia</span> <span class='ocrx_word' id='word_1_618' title='bbox 2152 1617 2169 1634; x_wconf 77' lang='lat'>‘¹</span> <span class='ocrx_word' id='word_1_619' title='bbox 2187 1611 2218 1650; x_wconf 73' lang='lat'>⁸.</span> <span class='ocrx_word' id='word_1_620' title='bbox 2251 1612 2301 1650; x_wconf 90' lang='lat' dir='ltr'>Et</span> <span class='ocrx_word' id='word_1_621' title='bbox 2325 1611 2416 1650; x_wconf 88' lang='lat' dir='ltr'>ideo</span> <span class='ocrx_word' id='word_1_622' title='bbox 2433 1622 2515 1651; x_wconf 80' lang='lat' dir='ltr'>non</span> <span class='ocrx_word' id='word_1_623' title='bbox 2531 1613 2673 1661; x_wconf 55' lang='lat' dir='ltr'>adum</span> 
     </span>
     <span class='ocr_line' id='line_1_115' title="bbox 1596 1664 2638 1714; baseline 0.002 -12"><span class='ocrx_word' id='word_1_624' title='bbox 1596 1665 1754 1703; x_wconf 88' lang='lat' dir='ltr'>attendit</span> <span class='ocrx_word' id='word_1_625' title='bbox 1780 1672 1966 1714; x_wconf 88' lang='lat' dir='ltr'>quantam</span> <span class='ocrx_word' id='word_1_626' title='bbox 1984 1664 2167 1702; x_wconf 87' lang='lat' dir='ltr'>virtutem</span> <span class='ocrx_word' id='word_1_627' title='bbox 2193 1665 2306 1702; x_wconf 91' lang='lat' dir='ltr'>dolor</span> <span class='ocrx_word' id='word_1_628' title='bbox 2322 1665 2407 1702; x_wconf 86' lang='lat' dir='ltr'>eius</span> <span class='ocrx_word' id='word_1_629' title='bbox 2429 1664 2609 1704; x_wconf 62' lang='lat' dir='ltr'>haberet*</span> <span class='ocrx_word' id='word_1_630' title='bbox 2636 1687 2638 1691; x_wconf 44' lang='lat' dir='ltr'>v</span> 
     </span>
     <span class='ocr_line' id='line_1_116' title="bbox 1597 1715 2670 1767; baseline 0.003 -12"><span class='ocrx_word' id='word_1_631' title='bbox 1597 1717 1792 1755; x_wconf 85' lang='lat' dir='ltr'>divinitate</span> <span class='ocrx_word' id='word_1_632' title='bbox 1819 1717 1945 1755; x_wconf 85' lang='lat' dir='ltr'>unita:</span> <span class='ocrx_word' id='word_1_633' title='bbox 1984 1718 2051 1755; x_wconf 90' lang='lat' dir='ltr'>sed</span> <span class='ocrx_word' id='word_1_634' title='bbox 2079 1717 2194 1755; x_wconf 87' lang='lat' dir='ltr'>etiam</span> <span class='ocrx_word' id='word_1_635' title='bbox 2228 1725 2418 1767; x_wconf 87' lang='lat' dir='ltr'>quantum</span> <span class='ocrx_word' id='word_1_636' title='bbox 2446 1718 2561 1758; x_wconf 70' lang='lat' dir='ltr'>detor</span> <span class='ocrx_word' id='word_1_637' title='bbox 2571 1715 2670 1763; x_wconf 51' lang='lat' dir='ltr'>§iffi</span> 
     </span>
     <span class='ocr_line' id='line_1_117' title="bbox 1597 1770 2571 1841; baseline 0.004 -34"><span class='ocrx_word' id='word_1_638' title='bbox 1597 1770 1789 1808; x_wconf 85' lang='lat' dir='ltr'>sufficeret</span> <span class='ocrx_word' id='word_1_639' title='bbox 1815 1770 2032 1808; x_wconf 88' lang='lat' dir='ltr'>secundum</span> <span class='ocrx_word' id='word_1_640' title='bbox 2061 1778 2238 1808; x_wconf 87' lang='lat' dir='ltr'>naturam</span> <span class='ocrx_word' id='word_1_641' title='bbox 2257 1770 2489 1841; x_wconf 80' lang='lat' dir='ltr'>humanam,</span> <span class='ocrx_word' id='word_1_642' title='bbox 2502 1770 2571 1838; x_wconf 96' lang='lat' dir='ltr'>ss</span> 
     </span>
     <span class='ocr_line' id='line_1_118' title="bbox 1597 1822 2510 1861; baseline -0.001 0"><span class='ocrx_word' id='word_1_643' title='bbox 1597 1832 1678 1861; x_wconf 86' lang='lat' dir='ltr'>tam</span> <span class='ocrx_word' id='word_1_644' title='bbox 1705 1822 2011 1861; x_wconf 81' lang='lat' dir='ltr'>satisfactionem.</span> <span class='ocrx_word' id='word_1_645' title='bbox 2508 1848 2510 1851; x_wconf 33' lang='grc' dir='ltr'>ψ</span> 
     </span>
    </p>
   </div>
   <div class='ocr_carea' id='block_1_22' title="bbox 1597 1953 2735 2092">
    <p class='ocr_par' dir='ltr' id='par_1_32' title="bbox 1652 1953 1874 1987">
     <span class='ocr_line' id='line_1_119' title="bbox 1652 1953 1874 1987; baseline -0.005 -8"><span class='ocrx_word' id='word_1_646' title='bbox 1652 1953 1682 1987; x_wconf 83' lang='grc' dir='ltr'>π)</span> <span class='ocrx_word' id='word_1_647' title='bbox 1701 1954 1747 1980; x_wconf 75' lang='lat' dir='ltr'>eis.</span> <span class='ocrx_word' id='word_1_648' title='bbox 1764 1953 1827 1979; x_wconf 77' lang='grc' dir='ltr'>-εἰ</span> <span class='ocrx_word' id='word_1_649' title='bbox 1845 1954 1874 1979; x_wconf 84' lang='grc' dir='ltr'>Ρ.</span> 
     </span>
    </p>

    <p class='ocr_par' dir='ltr' id='par_1_33' title="bbox 1652 1989 2734 2024">
     <span class='ocr_line' id='line_1_120' title="bbox 1652 1989 2734 2024; baseline -0.001 -9.984"><span class='ocrx_word' id='word_1_650' title='bbox 1652 1990 1678 2024; x_wconf 82' lang='grc' dir='ltr'>ρ)</span> <span class='ocrx_word' id='word_1_651' title='bbox 1696 1992 1831 2015; x_wconf 72' lang='lat' dir='ltr'>autm-</span> <span class='ocrx_word' id='word_1_652' title='bbox 1849 1989 1913 2015; x_wconf 86' lang='lat' dir='ltr'>Om.</span> <span class='ocrx_word' id='word_1_653' title='bbox 1930 1989 2037 2014; x_wconf 77' lang='lat' dir='ltr'>FfflsG.</span> <span class='ocrx_word' id='word_1_654' title='bbox 2534 1990 2536 1992; x_wconf 87' lang='lat'>&#39;</span> <span class='ocrx_word' id='word_1_655' title='bbox 2575 1991 2580 1994; x_wconf 80' lang='grc'><strong>”</strong></span> <span class='ocrx_word' id='word_1_656' title='bbox 2656 1991 2658 1995; x_wconf 83' lang='grc'>’</span> <span class='ocrx_word' id='word_1_657' title='bbox 2724 2011 2734 2018; x_wconf 19' lang='grc' dir='ltr'>,ι</span> 
     </span>
    </p>

    <p class='ocr_par' dir='ltr' id='par_1_34' title="bbox 1597 1999 2735 2092">
     <span class='ocr_line' id='line_1_121' title="bbox 1650 1999 2735 2063; baseline 0.004 -13"><span class='ocrx_word' id='word_1_658' title='bbox 1650 2025 1678 2059; x_wconf 76' lang='lat' dir='ltr'>e)</span> <span class='ocrx_word' id='word_1_659' title='bbox 1696 2025 1777 2050; x_wconf 78' lang='lat' dir='ltr'>etiam</span> <span class='ocrx_word' id='word_1_660' title='bbox 1796 2025 1910 2050; x_wconf 74' lang='lat' dir='ltr'>iustitt&#39;a.</span> <span class='ocrx_word' id='word_1_661' title='bbox 1926 2039 1945 2044; x_wconf 96' lang='lat'>—</span> <span class='ocrx_word' id='word_1_662' title='bbox 1964 2025 1991 2050; x_wconf 82' lang='lat' dir='ltr'>in</span> <span class='ocrx_word' id='word_1_663' title='bbox 2011 2023 2122 2050; x_wconf 73' lang='lat' dir='ltr'>iustitia</span> <span class='ocrx_word' id='word_1_664' title='bbox 2133 2024 2162 2056; x_wconf 84' lang='lat' dir='ltr'>C,</span> <span class='ocrx_word' id='word_1_665' title='bbox 2181 2025 2314 2051; x_wconf 67' lang='lat' dir='ltr'>iniustitic:</span> <span class='ocrx_word' id='word_1_666' title='bbox 2333 2025 2386 2056; x_wconf 78' lang='grc' dir='ltr'>ΑΒ,</span> <span class='ocrx_word' id='word_1_667' title='bbox 2398 2029 2464 2057; x_wconf 73' lang='lat' dir='ltr'>(non</span> <span class='ocrx_word' id='word_1_668' title='bbox 2481 1999 2570 2053; x_wconf 60' lang='lat' dir='ltr'>coissin</span> <span class='ocrx_word' id='word_1_669' title='bbox 2578 2028 2663 2063; x_wconf 60' lang='lat' dir='ltr'>m</span> <span class='ocrx_word' id='word_1_670' title='bbox 2713 2041 2735 2056; x_wconf 74' lang='lat'><em>2</em></span> 
     </span>
     <span class='ocr_line' id='line_1_122' title="bbox 1597 2059 2729 2092; baseline 0 -7"><span class='ocrx_word' id='word_1_671' title='bbox 1597 2063 1668 2086; x_wconf 74' lang='lat' dir='ltr'>state</span> <span class='ocrx_word' id='word_1_672' title='bbox 1685 2061 1744 2092; x_wconf 77' lang='lat' dir='ltr'>sed)</span> <span class='ocrx_word' id='word_1_673' title='bbox 1761 2061 1842 2085; x_wconf 72' lang='lat' dir='ltr'>etiam</span> <span class='ocrx_word' id='word_1_674' title='bbox 1862 2059 1965 2088; x_wconf 70' lang='lat' dir='ltr'>iustitia</span> <span class='ocrx_word' id='word_1_675' title='bbox 1983 2059 2041 2089; x_wconf 78' lang='lat' dir='ltr'>Fla.</span> <span class='ocrx_word' id='word_1_676' title='bbox 2060 2060 2164 2085; x_wconf 72' lang='lat' dir='ltr'>iustitia</span> <span class='ocrx_word' id='word_1_677' title='bbox 2183 2061 2270 2086; x_wconf 82' lang='lat' dir='ltr'>ceteri.</span> <span class='ocrx_word' id='word_1_678' title='bbox 2706 2070 2709 2074; x_wconf 61' lang='lat'>.</span> <span class='ocrx_word' id='word_1_679' title='bbox 2725 2060 2729 2079; x_wconf 74' lang='grc'>1</span> 
     </span>
    </p>
   </div>
   <div class='ocr_carea' id='block_1_23' title="bbox 1596 2236 2705 2577">
    <p class='ocr_par' dir='ltr' id='par_1_35' title="bbox 1596 2236 2690 2499">
     <span class='ocr_line' id='line_1_123' title="bbox 1597 2236 2498 2277; baseline 0.001 -10"><span class='ocrx_word' id='word_1_680' title='bbox 1597 2245 1695 2267; x_wconf 86' lang='lat' dir='ltr'>mano</span> <span class='ocrx_word' id='word_1_681' title='bbox 1726 2237 1949 2267; x_wconf 85' lang='lat' dir='ltr'>concurrentia</span> <span class='ocrx_word' id='word_1_682' title='bbox 1979 2236 2173 2277; x_wconf 76' lang='lat' dir='ltr'>adaequare,</span> <span class='ocrx_word' id='word_1_683' title='bbox 2197 2242 2252 2268; x_wconf 84' lang='lat' dir='ltr'>aut</span> <span class='ocrx_word' id='word_1_684' title='bbox 2278 2237 2376 2268; x_wconf 80' lang='lat' dir='ltr'>etiam</span> <span class='ocrx_word' id='word_1_685' title='bbox 2410 2252 2438 2263; x_wconf 60' lang='grc' dir='ltr'>τι</span> <span class='ocrx_word' id='word_1_686' title='bbox 2454 2252 2462 2262; x_wconf 84' lang='lat'>·</span> <span class='ocrx_word' id='word_1_687' title='bbox 2491 2252 2498 2261; x_wconf 85' lang='lat'><em>·</em></span> 
     </span>
     <span class='ocr_line' id='line_1_124' title="bbox 1596 2279 2557 2329; baseline 0.003 -18"><span class='ocrx_word' id='word_1_688' title='bbox 1596 2285 1733 2320; x_wconf 86' lang='lat' dir='ltr'>possunt</span> <span class='ocrx_word' id='word_1_689' title='bbox 1755 2279 1796 2311; x_wconf 84' lang='lat' dir='ltr'>ad</span> <span class='ocrx_word' id='word_1_690' title='bbox 1817 2281 1906 2312; x_wconf 84' lang='lat' dir='ltr'>haec.</span> <span class='ocrx_word' id='word_1_691' title='bbox 1942 2280 1984 2311; x_wconf 92' lang='lat' dir='ltr'>Et</span> <span class='ocrx_word' id='word_1_692' title='bbox 2006 2280 2046 2311; x_wconf 93' lang='lat' dir='ltr'>de</span> <span class='ocrx_word' id='word_1_693' title='bbox 2069 2281 2162 2312; x_wconf 91' lang='lat' dir='ltr'>tertio</span> <span class='ocrx_word' id='word_1_694' title='bbox 2187 2280 2320 2321; x_wconf 85' lang='lat' dir='ltr'>quidem</span> <span class='ocrx_word' id='word_1_695' title='bbox 2342 2286 2374 2312; x_wconf 89' lang='lat' dir='ltr'>et</span> <span class='ocrx_word' id='word_1_696' title='bbox 2396 2286 2557 2329; x_wconf 44' lang='lat' dir='ltr'>quartos*</span> 
     </span>
     <span class='ocr_line' id='line_1_125' title="bbox 1597 2315 2569 2366; baseline 0.003 -12"><span class='ocrx_word' id='word_1_697' title='bbox 1597 2323 1687 2365; x_wconf 92' lang='lat' dir='ltr'>quod</span> <span class='ocrx_word' id='word_1_698' title='bbox 1709 2325 1744 2355; x_wconf 87' lang='lat' dir='ltr'>in</span> <span class='ocrx_word' id='word_1_699' title='bbox 1767 2324 1835 2355; x_wconf 85' lang='lat' dir='ltr'>aliis</span> <span class='ocrx_word' id='word_1_700' title='bbox 1857 2324 1969 2355; x_wconf 89' lang='lat' dir='ltr'>locum</span> <span class='ocrx_word' id='word_1_701' title='bbox 1991 2324 2108 2356; x_wconf 83' lang='lat' dir='ltr'>habere</span> <span class='ocrx_word' id='word_1_702' title='bbox 2122 2334 2190 2356; x_wconf 88' lang='lat' dir='ltr'>non</span> <span class='ocrx_word' id='word_1_703' title='bbox 2205 2330 2351 2366; x_wconf 80' lang='lat' dir='ltr'>possunt.</span> <span class='ocrx_word' id='word_1_704' title='bbox 2375 2315 2569 2358; x_wconf 71' lang='lat' dir='ltr'>Secundum</span> 
     </span>
     <span class='ocr_line' id='line_1_126' title="bbox 1597 2367 2690 2438; baseline 0.002 -39"><span class='ocrx_word' id='word_1_705' title='bbox 1597 2377 1672 2408; x_wconf 89' lang='lat' dir='ltr'>que,</span> <span class='ocrx_word' id='word_1_706' title='bbox 1685 2367 1725 2399; x_wconf 86' lang='lat' dir='ltr'>ad</span> <span class='ocrx_word' id='word_1_707' title='bbox 1736 2369 1980 2409; x_wconf 82' lang='lat' dir='ltr'>perceptionem</span> <span class='ocrx_word' id='word_1_708' title='bbox 1995 2367 2244 2400; x_wconf 76' lang='lat' dir='ltr'>efficacissimam</span> <span class='ocrx_word' id='word_1_709' title='bbox 2262 2369 2411 2400; x_wconf 86' lang='lat' dir='ltr'>omnium</span> <span class='ocrx_word' id='word_1_710' title='bbox 2425 2371 2602 2438; x_wconf 66' lang='lat' dir='ltr'>comarum</span> <span class='ocrx_word' id='word_1_711' title='bbox 2652 2400 2659 2407; x_wconf 21' lang='lat'>⁷,</span> <span class='ocrx_word' id='word_1_712' title='bbox 2686 2403 2690 2406; x_wconf 56' lang='lat'>.</span> 
     </span>
     <span class='ocr_line' id='line_1_127' title="bbox 1597 2413 2452 2454; baseline 0.001 -11"><span class='ocrx_word' id='word_1_713' title='bbox 1597 2413 1718 2449; x_wconf 72' lang='lat' dir='ltr'>stiriae,</span> <span class='ocrx_word' id='word_1_714' title='bbox 1741 2413 1856 2453; x_wconf 86' lang='lat' dir='ltr'>procul</span> <span class='ocrx_word' id='word_1_715' title='bbox 1879 2413 1976 2443; x_wconf 84' lang='lat' dir='ltr'>etiam</span> <span class='ocrx_word' id='word_1_716' title='bbox 2005 2413 2045 2444; x_wconf 80' lang='lat' dir='ltr'>ab</span> <span class='ocrx_word' id='word_1_717' title='bbox 2068 2413 2138 2444; x_wconf 82' lang='lat' dir='ltr'>aliis</span> <span class='ocrx_word' id='word_1_718' title='bbox 2158 2417 2216 2444; x_wconf 76' lang='lat' dir='ltr'>est.</span> <span class='ocrx_word' id='word_1_719' title='bbox 2251 2413 2288 2444; x_wconf 81' lang='lat' dir='ltr'>In</span> <span class='ocrx_word' id='word_1_720' title='bbox 2309 2413 2452 2454; x_wconf 64' lang='lat' dir='ltr'>pruno:</span> 
     </span>
     <span class='ocr_line' id='line_1_128' title="bbox 1597 2453 2705 2499; baseline 0.004 -12"><span class='ocrx_word' id='word_1_721' title='bbox 1597 2462 1671 2487; x_wconf 87' lang='lat' dir='ltr'>sunt</span> <span class='ocrx_word' id='word_1_722' title='bbox 1699 2457 1943 2488; x_wconf 82' lang='lat' dir='ltr'>inaccessibilia.</span> <span class='ocrx_word' id='word_1_723' title='bbox 1975 2457 2096 2488; x_wconf 82' lang='lat' dir='ltr'>scilicet</span> <span class='ocrx_word' id='word_1_724' title='bbox 2123 2457 2247 2488; x_wconf 77' lang='lat' dir='ltr'>tristitia</span> <span class='ocrx_word' id='word_1_725' title='bbox 2276 2466 2316 2488; x_wconf 84' lang='lat' dir='ltr'>ex</span> <span class='ocrx_word' id='word_1_726' title='bbox 2344 2458 2506 2489; x_wconf 71' lang='lat' dir='ltr'>ommbm:</span> <span class='ocrx_word' id='word_1_727' title='bbox 2514 2453 2705 2499; x_wconf 55' lang='lat' dir='ltr'><em>W</em></span> 
     </span>
    </p>

    <p class='ocr_par' dir='ltr' id='par_1_36' title="bbox 1596 2501 2721 2577">
     <span class='ocr_line' id='line_1_129' title="bbox 1596 2501 2585 2542; baseline 0.004 -11"><span class='ocrx_word' id='word_1_728' title='bbox 1596 2501 1728 2532; x_wconf 85' lang='lat' dir='ltr'>humani</span> <span class='ocrx_word' id='word_1_729' title='bbox 1751 2501 1893 2542; x_wconf 80' lang='lat' dir='ltr'>generis3</span> <span class='ocrx_word' id='word_1_730' title='bbox 1925 2505 1956 2532; x_wconf 87' lang='lat' dir='ltr'>et</span> <span class='ocrx_word' id='word_1_731' title='bbox 1978 2501 2106 2533; x_wconf 82' lang='lat' dir='ltr'>amissio</span> <span class='ocrx_word' id='word_1_732' title='bbox 2138 2501 2313 2542; x_wconf 76' lang='lat' dir='ltr'>corporalis</span> <span class='ocrx_word' id='word_1_733' title='bbox 2333 2501 2418 2533; x_wconf 72' lang='lat' dir='ltr'>vitae</span> <span class='ocrx_word' id='word_1_734' title='bbox 2442 2501 2585 2539; x_wconf 71' lang='lat' dir='ltr'>divinae.</span> 
     </span>
     <span class='ocr_line' id='line_1_130' title="bbox 1597 2545 2462 2577; baseline 0 -1"><span class='ocrx_word' id='word_1_735' title='bbox 1597 2555 1696 2576; x_wconf 87' lang='lat' dir='ltr'>sonae</span> <span class='ocrx_word' id='word_1_736' title='bbox 1720 2550 1751 2576; x_wconf 90' lang='lat' dir='ltr'>et</span> <span class='ocrx_word' id='word_1_737' title='bbox 1773 2550 1839 2576; x_wconf 88' lang='lat' dir='ltr'>tam</span> <span class='ocrx_word' id='word_1_738' title='bbox 1862 2545 2045 2576; x_wconf 82' lang='lat' dir='ltr'>excellentis</span> <span class='ocrx_word' id='word_1_739' title='bbox 2068 2545 2204 2577; x_wconf 74' lang='lat' dir='ltr'>animae.</span> <span class='ocrx_word' id='word_1_740' title='bbox 2253 2552 2255 2554; x_wconf 71' lang='grc'><strong><em>’</em></strong></span> <span class='ocrx_word' id='word_1_741' title='bbox 2451 2569 2462 2576; x_wconf 90' lang='grc'><strong>.</strong></span> 
     </span>
    </p>
   </div>
   <div class='ocr_carea' id='block_1_24' title="bbox 2535 2903 2575 2910">
    <p class='ocr_par' dir='ltr' id='par_1_37' title="bbox 2535 2903 2575 2910">
     <span class='ocr_line' id='line_1_131' title="bbox 2535 2903 2575 2910; baseline 0 -3"><span class='ocrx_word' id='word_1_742' title='bbox 2535 2903 2553 2910; x_wconf 78' lang='grc'>,.</span> <span class='ocrx_word' id='word_1_743' title='bbox 2570 2906 2575 2907; x_wconf 32' lang='lat'><em>⁷</em></span> 
     </span>
    </p>
   </div>
   <div class='ocr_carea' id='block_1_25' title="bbox 1596 3028 2717 3502">
    <p class='ocr_par' dir='ltr' id='par_1_38' title="bbox 1596 3028 2731 3448">
     <span class='ocr_line' id='line_1_132' title="bbox 1652 3028 2584 3090; baseline 0.003 -25"><span class='ocrx_word' id='word_1_744' title='bbox 1652 3040 1686 3066; x_wconf 83' lang='lat'>2.</span> <span class='ocrx_word' id='word_1_745' title='bbox 1707 3029 1941 3077; x_wconf 74' lang='lat' dir='ltr'>PRAETEREA,</span> <span class='ocrx_word' id='word_1_746' title='bbox 1955 3029 2146 3079; x_wconf 85' lang='lat' dir='ltr'>quaelibet</span> <span class='ocrx_word' id='word_1_747' title='bbox 2162 3029 2334 3090; x_wconf 82' lang='lat' dir='ltr'>potentia</span> <span class='ocrx_word' id='word_1_748' title='bbox 2350 3028 2502 3068; x_wconf 75' lang='lat' dir='ltr'>animae</span> <span class='ocrx_word' id='word_1_749' title='bbox 2519 3039 2584 3090; x_wconf 73' lang='lat' dir='ltr'>pa</span> 
     </span>
     <span class='ocr_line' id='line_1_133' title="bbox 1596 3081 2568 3133; baseline 0.002 -14"><span class='ocrx_word' id='word_1_750' title='bbox 1596 3094 1619 3119; x_wconf 87' lang='lat' dir='ltr'>a</span> <span class='ocrx_word' id='word_1_751' title='bbox 1646 3093 1719 3119; x_wconf 88' lang='lat' dir='ltr'>suo</span> <span class='ocrx_word' id='word_1_752' title='bbox 1747 3082 1909 3120; x_wconf 87' lang='lat' dir='ltr'>obiecto.</span> <span class='ocrx_word' id='word_1_753' title='bbox 1940 3082 2018 3120; x_wconf 89' lang='lat' dir='ltr'>Sed</span> <span class='ocrx_word' id='word_1_754' title='bbox 2045 3081 2252 3132; x_wconf 85' lang='lat' dir='ltr'>superioris</span> <span class='ocrx_word' id='word_1_755' title='bbox 2269 3081 2386 3133; x_wconf 82' lang='lat' dir='ltr'>partis</span> <span class='ocrx_word' id='word_1_756' title='bbox 2412 3081 2568 3123; x_wconf 80' lang='lat' dir='ltr'>rationis</span> 
     </span>
     <span class='ocr_line' id='line_1_134' title="bbox 1596 3133 2702 3188; baseline 0.002 -16"><span class='ocrx_word' id='word_1_757' title='bbox 1596 3133 1738 3172; x_wconf 88' lang='lat' dir='ltr'>iectum</span> <span class='ocrx_word' id='word_1_758' title='bbox 1766 3143 1855 3172; x_wconf 90' lang='lat' dir='ltr'>sunt</span> <span class='ocrx_word' id='word_1_759' title='bbox 1882 3137 2042 3173; x_wconf 80' lang='lat' dir='ltr'>rationes</span> <span class='ocrx_word' id='word_1_760' title='bbox 2060 3141 2245 3182; x_wconf 79' lang='lat' dir='ltr'>aeternae,</span> <span class='ocrx_word' id='word_1_761' title='bbox 2264 3134 2407 3185; x_wconf 85' lang='lat' dir='ltr'>quibus</span> <span class='ocrx_word' id='word_1_762' title='bbox 2428 3137 2561 3185; x_wconf 64' lang='grc' dir='ltr'>ἐπι-ρι’</span> <span class='ocrx_word' id='word_1_763' title='bbox 2666 3149 2702 3188; x_wconf 29' lang='grc' dir='ltr'>*τῃ</span> 
     </span>
     <span class='ocr_line' id='line_1_135' title="bbox 1597 3160 2693 3237; baseline 0.004 -13"><span class='ocrx_word' id='word_1_764' title='bbox 1597 3193 1630 3224; x_wconf 88' lang='lat' dir='ltr'>et</span> <span class='ocrx_word' id='word_1_765' title='bbox 1656 3188 1888 3225; x_wconf 81' lang='lat' dir='ltr'>consulendis</span> <span class='ocrx_word' id='word_1_766' title='bbox 1914 3188 2077 3235; x_wconf 75' lang='lat' dir='ltr'>intendit,</span> <span class='ocrx_word' id='word_1_767' title='bbox 2095 3195 2138 3226; x_wconf 90' lang='lat' dir='ltr'>ut</span> <span class='ocrx_word' id='word_1_768' title='bbox 2155 3187 2392 3237; x_wconf 82' lang='lat' dir='ltr'>Augustinus</span> <span class='ocrx_word' id='word_1_769' title='bbox 2409 3187 2516 3236; x_wconf 75' lang='lat' dir='ltr'>dicit,</span> <span class='ocrx_word' id='word_1_770' title='bbox 2529 3160 2606 3227; x_wconf 63' lang='lat' dir='ltr'>Xilt</span> <span class='ocrx_word' id='word_1_771' title='bbox 2654 3186 2693 3228; x_wconf 52' lang='grc' dir='ltr'>(ἵ,</span> 
     </span>
     <span class='ocr_line' id='line_1_136' title="bbox 1602 3237 2644 3279; baseline 0.002 -2"><span class='ocrx_word' id='word_1_772' title='bbox 1602 3242 1638 3278; x_wconf 95' lang='lat' dir='ltr'>T</span> <span class='ocrx_word' id='word_1_773' title='bbox 1634 3253 1706 3278; x_wconf 85' lang='lat' dir='ltr'>rm</span> <span class='ocrx_word' id='word_1_774' title='bbox 1725 3239 1746 3262; x_wconf 85' lang='grc'>*</span> <span class='ocrx_word' id='word_1_775' title='bbox 1780 3241 1840 3278; x_wconf 87' lang='lat' dir='ltr'>Ex</span> <span class='ocrx_word' id='word_1_776' title='bbox 1876 3239 2087 3279; x_wconf 84' lang='lat' dir='ltr'>rationibus</span> <span class='ocrx_word' id='word_1_777' title='bbox 2121 3248 2252 3279; x_wconf 84' lang='lat' dir='ltr'>autem</span> <span class='ocrx_word' id='word_1_778' title='bbox 2278 3240 2441 3279; x_wconf 72' lang='lat' dir='ltr'>aeternis</span> <span class='ocrx_word' id='word_1_779' title='bbox 2463 3245 2484 3263; x_wconf 79' lang='lat'>⁸</span> <span class='ocrx_word' id='word_1_780' title='bbox 2508 3252 2539 3279; x_wconf 87' lang='lat' dir='ltr'>n</span> <span class='ocrx_word' id='word_1_781' title='bbox 2600 3257 2607 3269; x_wconf 92' lang='lat'><strong>·</strong></span> <span class='ocrx_word' id='word_1_782' title='bbox 2638 3237 2644 3244; x_wconf 72' lang='grc'><strong>’</strong></span> 
     </span>
     <span class='ocr_line' id='line_1_137' title="bbox 1597 3280 2716 3353; baseline 0.002 -23"><span class='ocrx_word' id='word_1_783' title='bbox 1597 3292 1721 3353; x_wconf 75' lang='lat' dir='ltr'>potuit</span> <span class='ocrx_word' id='word_1_784' title='bbox 1750 3292 1923 3331; x_wconf 84' lang='lat' dir='ltr'>Christus</span> <span class='ocrx_word' id='word_1_785' title='bbox 1950 3292 2028 3343; x_wconf 83' lang='lat' dir='ltr'>pati</span> <span class='ocrx_word' id='word_1_786' title='bbox 2056 3301 2357 3332; x_wconf 84' lang='lat' dir='ltr'>nocumentum:</span> <span class='ocrx_word' id='word_1_787' title='bbox 2384 3304 2477 3331; x_wconf 87' lang='lat' dir='ltr'>cum</span> <span class='ocrx_word' id='word_1_788' title='bbox 2494 3291 2537 3331; x_wconf 90' lang='lat' dir='ltr'>in</span> <span class='ocrx_word' id='word_1_789' title='bbox 2552 3280 2667 3338; x_wconf 63' lang='lat' dir='ltr'>notk&gt;</span> <span class='ocrx_word' id='word_1_790' title='bbox 2706 3289 2716 3320; x_wconf 63' lang='lat'>&#39;³</span> 
     </span>
     <span class='ocr_line' id='line_1_138' title="bbox 1598 3344 2647 3396; baseline 0.001 -13"><span class='ocrx_word' id='word_1_791' title='bbox 1598 3345 1632 3383; x_wconf 92' lang='lat' dir='ltr'>ei</span> <span class='ocrx_word' id='word_1_792' title='bbox 1660 3345 1990 3384; x_wconf 88' lang='lat' dir='ltr'>contrariarentur.</span> <span class='ocrx_word' id='word_1_793' title='bbox 2020 3346 2122 3395; x_wconf 82' lang='lat' dir='ltr'>Ergo</span> <span class='ocrx_word' id='word_1_794' title='bbox 2141 3346 2292 3384; x_wconf 89' lang='lat' dir='ltr'>videtur</span> <span class='ocrx_word' id='word_1_795' title='bbox 2318 3345 2426 3396; x_wconf 91' lang='lat' dir='ltr'>quod</span> <span class='ocrx_word' id='word_1_796' title='bbox 2449 3356 2530 3384; x_wconf 88' lang='lat' dir='ltr'>non</span> <span class='ocrx_word' id='word_1_797' title='bbox 2549 3344 2605 3384; x_wconf 85' lang='lat' dir='ltr'>fu</span> <span class='ocrx_word' id='word_1_798' title='bbox 2632 3357 2647 3379; x_wconf 70' lang='grc' dir='ltr'>ἰ</span> 
     </span>
     <span class='ocr_line' id='line_1_139' title="bbox 1598 3398 2681 3448; baseline 0.001 -12"><span class='ocrx_word' id='word_1_799' title='bbox 1598 3411 1734 3448; x_wconf 89' lang='lat' dir='ltr'>passus</span> <span class='ocrx_word' id='word_1_800' title='bbox 1761 3398 1978 3436; x_wconf 90' lang='lat' dir='ltr'>secundum</span> <span class='ocrx_word' id='word_1_801' title='bbox 2005 3406 2127 3437; x_wconf 88' lang='lat' dir='ltr'>totam</span> <span class='ocrx_word' id='word_1_802' title='bbox 2153 3398 2336 3437; x_wconf 83' lang='lat' dir='ltr'>animam.</span> <span class='ocrx_word' id='word_1_803' title='bbox 2407 3421 2410 3426; x_wconf 90' lang='lat'><em>·</em></span> <span class='ocrx_word' id='word_1_804' title='bbox 2679 3422 2681 3427; x_wconf 90' lang='grc'>-</span> 
     </span>
    </p>

    <p class='ocr_par' dir='ltr' id='par_1_39' title="bbox 1655 3442 2754 3502">
     <span class='ocr_line' id='line_1_140' title="bbox 1655 3442 2717 3502; baseline 0.001 -15"><span class='ocrx_word' id='word_1_805' title='bbox 1655 3450 1688 3488; x_wconf 91' lang='lat'>3.</span> <span class='ocrx_word' id='word_1_806' title='bbox 1719 3452 1954 3500; x_wconf 75' lang='lat' dir='ltr'>PRAETEREA,</span> <span class='ocrx_word' id='word_1_807' title='bbox 1983 3451 2142 3501; x_wconf 87' lang='lat' dir='ltr'>quando</span> <span class='ocrx_word' id='word_1_808' title='bbox 2169 3450 2296 3502; x_wconf 88' lang='lat' dir='ltr'>passio</span> <span class='ocrx_word' id='word_1_809' title='bbox 2324 3450 2509 3490; x_wconf 90' lang='lat' dir='ltr'>sensibilis</span> <span class='ocrx_word' id='word_1_810' title='bbox 2536 3442 2691 3501; x_wconf 70' lang='lat' dir='ltr'>usque</span> <span class='ocrx_word' id='word_1_811' title='bbox 2710 3449 2717 3469; x_wconf 71' lang='lat'>³</span> 
     </span>
    </p>
   </div>
  </div>
 </body>
</html>
