2872 3970
0 91 5 108 ”’
0 0 14 80 “’“·’““*ὃῧ

0 322 31 411 2133-

0 419 12 468 t

951 253 1212 299 QUAESTIO
1242 253 1309 299 IX⁷

35 336 73 358 P·-
86 342 146 362 mv
161 341 219 357 vers·
247 329 462 378 secundum
490 329 582 365 illud
610 329 750 366 Psalmi
769 329 802 365 ³¹⁸.
833 331 968 365 Beatus
990 342 1096 378 quem
1116 330 1256 378 elegisti
1273 335 1305 365 et

247 374 479 430 assumpsisti.
500 382 591 417 Non
607 393 695 428 ergo
711 389 859 430 oportet
877 393 1021 430 ponere
1036 381 1074 417 in
1089 381 1172 430 ipso
1187 381 1304 418 scien-

246 433 338 470 tiam
366 434 578 471 beatorum.

302 485 336 522 3.
357 487 586 533 PRAETEREA,
607 485 749 534 duplex
768 485 921 522 scientia
939 485 1087 523 homini
1107 485 1302 534 competit:

247 550 326 575 una
353 538 567 575 secundum
595 550 706 575 suam
728 545 923 583 naturam3
952 538 1023 575 alia
1051 551 1166 587 supra
1193 550 1304 574 suam

246 598 434 628 naturam.
456 590 618 628 Scientia
632 598 761 627 autem
776 590 988 637 beatorum,
1004 602 1104 639 quae
1123 590 1162 626 in
1177 590 1304 626 divina

246 642 392 680 visione
421 643 597 690 consistit,
626 655 705 680 non
725 650 780 679 est
807 643 1023 679 secundum
1042 650 1218 679 naturam
1237 643 1303 678 ho—

246 695 369 742 minis,
399 695 466 732 sed
492 707 608 744 supra
626 696 707 733 eius
726 703 912 732 naturam.
943 697 984 732 In
1005 695 1154 731 Christo
1175 702 1303 731 autem

245 747 314 784 fuit
341 747 412 785 alia
439 748 733 797 supernaturalis
752 748 905 785 scientia
932 749 1054 784 multo
1074 747 1205 784 fortior
1232 755 1268 783 et
1287 753 1304 768 ‘²

246 799 363 846 altior,
393 801 530 837 scilicet
557 801 710 838 scientia
729 801 868 838 divina.
898 801 989 837 Non
1009 800 1119 848 igitur
1137 799 1305 848 oportuit

245 852 284 888 in
313 853 463 889 Christo
492 866 573 890 esse
602 853 796 890 scientiam
824 854 1037 890 beatorum.

299 906 372 942 SED
401 918 555 952 CONTRA,
584 906 738 943 scientia
766 907 967 943 beatorum
995 905 1034 941 in
1062 904 1133 941 Dei
1156 903 1302 941 visione

245 957 335 995 velss
361 958 574 1006 cognitione
594 958 770 996 consistit.
801 958 878 996 Sed
897 958 976 1007 ipse
996 959 1106 1007 plene
1126 956 1305 1004 cognovit

245 1008 385 1057 Deum,
406 1011 520 1048 etiam
548 1012 763 1048 secundum
784 1011 891 1060 quod
919 1012 1058 1047 homo:
1089 1009 1304 1047 secundum

245 1063 337 1100 illud
357 1065 458 1100 Ioan.
470 1064 571 1101 vi11*:
593 1066 676 1101 Scio
695 1077 791 1110 eum,
812 1070 845 1100 et
862 1076 1070 1101 sermonem
1091 1065 1167 1099 eius
1184 1074 1302 1099 servo.

245 1116 346 1163 Ergo
374 1116 413 1153 in
443 1116 593 1154 Christo
621 1117 689 1154 fuit
709 1116 870 1166 'scientia
897 1116 1110 1153 beatorum.

297 1169 520 1206 REsPonm-:o
553 1181 733 1207 DICENDUM
768 1169 874 1219 quod
909 1168 1001 1205 illud
1035 1168 1142 1217 quod
1177 1175 1232 1204 est
1265 1166 1304 1204 in

243 1221 421 1270 potentia,
442 1221 636 1259 reducitur
653 1222 692 1259 in
712 1229 840 1259 actum
859 1234 928 1271 per
941 1221 979 1258 id
998 1221 1105 1270 quod
1125 1228 1179 1257 est
1198 1227 1301 1257 actu:

244 1281 394 1322 oportet
420 1274 523 1311 enim
552 1286 633 1311 esse
661 1274 828 1312 calidum
856 1274 894 1311 id
922 1286 991 1323 per
1010 1274 1116 1323 quod
1145 1273 1216 1310 alia
1244 1283 1303 1309 ca-

243 1325 387 1363 lefiunt.
417 1327 548 1364 Homo
568 1335 697 1364 autem
724 1335 779 1364 est
797 1327 835 1364 in
854 1326 1022 1376 potentia
1041 1325 1089 1363 ad
1108 1325 1303 1362 scientiam

243 1379 460 1426 beatorum,
489 1391 588 1429 quae
623 1379 662 1416 in
697 1379 843 1416 visione
872 1379 943 1416 Dei
978 1378 1160 1424 consistit,
1191 1386 1227 1415 et
1255 1378 1304 1415 ad

243 1442 330 1468 eam
358 1432 555 1470 ordinatur
581 1432 676 1470 sicut
702 1433 750 1470 ad
769 1432 906 1469 finem:
937 1439 992 1469 est
1010 1431 1113 1468 enim
1133 1438 1303 1468 creatura

243 1484 434 1522 rationalis
461 1497 581 1534 capax
608 1485 705 1522 illius
726 1486 858 1523 beatae
878 1484 1112 1533 cognitioniS,
1142 1484 1303 1532 inquan-

242 1544 326 1574 tum
354 1545 410 1574 est
428 1538 477 1575 ad
495 1537 700 1586 imaginem
719 1538 802 1575 Dei.
832 1538 893 1574 Ad
912 1539 1016 1574 hunc
1035 1545 1164 1574 autern
1183 1536 1302 1572 finem

243 1589 483 1627 beatitudinis
511 1591 688 1628 homines
716 1590 951 1628 reducuntur
977 1602 1047 1639 per
1066 1589 1204 1626 Christi
1233 1589 1301 1625 hu-

243 1642 484 1680 manitatem:
527 1643 743 1680 secundum
777 1643 869 1680 illud
904 1644 1001 1680 Heh.
1027 1655 1048 1680 11
1070 1642 1104 1679 *ε
1143 1643 1304 1678 Decebat

243 1707 326 1732 eum
349 1702 506 1746 propter
524 1708 631 1746 quem
659 1698 786 1733 omnia
814 1702 847 1733 et
868 1708 940 1746 per
959 1708 1065 1745 quem
1087 1696 1226 1740 omnia,
1243 1696 1306 1743 qui

242 1749 375 1785 multos
381 1749 488 1797 filios
507 1750 543 1786 in
563 1749 726 1799 gloriam
755 1749 974 1794 adduxerat,
995 1754 1184 1785 auctorem
1209 1747 1304 1783 salu-

295 1862 322 1898 α)
335 1863 441 1897 sortior
459 1866 493 1888 et.
510 1877 529 1880 —
548 1862 609 1888 Om.
627 1862 710 1887 tertia.

294 1897 320 1933 β)
339 1898 439 1924 visione
457 1898 506 1924 vel.
523 1911 544 1917 —-
561 1898 622 1923 Om.
641 1898 723 1923 tertia.
741 1912 760 1916 -
779 1898 830 1922 Pro
847 1897 1007 1930 cognitione,
1027 1897 1182 1929 oper-atione
1200 1898 1231 1923 A.

1340 253 1630 290 ARTICULUS
1660 255 1689 290 ΙΙ
2347 266 2391 301 14
2400 267 2412 291 1

1359 332 1402 366 tis
1415 342 1543 367 eorum
1553 343 1624 379 per
1633 333 1844 380 passionem
1860 333 2121 367 consummari.
2142 333 2189 368 Et
2204 331 2290 368 ideo
2306 344 2418 381 opor-

1360 382 1428 418 tuit
1447 383 1553 431 quod
1578 383 1739 431 cognitio
1759 383 1840 432 ipsa
1854 388 1869 410 Υ
1889 383 1926 419 in
1946 383 2017 419 Dei
2035 383 2180 420 visione
2209 385 2417 421 consistens

1361 435 1667 472 excellentissime
1698 436 1847 472 Christo
1876 435 2024 472 homini
2053 437 2288 473 conveniret:
2326 437 2416 486 quia

1360 499 1511 536 semper
1545 500 1700 525 causam
1736 496 1885 537 oportet
1913 500 1993 525 esse
2030 489 2217 537 potiorem
2249 497 2414 526 causato.

1414 541 1470 576 An
1499 553 1632 577 PRIMUM
1661 553 1758 578 ERoo
1786 553 1965 578 DICENDUM
1993 541 2099 589 quod
2119 541 2292 578 divinitas
2311 542 2417 579 unita

1363 599 1417 627 est
1448 593 1672 629 humanitati
1702 594 1839 630 Christi
1874 594 2088 630 secundum
2123 606 2345 642 personam
2381 602 2417 631 et

1359 655 1438 679 non
1466 645 1681 681 secundum
1708 654 1883 697 naturam
1902 648 1963 683 vel
1983 646 2201 683 essentiam:
2231 647 2298 683 sed
2326 659 2416 683 cum

1359 696 1499 733 unitate
1534 709 1720 745 personae
1756 694 1927 735 remanet
1962 698 2147 735 distinctio
2180 707 2414 735 naturarum.

1360 749 1407 783 Et
1434 748 1520 785 ideo
1550 750 1678 787 anima
1707 751 1861 797 Christi,
1899 764 1996 800 quae
2026 759 2080 788 est
2107 763 2194 800 pars
2223 752 2416 788 humanae

1358 808 1526 847 naturae,
1547 814 1616 850 per
1635 802 1790 851 aliquod
1810 805 1940 840 lumen
1959 804 2223 852 participatum
2244 817 2264 840 a
2283 812 2417 841 natura

1359 852 1486 890 divina
1505 855 1668 903 perfecta
1688 864 1742 891 est
1761 856 1808 892 ad
1829 856 2021 893 scientiam
2037 857 2198 902 beatam,
2215 869 2292 905 qua
2311 857 2416 893 Deus

1358 915 1438 954 per·
1454 907 1656 944 essentiam
1683 908 1843 945 videtur.

1412 959 1468 994 AD
1504 972 1691 996 SECUNDUM
1725 973 1905 998 montinum
1941 962 2047 1009 quod
2083 974 2128 998 ex
2161 961 2241 1010 ipsa
2273 961 2415 998 unione

1359 1011 1479 1047 homo
1508 1011 1567 1048 ille
1595 1020 1650 1048 est
1678 1013 1810 1049 beatus
1845 1014 2075 1050 beatitudine
2104 1014 2284 1051 increata:
2322 1014 2417 1051 sicut

1359 1075 1405 1099 ex
1432 1063 1576 1100 unione
1612 1072 1666 1100 est
1694 1066 1810 1101 Deus.
1850 1066 1926 1103 Sed
1961 1074 2109 1114 praeter
2142 1067 2415 1103 beatitudinem

1358 1114 1583 1162 increatam,
1622 1117 1790 1165 oportuit
1826 1115 1863 1154 in
1898 1126 2032 1155 natura
2070 1119 2239 1155 humana
2278 1119 2416 1155 Christi

1359 1179 1440 1204 esse
1469 1169 1665 1227 quandam
1694 1170 1966 1206 beatitudinem
1995 1178 2173 1217 creatam,
2202 1183 2271 1220 per
2298 1184 2415 1219 quam

1358 1219 1486 1257 anima
1515 1220 1596 1257 eius
1624 1221 1662 1257 in
1684 1221 1818 1258 ultimo
1839 1222 1916 1259 fine
1938 1223 2131 1259 humanae
2151 1231 2306 1260 naturae
2326 1235 2415 1260 con—

1358 1273 1582 1310 stitueretur.

1411 1327 1467 1362 An
1494 1338 1652 1364 TERTIUM
1681 1339 1861 1364 mcENDUM
1896 1327 2003 1376 quod
2030 1327 2126 1364 visio
2161 1339 2228 1364 seu
2264 1328 2416 1364 scientia

1358 1378 1467 1415 beata
1502 1386 1557 1415 est
1584 1380 1878 1428 quodammodo
1914 1392 2028 1429 supra
2063 1387 2239 1416 naturam
2267 1380 2416 1417 animae

1358 1431 1564 1468 rationalis:
1602 1432 1830 1481 inquantum
1859 1432 1996 1469 scilicet
2022 1432 2176 1481 propria
2203 1432 2339 1469 virtute
2368 1433 2416 1469 ad

1358 1496 1444 1520 eam
1472 1485 1671 1533 pervenire
1700 1497 1780 1522 non
1807 1493 1941 1534 potest.
1979 1485 2063 1522 Alio
2092 1497 2185 1522 vero
2214 1485 2333 1522 modo
2363 1493 2417 1521 est

1357 1537 1572 1573 secundum
1591 1545 1768 1574 naturam
1787 1538 1922 1587 ipsius:
1946 1538 2175 1587 inquantum
2195 1537 2331 1574 scilicet
2350 1549 2418 1586 per

1358 1597 1534 1626 naturam
1563 1603 1671 1627 suam
1702 1598 1757 1627 est
1785 1603 1903 1640 capax
1932 1591 2032 1637 eius,
2062 1598 2176 1639 prout
2205 1590 2342 1627 scilicet
2369 1591 2417 1627 ad

1359 1642 1564 1689 imaginem
1593 1643 1665 1679 Dei
1692 1644 1788 1680 facta
1816 1651 1887 1689 est,
1922 1651 1964 1680 ut
1991 1655 2107 1692 supra
2129 1643 2149 1664 *
2177 1643 2322 1679 dictum
2350 1651 2415 1679 est.

1360 1695 1436 1731 Sed
1465 1695 1617 1732 scientia
1650 1695 1814 1732 increata
1849 1703 1904 1732 est
1936 1696 2116 1733 omnibus
2145 1696 2271 1733 modis
2305 1708 2419 1745 supra

1359 1755 1536 1784 naturam
1564 1747 1714 1785 animae
1743 1749 1949 1785 humanae.

1409 1862 1436 1895 γ)
1456 1861 1523 1893 ipsa.
1540 1875 1559 1879 —
1578 1862 1654 1886 beata
1673 1861 1756 1887 tertia.

916 1976 1246 2010 Commentaria
1268 1978 1521 2011 Car-clinans
1542 1977 1744 2011 Caietam

300 2069 408 2090 nurus
438 2059 539 2089 clarus
563 2062 619 2088 est.
634 2075 658 2080 —
681 2058 716 2087 In
746 2066 881 2097 corpore
911 2057 1033 2087 articuli
1057 2066 1121 2087 una
1151 2062 1198 2088 est
1227 2066 1304 2087 con-

243 2071 420 2135 Tclusio:
446 2103 486 2134 In
512 2102 640 2133 Christo
663 2106 710 2132 est
731 2101 863 2132 scientia
886 2101 988 2136 beata,
1005 2101 1179 2132 consistens
1202 2101 1234 2131 in
1259 2101 1304 2132 vi-

241 2149 333 2179 sione
345 2148 424 2183 Dei,
449 2145 720 2178 excellentissime.
752 2145 927 2175 Conclusio
944 2146 1001 2175 ista
1017 2145 1111 2175 habet
1133 2144 1210 2175 duas
1234 2154 1304 2184 par-

241 2198 308 2223 tes:
332 2192 435 2233 prima
450 2196 496 2222 est
516 2189 605 2230 quod
619 2190 653 2220 in
669 2189 795 2220 Christo
812 2194 859 2219 est
877 2189 1008 2219 scientia
1022 2189 1130 2225 beata;
1154 2188 1302 2225 secunda,

242 2235 332 2276 quod
359 2234 628 2266 excellentissime.

296 2280 452 2310 Probatur
474 2279 508 2309 in
531 2278 641 2314 littera,
664 2278 780 2317 primo,
804 2278 906 2317 prima
924 2287 1005 2317 pars.
1030 2277 1135 2307 Omne
1153 2277 1242 2317 quod
1258 2283 1304 2308 est

241 2325 275 2355 in
290 2324 443 2364 potentia,
459 2322 620 2353 reducitur
634 2322 668 2352 in
680 2327 787 2352 actum
802 2331 859 2361 per
874 2321 1005 2361 aliquod
1021 2331 1076 2351 ens
1092 2326 1174 2351 actu.
1191 2321 1302 2352 Homo

243 2373 290 2399 est
311 2369 346 2398 in
367 2367 511 2408 potentia
533 2365 573 2396 ad
595 2366 759 2396 scientiam
782 2365 916 2401 beatam,
940 2366 973 2395 in
997 2365 1057 2395 Dei
1080 2366 1202 2395 visione
1226 2375 1303 2396 con-

241 2413 420 2443 sistentem:
445 2416 477 2441 et
499 2409 659 2440 reducitur
681 2410 714 2440 in
730 2415 837 2440 actum
852 2410 949 2440 istum
971 2419 1028 2449 per
1052 2408 1169 2439 Christi
1191 2410 1303 2440 huma-

241 2457 383 2486 nitatem.
407 2455 493 2495 Ergo
516 2455 549 2484 in
569 2453 696 2484 Christo
721 2459 767 2484 est
783 2454 913 2484 scientia
935 2454 1034 2483 beata.
1058 2471 1081 2475 ›—
1104 2453 1206 2483 Maior
1228 2463 1302 2494 pro-

242 2500 357 2530 batur
349 2509 383 2529 in
399 2498 512 2529 calido.
531 2516 554 2520 -
577 2497 693 2532 Minor,
710 2497 818 2538 quoad
833 2498 969 2537 primam
985 2502 1117 2537 partem,
1134 2497 1301 2548 probatur:

241 2544 318 2584 quia
339 2544 440 2574 homo
465 2547 511 2572 est
533 2551 631 2582 capax
654 2542 737 2572 illius
760 2540 971 2577 beatitudinis,
996 2542 1071 2581 quia
1094 2547 1140 2571 est
1163 2541 1202 2571 ad
1225 2542 1303 2571 ima-

242 2588 350 2627 ginem
372 2587 443 2623 Dei,
467 2591 499 2616 et
521 2585 560 2616 ad
582 2585 669 2616 illam
692 2585 854 2616 ordinatur
876 2591 912 2615 ut
927 2585 967 2615 ad
981 2584 1090 2615 finem.
1114 2585 1232 2623 Quoad
1254 2595 1302 2615 se-

243 2630 382 2662 cundam
404 2639 491 2666 vero,
508 2630 693 2660 auctoritate
715 2630 880 2680 Apostoli:
903 2629 1045 2660 Decebat
1067 2639 1138 2659 eum
1154 2635 1213 2660 etc.

297 2674 431 2711 Deinde,
454 2674 488 2704 in
503 2674 588 2704 calce
604 2675 746 2714 corporis
762 2674 894 2709 articuli,
910 2674 1063 2713 probatur
1077 2673 1216 2703 secunda
1231 2683 1302 2714 pars

240 2718 475 2754 conclusionis,
506 2718 624 2748 scilicet
650 2717 739 2757 quod
765 2717 1035 2748 excellentissime.
1064 2717 1148 2755 Quia
1178 2727 1303 2758 semper

243 2772 372 2794 causam
396 2766 524 2802 oportet
546 2771 613 2792 esse
635 2761 859 2801 perfectiorem
883 2766 1021 2791 causato.

297 2806 445 2841 Adverte,
469 2805 607 2841 Novitie,
631 2805 721 2845 quod
743 2806 819 2845 quia
836 2806 1073 2845 propositiones
1090 2804 1250 2836 evidentes
1266 2816 1302 2836 ac

240 2851 391 2886 usitatae,
421 2855 575 2889 tanquam
597 2850 701 2879 statim
723 2855 908 2889 perceptae,
940 2855 1082 2879 truncate
1106 2849 1302 2890 quandoque

242 2894 400 2930 dicuntur,
424 2893 498 2924 ideo
521 2893 644 2923 Auctor
665 2894 820 2924 maiorem
844 2894 887 2924 sic
911 2893 1023 2929 attulit,
1047 2903 1115 2923 non
1130 2903 1242 2924 curans
1265 2894 1302 2924 li-

241 2939 354 2969 mitare
380 2947 451 2968 eam
477 2943 513 2967 ut
538 2936 632 2967 debet
660 2937 810 2977 intelligi,
841 2937 975 2967 scilicet:
1006 2937 1035 2968 si
1065 2937 1231 2967 reducitur
1260 2938 1303 2968 ad

241 2987 359 3014 actum.
382 2982 497 3021 Neque
520 2981 606 3011 enim
630 2990 726 3011 omne
749 2980 838 3021 quod
853 2986 900 3011 est
921 2982 955 3011 in
977 2981 1120 3021 potentia
1142 2980 1303 3012 reducitur

243 3026 283 3056 ad
298 3031 418 3056 actum:
436 3035 511 3056 cum
526 3025 626 3055 multa
641 3025 703 3055 sint
717 3025 750 3055 in
765 3025 908 3065 potentia
925 3034 1006 3064 quae
1018 3034 1185 3065 nunquam
1199 3031 1301 3056 erunt.

242 3069 306 3101 Sed
329 3079 426 3100 omne
450 3068 539 3109 quod
562 3073 609 3099 est
630 3068 664 3098 in
686 3069 845 3108 potentia,
877 3069 902 3098 si
924 3068 1085 3099 reducitur
1111 3067 1150 3098 ad
1177 3074 1300 3106 actum,

243 3119 372 3154 oportet
401 3112 491 3154 quod
513 3112 681 3143 reducatur
703 3112 743 3142 ad
765 3117 872 3143 actum
901 3122 958 3152 per
981 3112 1111 3152 aliquod
1136 3122 1191 3143 ens
1217 3119 1300 3144 actu.

244 3158 317 3188 Hoc
340 3158 426 3188 enim
448 3156 583 3188 intendit
604 3157 722 3187 littera:
755 3161 786 3186 et
808 3157 871 3186 hoc
894 3157 1001 3187 solum
1024 3162 1070 3187 est
1093 3156 1132 3186 ad
1155 3159 1301 3198 proposi-

242 3207 323 3232 tum.
357 3201 398 3232 Et
419 3206 589 3241 propterea
617 3201 650 3230 in
672 3201 797 3230 minore
819 3206 984 3240 ponuntur
1012 3206 1061 3231 tot
1084 3200 1299 3231 conditiones:

241 3245 363 3276 scilicet
385 3244 474 3285 quod
496 3245 597 3275 homo
621 3250 668 3275 est
690 3244 723 3274 in
746 3245 898 3284 potentia,
923 3250 955 3274 et
976 3243 1065 3284 quod
1085 3243 1247 3274 ordinatur
1262 3244 1301 3274 ad

241 3289 329 3319 illam
351 3294 388 3319 ut
409 3287 517 3319 finem.
545 3288 593 3318 Ex
615 3288 678 3318 hoc
702 3289 788 3318 enim
811 3287 948 3319 ostendit
969 3289 1188 3318 necessitatem
1213 3287 1301 3327 quod

243 3333 387 3372 potentia
416 3337 463 3363 est
492 3332 672 3363 reducenda
702 3331 741 3362 ad
764 3337 887 3368 actum,
918 3332 992 3362 licet
1021 3341 1088 3362 non
1114 3332 1147 3361 in
1171 3331 1300 3370 singulis

244 3376 443 3407 hominibus:
475 3377 550 3416 quia
573 3376 768 3416 impossibile
791 3381 838 3406 est
864 3375 952 3416 quod
975 3377 1119 3416 potentia
1141 3374 1180 3404 ad
1203 3374 1300 3403 finem

242 3421 284 3450 sit
306 3419 419 3450 frustra
442 3420 474 3450 in
497 3425 565 3450 tota
587 3420 755 3450 universali
777 3421 892 3460 specie.

299 3463 336 3494 11.
361 3463 453 3494 Circa
468 3464 554 3494 hunc
569 3463 688 3494 litterae
704 3473 899 3503 processum,
913 3463 1046 3494 dubium
1063 3461 1208 3496 occurrit,
1226 3461 1300 3499 quia

245 3508 421 3547 propositio
445 3507 497 3538 illa
512 3507 765 3542 fundamentalis,
788 3508 954 3538 Reducens
969 3505 1091 3545 aliquid
1106 3504 1144 3534 de
1155 3504 1299 3543 potentia

245 3551 278 3580 in
302 3555 407 3581 actum
430 3556 477 3582 est
491 3551 523 3581 in
539 3556 622 3586 actu,
648 3552 791 3591 quamvis
815 3552 853 3581 sit
868 3550 1027 3580 verissima
1047 3549 1079 3578 in
1096 3548 1196 3578 causis
1215 3547 1299 3586 prin-

1359 2058 1523 2097 cipalibus,
1546 2067 1615 2087 non
1637 2062 1745 2087 tamen
1768 2062 1815 2087 est
1837 2066 1909 2087 vera
1932 2057 1965 2087 in
1989 2057 2090 2087 causis
2112 2058 2418 2088 instrumentalibus:

1359 2107 1395 2131 ut
1411 2111 1458 2132 ex
1463 2101 1644 2132 Alexandro
1660 2106 1755 2140 patet,
1772 2101 1829 2131 XII
1846 2101 2027 2141 Metaplirs.
2040 2102 2056 2118 ⁴*
2080 2102 2120 2131 Et
2136 2101 2174 2131 ad
2190 2111 2318 2132 sensum
2333 2108 2419 2142 patet

1358 2146 1569 2176 instrumenta
1598 2155 1664 2175 non
1689 2155 1756 2175 esse
1779 2145 1852 2175 talia
1874 2145 1908 2175 in
1931 2151 2004 2175 actu
2031 2145 2136 2185 qualia
2159 2145 2240 2176 fiunt
2263 2146 2301 2175 ab
2324 2147 2415 2186 ipsis:

1358 2195 1394 2220 ut
1417 2190 1538 2220 semina
1568 2190 1601 2219 in
1624 2190 1836 2225 naturalibus,
1869 2194 1900 2219 et
1926 2198 2045 2229 organa
2071 2188 2226 2219 artificum
2255 2195 2416 2220 testantur.

1358 2234 1548 2264 Humanitas
1571 2239 1678 2264 autem
1702 2233 1819 2263 Christi
1842 2243 1909 2263 non
1925 2239 1971 2263 est
1995 2232 2133 2263 efficiens
2155 2234 2338 2273 principale,
2363 2233 2417 2264 sed

1357 2277 1614 2314 instrumentale,
1644 2283 1791 2317 respectu
1820 2283 1946 2307 nostrae
1977 2276 2188 2307 beatitudinis.
2224 2277 2298 2307 Non
2324 2278 2418 2317 igitur

1357 2323 1500 2362 sequitur
1531 2332 1568 2352 ex
1591 2331 1648 2352 sua
1671 2321 1839 2352 efficientia
1869 2321 1958 2361 quod
1980 2322 2020 2351 sit
2043 2326 2115 2351 actu
2138 2321 2229 2351 beata
2259 2321 2416 2360 (quamvis

1357 2365 1397 2396 de
1413 2365 1496 2396 facto
1521 2366 1612 2396 beata
1627 2366 1689 2405 sit).
1714 2366 1789 2395 Non
1805 2371 1851 2396 est
1866 2375 1941 2405 ergo
1966 2365 2074 2395 efficax
2096 2374 2263 2404 processus
2286 2365 2414 2395 litterae.

1411 2409 1463 2440 Ad
1485 2410 1548 2440 hoc
1572 2409 1686 2440 dicitur
1709 2409 1798 2449 quod
1821 2410 2066 2440 instrumentum
2090 2414 2136 2438 est
2155 2408 2287 2448 duplex:
2313 2408 2415 2448 quod-

1357 2452 1430 2484 dam
1453 2463 1533 2494 pure
1556 2454 1813 2490 instrumentum,
1837 2459 1873 2484 ut
1896 2463 2013 2493 organa
2032 2453 2155 2487 artium,
2178 2457 2207 2482 et
2231 2452 2359 2488 semina,
2384 2458 2415 2482 et

1327 2481 1332 2534 Ι
1357 2497 1558 2534 huiusmodi;
1590 2497 1754 2538 quoddam
1783 2498 1827 2527 ita
1853 2498 2098 2527 instrumentum
2129 2495 2217 2535 quod
2244 2501 2290 2525 est
2320 2496 2414 2526 etiam

1357 2551 1456 2572 causa
1478 2542 1529 2572 sui
1544 2543 1575 2576 ⁴⁶,
1600 2543 1681 2572 sicut
1704 2551 1811 2572 servus
1835 2546 1881 2571 est
1904 2550 2059 2580 organum
2082 2539 2220 2574 domini,
2244 2540 2286 2569 ita
2308 2544 2414 2569 tamen

1358 2585 1447 2625 quod
1461 2586 1561 2616 libero
1578 2586 1705 2616 arbitrio
1722 2595 1854 2616 suorum
1869 2590 2018 2615 motuum
2042 2593 2135 2614 causa
2151 2589 2196 2613 est
2211 2584 2236 2612 ’ἢ
2261 2583 2414 2620 Quamvis

1357 2635 1464 2660 autem
1493 2631 1634 2670 primum
1663 2630 1947 2660 instrumentorum
1977 2637 2076 2667 genus
2106 2637 2174 2657 non
2199 2627 2311 2656 habeat
2341 2632 2413 2657 actu

1357 2673 1446 2714 quod
1468 2674 1747 2704 instrumentaliter
1769 2673 1872 2709 efficit,
1897 2671 2072 2702 secundum
2095 2677 2202 2701 tamen
2225 2671 2413 2700 instrumen-

1356 2723 1463 2748 torum
1493 2727 1610 2758 genus,
1642 2723 1799 2757 quatenus
1829 2717 1878 2747 sui
1901 2716 2079 2746 dominium
2106 2715 2198 2744 habet
2229 2713 2412 2749 admixtum,

1357 2767 1430 2792 actu
1454 2762 1548 2792 habet
1571 2761 1661 2802 quod
1683 2762 1716 2791 in
1740 2762 1806 2791 aliis
1831 2760 1933 2790 efficit.
1970 2759 2009 2789 Et
2039 2759 2112 2798 quia
2143 2757 2285 2788 Christus
2312 2758 2412 2788 homo

1357 2806 1400 2836 sic
1425 2811 1471 2836 est
1493 2806 1739 2836 instrumentum
1763 2805 1822 2834 Dei
1845 2809 1881 2834 ut
1899 2803 1976 2833 liber
1992 2803 2039 2838 sit,
2063 2802 2158 2831 libere
2175 2802 2364 2840 cooperetur
2383 2807 2414 2831 et

1357 2849 1472 2880 efficiat
1493 2859 1553 2880 nos
1576 2850 1702 2885 beatos,
1733 2848 1806 2878 ideo
1830 2848 1862 2877 in
1885 2847 1985 2901 littera
2014 2846 2135 2875 illatum
2159 2850 2204 2874 est
2235 2844 2323 2884 quod
2346 2846 2413 2885 ipse

1358 2899 1404 2924 est
1427 2899 1499 2924 actu
1522 2895 1642 2924 beatus.

1411 2938 1523 2968 111.1n
1545 2938 1734 2977 probatione
1758 2933 1914 2964 secundae
1938 2933 2033 2973 partis
2063 2932 2294 2967 conclusionis,
2325 2938 2412 2968 nota,

1356 2981 1494 3017 Novitie‚
1519 2980 1607 3021 quod
1622 2981 1744 3010 Auctor
1761 2978 1832 3017 plus
1849 2976 2011 3007 concludit
2027 2986 2123 3016 quarn
2139 2976 2252 3015 probet
2261 2976 2412 3026 explicite

1356 3026 1435 3055 ratio
1463 3025 1563 3055 allata.
1599 3024 1683 3060 Quia
1712 3022 1790 3051 ratio
1821 3030 1888 3050 non
1918 3021 2031 3060 probat
2062 3019 2206 3059 explicite
2236 3020 2297 3049 nisi
2324 3019 2412 3059 quod

1357 3069 1500 3099 Christus
1519 3073 1565 3097 est
1579 3066 1749 3107 perfectius
1764 3065 1873 3094 beatus
1890 3074 1987 3103 quam
2003 3063 2054 3093 alii
2070 3063 2226 3093 homines.
2250 3063 2291 3093 Et
2306 3069 2411 3094 tamen

1355 3112 1556 3143 concluditur
1579 3109 1667 3149 quod
1691 3114 1736 3138 est
1758 3109 1868 3138 beatus
1891 3107 2161 3138 excellentissime.
2186 3107 2290 3137 Licuit
2305 3112 2411 3137 autem

1355 3157 1417 3186 hoc
1440 3155 1537 3195 gratia
1559 3153 1715 3183 materiae.
1740 3151 1903 3189 Quoniam
1926 3152 1989 3182 iam
2004 3153 2020 3168 ⁴*
2044 3151 2236 3182 declaratum
2252 3156 2297 3195 est
2321 3150 2411 3181 Chri-

1354 3205 1439 3229 stum
1462 3207 1529 3228 esse
1553 3202 1648 3236 caput
1671 3196 1818 3226 omnium
1841 3196 2017 3231 beatorum,
2034 3201 2099 3225 tam
2121 3196 2291 3225 hominum
2315 3204 2411 3234 quam

1355 3242 1556 3281 angelorum:
1582 3250 1618 3270 ac
1641 3249 1697 3279 per
1720 3239 1792 3274 hoc,
1817 3238 2081 3279 subintelligendo
2105 3248 2192 3268 nunc
2216 3237 2303 3278 quod
2320 3238 2411 3268 Chri-

1355 3292 1419 3316 stus
1443 3290 1488 3315 est
1512 3293 1606 3314 causa
1622 3282 1760 3313 efficiens
1775 3282 2003 3313 beatitudinem
2019 3288 2159 3313 nostram
2175 3287 2211 3312 ut
2227 3287 2322 3322 caput
2337 3283 2410 3312 bea-

1354 3335 1477 3363 torum,
1510 3328 1630 3367 optime
1657 3326 1788 3357 infertur
1818 3326 1906 3366 quod
1933 3332 1979 3357 est
2009 3326 2267 3357 excellentissime
2290 3326 2409 3361 beatus,

1354 3377 1466 3411 utpote
1490 3381 1584 3401 causa
1607 3377 1642 3401 ut
1665 3376 1770 3411 caput.

1408 3415 1459 3445 IV.
1485 3415 1520 3445 In
1543 3415 1751 3455 responsione
1782 3414 1821 3445 ad
1844 3415 1971 3445 tertium
2002 3413 2143 3444 eiusdem
2167 3413 2305 3448 articuli,
2334 3418 2411 3443 nota

1353 3459 1588 3489 distinctionem
1612 3458 1650 3489 de
1673 3468 1773 3499 supra
1796 3464 1956 3493 naturam,
1980 3458 2029 3488 vel
2052 3457 2225 3488 secundum
2248 3461 2408 3487 naturam.

1353 3503 1516 3540 Quoniam
1539 3503 1613 3533 hinc
1637 3503 1732 3533 habes
1755 3503 1951 3532 intellectum
1974 3501 2170 3532 diversorum
2193 3500 2351 3531 dictorum
2370 3500 2409 3530 de

1354 3546 1545 3576 beatitudine
1576 3552 1692 3581 nostra,
1717 3556 1791 3576 cum
1821 3547 1961 3576 invenies
1993 3544 2081 3584 quod
2105 3550 2151 3575 est
2173 3544 2331 3580 naturalis,
2356 3549 2409 3574 aut

2445 1645 2455 1654 ¹·
2470 1644 2494 1665 In
2510 1650 2614 1672 corpore.

2447 2107 2535 2128 ·A.lex
2551 2107 2611 2134 apud
2621 2107 2654 2128 A·

2445 2139 2503 2154 verr.
2518 2133 2560 2154 Xll
2576 2133 2653 2154 Meta-

2441 2160 2518 2207 5135„
2530 2164 2654 2181 comment.

2442 2547 2493 2568 ’'Ct.
2499 2547 2596 2569 Aristot.
2602 2547 2652 2568 Me-

2441 2573 2532 2601 tapnys.
2535 2574 2574 2595 lib
2578 2574 2595 2598 1,
2572 2580 2650 2621 b:cap

2441 2606 2502 2647 ἲὲςέῗ
2508 2600 2587 2647 312·
2644 2617 2650 2621 ·

2442 2652 2494 2673 ·.Cf
2503 2653 2599 2673 Aristot.
2606 2652 2651 2674 Po-

2440 2679 2475 2700 lil.
2491 2678 2530 2700 lib
2541 2679 2558 2705 1
2569 2684 2619 2710 cap.
2628 2685 2649 2705 v,

2440 2695 2650 2752 ¹11‘2'.et3.x—S.Th.

2440 3155 2449 3165 ⁶
2469 3154 2515 3181 Qu.
2538 3161 2587 3180 viu,
2606 3159 2648 3176 art.

2438 3187 2458 3209 3¹
2472 3188 2495 3206 4·
