2872 3970
134 1873 181 1898 ¹⁸9·

33 2487 42 2535 ζ
76 2531 77 2534 ,
98 2487 251 2545 [mm.

84 2699 87 2703 Δ
117 2718 253 2743 ‘ap-u.

943 301 1208 348 QUAESTIO
1238 303 1373 350 xvm,
1403 303 1693 341 ARTICULUS
1721 305 1756 341 v

2359 306 2431 343 235

942 441 1274 474 Commentariis.
1296 441 1545 474 cardinalis
1567 442 1765 475 Caietani

330 546 448 573 nurus,
464 542 501 568 ut
515 542 617 573 sonat,
637 537 739 568 clarus
762 542 817 567 est.
834 554 855 559 -
879 537 915 567 In
935 547 1070 577 corpore
1090 538 1212 568 articuli
1234 539 1328 568 unica

273 548 378 611 Test
400 581 565 612 conclusio
593 582 792 621 responsiva:
816 581 855 611 In
879 581 1007 611 Christo
1022 582 1096 623 fuit
1118 582 1251 612 liberum
1274 592 1328 612 ar-

270 624 410 655 bitrium.
441 624 605 654 Probatur.
636 625 671 655 In
695 624 822 655 Christo
850 625 997 655 voluntas
1020 626 1151 665 ponitur
1174 631 1210 656 ut
1237 626 1328 656 ratio.

271 668 357 708 Ergo·
381 668 504 698 electio.
529 668 614 708 Ergo
638 669 774 698 liberum
790 669 962 699 arbitrium.
1108 685 1112 689 ι
1340 697 1346 702 ,

268 722 273 726 ’
325 711 527 742 Antecedens
549 712 710 752 probatur.
744 711 832 750 Quia
850 713 884 742 in
907 712 1035 743 Christo
1058 713 1189 752 ponitur
1211 712 1329 753 duplex

268 755 442 786 :voluntatis
466 760 570 786 actus:
602 756 721 786 scilicet
742 762 890 796 respectu
911 755 1000 792 finis;
1031 762 1063 786 et
1088 762 1235 796 respectu
1261 758 1329 787 eius

269 798 362 840 quod
377 804 424 830 est
439 799 479 830 ad
493 798 601 836 finem,
619 805 689 836 etc„
706 805 743 830 ut
765 809 860 840 supra
875 799 996 830 dictum
1012 805 1067 830 est.
1083 819 1106 823 -
1128 801 1233 830 Prima
1253 810 1329 831 con-

1382 540 1547 579 sequentia
1569 540 1730 579 probatur.
1759 539 1843 578 Quia
1867 541 1980 571 electio
2004 546 2050 571 est
2072 541 2157 571 idem
2181 542 2270 582 quod
2291 544 2437 574 voluntas

1382 589 1418 612 ut
1440 584 1530 613 ratio.
1555 583 1654 621 Quod
1676 584 1828 623 probatur
1851 594 1888 614 ex
1912 584 2085 615 differentia
2100 586 2180 615 inter
2195 587 2391 618 voluntatem
2407 594 2438 618 et

1384 627 1575 657 electionem
1591 637 1629 658 ex
1651 627 1692 657 III
1707 627 1833 658 Ennia:
1856 629 1930 667 quia
1953 628 2005 658 illa
2021 628 2102 665 finis,
2119 630 2196 660 haec
2213 631 2279 660 eius
2296 631 2384 670 quod
2399 632 2438 661 ad

1383 669 1499 706 finem;
1528 676 1559 701 et
1573 676 1742 710 propterea
1764 671 1817 701 illa
1831 672 1978 702 voluntas
2001 678 2037 702 ut
2059 678 2179 709 natura,
2195 674 2273 704 haec
2292 675 2438 705 voluntas

1384 719 1420 744 ut
1435 715 1525 744 ratio.
1541 732 1564 736 —
1587 714 1733 745 Secunda
1748 724 1824 745 vero
1842 717 2070 755 consequentia
2092 718 2253 756 probatur.
2277 718 2361 755 Quia
2377 719 2439 749 ele-

1386 758 1449 787 ctio
1474 763 1521 788 est
1543 759 1690 798 proprius
1714 764 1801 788 actus
1825 759 1914 789 liberi
1937 760 2069 796 arbitrii,
2093 761 2156 790 hoc
2183 767 2245 798 est,
2269 762 2439 792 voluntatis

1385 806 1421 831 ut
1444 807 1491 831 est
1508 802 1649 832 vliberum
1671 803 1851 838 arbitrium,
1879 808 1915 833 ut
1940 804 1974 833 in
1995 804 2099 834 Prima
2121 805 2212 835 Parte
2239 805 2360 836 dictum
2383 812 2438 836 est.

1056 963 1374 1005 ARTICULUS
1404 964 1660 1012 QUINTUS

418 1062 575 1094 UTRUM
598 1062 833 1094 VOLUNTAS
855 1064 1046 1095 HUMANA
1069 1064 1112 1094 IN
1136 1064 1325 1095 efflusTo
1349 1065 1571 1096 VOLUERIT
1594 1066 1726 1097 ALIUD
1746 1066 1873 1104 QUAM
1896 1067 2019 1104 QUOD
2043 1067 2154 1098 DEus
2176 1068 2294 1099 VULT

715 1149 789 1179 Infra,
808 1157 853 1182 qu.
871 1158 921 1181 xxx,
940 1155 986 1176 art.
1005 1157 1037 1182 43
1057 1151 1088 1175 111
1107 1151 1190 1180 Sent„
1209 1151 1268 1177 dist.
1287 1159 1347 1182 mi,
1366 1149 1413 1176 art.
1433 1158 1457 1181 2,
1476 1151 1524 1183 qu*
1545 1158 1572 1183 ις
1591 1152 1625 1176 IV
1646 1152 1721 1177 Cont.
1743 1154 1829 1182 Gent.‚
1848 1161 1903 1185 cap.
1921 1160 2002 1178 xxxvi.

316 1256 370 1293 ἂψ
386 1255 457 1299 μς(
483 1249 507 1274 D
531 1249 692 1280 QUINTUM
710 1250 762 1275 sm
781 1250 1016 1276 moeson-ua.
1046 1238 1208 1275 Videtur
1226 1239 1332 1288 quod

270 1290 274 1293 ‘
304 1278 458 1349 ἵξᾼὲἶὲὶ
483 1291 663 1327 voluntas
682 1291 855 1327 humana
869 1290 908 1327 in
930 1291 1081 1328 Christo
1101 1303 1182 1328 non
1200 1293 1333 1328 volue-

293 1343 326 1396 (γ’
350 1358 409 1385 v,
424 1339 531 1389 rit
563 1342 667 1380 aliud
693 1355 812 1392 quam
841 1344 948 1392 quod
976 1344 1082 1380 Deus
1110 1345 1203 1380 vult.
1233 1344 1333 1380 Dici-

301 1391 303 1395 ’
328 1370 425 1425 4²³⁹ss
441 1387 473 1429 K
485 1402 547 1432 tur
565 1395 670 1432 enim
688 1395 728 1432 in
747 1396 901 1433 Psalmo
919 1396 952 1442 ²⁸,
972 1408 1019 1433 ex
1039 1408 1205 1445 persona
1225 1396 1333 1433 Chri-

275 1447 336 1484 sti:
361 1448 408 1485 Ut
421 1447 589 1493 facerem
602 1449 826 1486 voluntatem
845 1455 959 1495 tuam,
977 1450 1076 1486 Deus
1093 1461 1208 1495 meus,
1223 1450 1333 1487 volui.

276 1500 353 1538 Sed
371 1499 432 1537 ille
460 1500 527 1550 qui
545 1501 627 1537 vult
645 1502 884 1538 voluntatem
912 1501 1070 1538 alicuius
1097 1502 1232 1547 facere,
1253 1503 1335 1539 vult

275 1553 383 1603 quod
411 1553 471 1590 ille
498 1554 591 1590 vult.
621 1554 722 1602 Ergo
749 1553 902 1590 videtur
929 1555 1036 1603 quod
1059 1556 1236 1591 voluntas
1264 1555 1335 1592 hu-

268 1609 392 1651 ,mana'
416 1605 554 1643 Christi
582 1605 676 1643 nihil
704 1606 808 1643 aliud
834 1606 999 1644 voluerit
1020 1619 1139 1655 quam
1157 1609 1335 1644 voluntas

275 1658 396 1708 ipsius
424 1658 565 1695 divina.
793 1691 800 1695 .

331 1723 365 1748 2.
395 1712 634 1756 ΡΚΑΕΤΕΚΕΑ,
663 1710 792 1748 anima
821 1710 960 1748 Christi
987 1711 1121 1748 habuit
1147 1712 1336 1761 perfectis-

277 1763 415 1801 simam
443 1764 655 1811 caritatem,
685 1776 785 1812 quae
813 1764 928 1800 etiam
948 1765 1336 1813 comprehensionem

276 1823 428 1854 nostrae
456 1816 633 1853 scientiae
660 1816 817 1862 excedit,
842 1817 1058 1853 secundum
1087 1817 1179 1854 illud
1202 1819 1334 1866 Ephes.

268 1868 360 1915 [111*:
393 1871 724 1918 supereminentem
757 1870 929 1906 scientiae
963 1871 1153 1906 caritatem
1192 1871 1335 1907 Christi.

278 1921 355 1960 Sed
390 1921 551 1959 caritatis
579 1928 635 1958 est
661 1921 783 1958 facere
818 1921 925 1970 quod
953 1921 1074 1958 homo
1110 1921 1215 1958 idem
1248 1922 1338 1959 velit

277 1974 384 2024 quod
412 1975 536 2011 Deus:
566 1974 671 2011 unde
691 1981 726 2010 et
745 1973 1016 2022 Philosophus,
1036 1974 1076 2010 in
1099 1975 1150 2011 IX
1168 1976 1285 2011 Ethic.
1306 1975 1337 2020 ²¹⁶,

277 2027 367 2064 dicit
385 2027 493 2076 quod
512 2039 637 2064 unum
664 2027 711 2063 de
734 2026 998 2063 amicabilibus
1020 2034 1075 2063 est
1094 2028 1222 2064 eadem
1247 2028 1340 2065 velle

277 2085 312 2118 et
329 2080 478 2129 eligere.
503 2080 605 2127 Ergo
624 2081 802 2116 voluntas
821 2080 994 2116 humana
1013 2079 1053 2116 in
1073 2079 1224 2116 Christo
1244 2080 1339 2117 nihil

270 2132 382 2170 'aliud
408 2132 531 2169 voluit
558 2143 678 2181 quam
705 2131 846 2169 divina.

334 2185 368 2222 3.
398 2185 630 2230 PRAETEREA,
651 2184 824 2221 Christus
847 2184 917 2221 fuit
943 2196 1058 2221 verus
1086 2185 1339 2233 comprehen-

279 2249 354 2275 sor.
385 2237 462 2274 Sed
482 2237 600 2274 sancti
626 2236 693 2285 qui
721 2244 809 2274 sunt
833 2238 1177 2286 comprehensores
1205 2237 1245 2273 in
1272 2250 1338 2286 pa-

278 2290 369 2336 tria,
398 2289 493 2327 nihil
521 2289 624 2326 aliud
651 2290 789 2326 volunt
815 2301 934 2338 quam
967 2290 1074 2338 quod
1111 2290 1217 2326 Deus
1245 2291 1337 2326 vult.

278 2342 479 2392 Alioquin,
508 2354 589 2379 non
617 2349 742 2379 essent
773 2342 890 2387 beati,
920 2342 1011 2391 quia
1043 2354 1123 2379 non
1155 2342 1340 2379 haberent

279 2395 468 2446 quidquid
486 2396 643 2432 vellent:
673 2397 798 2432 beatus
824 2394 928 2432 enim
956 2401 1006 2432 est
1025 2397 1088 2444 qui
1111 2396 1218 2432 hahet
1238 2395 1339 2444 quid-

279 2449 368 2499 quid
391 2448 467 2487 vult
494 2454 527 2484 et
554 2447 646 2485 nihil
671 2448 764 2484 mali
787 2448 875 2494 vult,
904 2455 947 2484 ut
974 2447 1063 2484 dicit
1090 2447 1338 2495 Augustinus,

279 2500 320 2539 in
338 2500 434 2538 libro
453 2500 500 2538 de
516 2502 552 2538 T
549 2502 620 2537 rin.
635 2499 655 2522 ²¹⁵
674 2501 776 2548 Ergo
797 2500 970 2537 Christus
989 2500 1083 2536 nihil
1101 2500 1205 2536 aliud
1218 2500 1340 2537 voluit

280 2553 497 2591 secundum
514 2555 753 2590 voluntatem
772 2553 987 2590 humanam
1006 2565 1126 2602 quam
1146 2553 1252 2601 quod
1271 2565 1339 2590 vo-

280 2605 350 2643 luit
375 2607 553 2644 voluntas
581 2605 722 2643 divina.

335 2659 408 2696 SED
437 2670 580 2696 CONTRA
607 2670 673 2696 EsT
701 2658 808 2707 quod
834 2658 1069 2706 Augustinus
1089 2657 1189 2705 dicit,
1210 2663 1339 2695 contra

279 2713 537 2750 Maximinum
555 2711 594 2748 *ε
623 2713 670 2748 In
699 2712 770 2748 hoc
797 2712 896 2760 quod
916 2712 1080 2748 Christus
1107 2713 1169 2757 ait,
1207 2726 1226 2744 «
1247 2711 1337 2748 Non

280 2764 379 2814 quod
404 2776 475 2814 ego
502 2764 605 2810 volo,
633 2764 699 2801 sed
729 2764 827 2813 quod
858 2770 895 2800 tu
918 2779 952 2810 »,
982 2764 1085 2801 aliud
1115 2776 1155 2800 se
1189 2764 1340 2800 ostendit

279 2817 435 2856 voluisse
453 2829 565 2867 quam
583 2818 705 2854 Pater.
732 2817 842 2859 Quod
859 2818 932 2853 nisi
948 2818 1112 2853 humano
1131 2816 1243 2853 corde
1263 2829 1338 2853 non

274 2876 416 2920 posset:
451 2882 536 2907 cum
563 2871 815 2917 infirmitatem
843 2875 1009 2906 nostram
1037 2871 1074 2905 in
1106 2881 1234 2915 suum,
1264 2881 1338 2906 non

280 2922 456 2968 divinum,
475 2922 541 2959 sed
565 2923 771 2959 humanum
796 2924 1082 2972 transfiguraret
1100 2921 1285 2970 affectum.

332 2975 557 3013 Rnspommo
585 2986 766 3012 mcssNDum
794 2974 913 3023 quod,
942 2973 1038 3010 sicut
1065 2973 1211 3010 dictum
1239 2981 1294 3010 est
1307 2973 1338 3019 ’¹‘,

276 3027 321 3075 ¹in
341 3027 492 3065 Christo
512 3027 728 3064 secundum
747 3027 961 3063 humanam
988 3033 1166 3063 naturam
1184 3026 1341 3075 ponitur

280 3080 479 3130 multiplex
498 3085 515 3102 ‘²
542 3081 736 3116 voluntas:
774 3078 912 3116 scilicet
946 3079 1125 3115 voluntas
1159 3078 1339 3115 sensuali-

275 3132 376 3179 tatis,
405 3144 505 3182 quae
532 3131 792 3181 participative
820 3132 998 3168 voluntas
1025 3130 1182 3177 dicitur3
1213 3138 1249 3167 et
1271 3142 1339 3167 vo-

279 3185 404 3223 luntas
432 3184 623 3222 rationalis
641 3183 672 3231 *,
702 3183 781 3220 sive
800 3183 1062 3220 consideretur
1085 3195 1156 3231 per
1173 3183 1337 3219 modum

281 3245 459 3284 naturae,
489 3237 568 3275 sive
596 3248 666 3286 per
693 3236 857 3273 modum
894 3235 1060 3272 rationis.
1099 3234 1254 3271 Dictum
1283 3242 1337 3271 est

282 3297 411 3328 autem
439 3302 556 3340 supra
573 3289 593 3311 ’¹‘
621 3289 740 3338 quod,
769 3300 815 3325 ex
846 3287 1015 3337 quadam
1042 3286 1336 3336 dispensatione,

279 3455 284 3459 ·
333 3447 363 3482 α)
381 3448 532 3480 multiplex.
548 3462 569 3467 —
589 3447 649 3473 AsC
673 3451 699 3472 et
721 3447 808 3476 tei-tin
835 3446 944 3478 duplex.
961 3459 982 3464 -
1001 3445 1100 3478 scilicet
1124 3445 1248 3469 voluntas
1270 3444 1290 3468 F
1313 3449 1339 3469 et

281 3487 368 3551 Μβιῗ
379 3490 468 3552 :gii-e.
484 3532 505 3538 -
521 3525 603 3552 agere
620 3521 647 3543 et
660 3517 722 3550 pati
740 3517 789 3546 PF,
807 3523 888 3550 agere
905 3519 932 3541 et
946 3515 1008 3550 pati
1024 3518 1051 3540 et
1068 3515 1087 3540 1.

282 3517 469 3615 Εάὶέγέῃὲειῖαηι.
485 3568 506 3574 ·-
522 3561 602 3586 quam
628 3557 716 3579 tamen
733 3552 754 3577 F
773 3557 799 3577 et
817 3551 898 3577 tertia.
915 3565 936 3570 -
954 3551 1004 3576 Pro
1027 3550 1115 3583 elegit,
1134 3549 1210 3583 eligit
1232 3549 1295 3575 FGa
1314 3555 1340 3575 et

1387 1239 1505 1276 Filius
1525 1240 1609 1285 Dei,
1630 1247 1716 1276 ante
1737 1253 1847 1277 suam
1866 1241 2096 1289 passionem,
2112 1244 2343 1291 permittebat
2362 1256 2442 1281 car-

1389 1294 1430 1328 ni
1455 1305 1571 1342 agere
1589 1298 1622 1329 et
1634 1294 1717 1341 pati
1738 1305 1832 1341 quae
1858 1299 1940 1329 sunt
1959 1297 1994 1330 ei
2004 1297 2173 1343 propria.
2204 1296 2251 1331 Et
2276 1295 2444 1333 similiter

1388 1345 1629 1394 permittebat
1648 1345 1828 1382 omnibus
1847 1345 1992 1382 viribus
2011 1346 2161 1384 animae
2181 1359 2289 1395 agere
2305 1346 2319 1377 β
2344 1361 2443 1397 quae

1389 1397 1554 1447 propria.
1592 1397 1839 1434 Manifestum
1876 1406 1931 1434 est
1967 1406 2095 1436 autem
2130 1400 2236 1448 quod
2269 1402 2444 1438 voluntas

1389 1450 1638 1487 sensualitatis
1666 1450 1799 1497 refugit
1826 1451 2043 1487 naturaliter
2070 1452 2222 1488 dolores
2251 1453 2444 1490 sensibiles

1390 1511 1426 1540 et
1452 1502 1623 1551 corporis
1655 1503 1875 1539 laesionem.
1913 1503 2092 1540 Similiter
2128 1504 2241 1541 etiam
2269 1507 2444 1543 voluntas

1389 1563 1432 1592 ut
1459 1563 1593 1592 natura
1630 1555 1803 1604 repudiat
1831 1567 1876 1592 ea
1910 1568 2009 1604 quae
2037 1564 2193 1593 naturae
2231 1565 2319 1594 sunt
2355 1571 2444 1596 con-

1389 1608 1522 1653 traria,
1551 1615 1587 1644 et
1623 1620 1721 1657 quae
1760 1616 1847 1644 sunt
1883 1609 2098 1645 secundum
2132 1622 2172 1646 se
2204 1612 2324 1656 mala,
2353 1619 2445 1660 puta

1390 1668 1555 1698 mortem
1575 1668 1611 1696 et
1630 1660 1701 1697 alia
1728 1660 1962 1698 huiusmodi.
1993 1662 2098 1698 Haec
2123 1669 2252 1699 tamen
2271 1664 2444 1711 quando-

1391 1726 1467 1762 que
1494 1714 1671 1749 voluntas
1698 1725 1768 1761 per
1795 1714 1958 1750 modum
1987 1714 2140 1750 rationis
2162 1715 2296 1762 eligere
2324 1723 2446 1764 potest

1391 1778 1438 1802 ex
1457 1765 1590 1802 ordine
1619 1765 1667 1801 ad
1694 1765 1834 1801 finem:
1865 1765 1960 1802 sicut
1987 1766 2101 1802 etiam
2129 1766 2167 1802 in
2196 1767 2324 1816 aliquo
2347 1781 2445 1817 puro

1391 1818 1550 1854 homine
1579 1817 1800 1854 sensualitas
1833 1817 1935 1862 eius,
1965 1826 2000 1854 et
2028 1818 2142 1855 etiam
2169 1821 2345 1856 voluntas
2383 1821 2446 1857 ab·

1392 1871 1514 1906 solute
1542 1869 1789 1916 considerata,
1817 1870 1950 1918 refugit
1976 1870 2179 1917 ustionem,
2200 1884 2319 1920 quam
2337 1878 2352 1901 7
2380 1885 2447 1910 vo-

1392 1924 1516 1959 luntas
1545 1922 1761 1958 secundum
1789 1922 1977 1959 rationem
2005 1923 2113 1971 elegit
2140 1931 2296 1972 propter
2328 1925 2448 1962 finem

1393 1975 1570 2012 sanitatis.
1609 1976 1794 2011 Voluntas
1823 1983 1952 2012 autem
1989 1975 2061 2012 Dei
2098 1984 2176 2012 erat
2207 1984 2250 2013 ut
2278 1977 2448 2014 Christus

1393 2028 1545 2064 dolores
1573 2035 1609 2064 et
1635 2027 1832 2076 passiones
1861 2035 1897 2063 et
1924 2035 2088 2064 mortem
2122 2037 2331 2077 pateretur:
2370 2043 2449 2067 non

1393 2081 1500 2129 quod
1528 2080 1597 2116 ista
1616 2087 1741 2116 essent
1768 2093 1790 2116 a
1818 2081 1902 2116 Deo
1929 2081 2046 2117 volita
2073 2082 2288 2118 secundum
2310 2094 2362 2128 se,
2383 2084 2450 2120 sed

1394 2144 1440 2170 ex
1468 2132 1602 2169 ordine
1622 2132 1671 2168 ad
1689 2132 1810 2169 finem
1829 2133 2023 2170 humanae
2043 2134 2181 2171 salutis.
2211 2135 2322 2172 Unde
2349 2143 2451 2184 patet

1394 2185 1500 2233 quod
1530 2184 1723 2229 Christus,
1753 2185 1968 2221 secundum
1995 2187 2232 2223 voluntatem
2270 2188 2449 2225 sensuali-

1393 2237 1489 2282 tatis,
1510 2244 1546 2273 et
1565 2237 1780 2273 secundum
1798 2238 2035 2274 voluntatem
2063 2238 2217 2275 rationis
2237 2251 2336 2288 quae
2359 2252 2449 2277 con-

1394 2290 1581 2326 sideratur
1598 2301 1668 2338 per
1685 2289 1850 2326 modum
1869 2297 2038 2335 naturae,
2059 2290 2163 2327 aliud
2187 2299 2335 2340 poterat
2352 2294 2449 2329 velle

1394 2354 1514 2391 quam
1532 2343 1650 2378 Deus.
1681 2341 1757 2378 Sed
1785 2342 2000 2378 secundum
2018 2343 2255 2380 voluntatem
2276 2357 2375 2393 quae
2395 2353 2450 2381 est

1393 2407 1464 2444 per
1490 2395 1654 2431 modurn
1682 2394 1849 2439 rationis,
1870 2406 2022 2443 semper
2039 2394 2144 2432 idem
2171 2395 2324 2433 volebat
2342 2398 2447 2445 quod

1394 2448 1512 2484 Deus.
1543 2447 1660 2494 Quod
1679 2454 1781 2496 patet
1800 2459 1846 2483 ex
1864 2447 1939 2483 hoc
1957 2446 2041 2495 ipso
2061 2448 2167 2496 quod
2186 2447 2274 2484 dicit
2291 2448 2327 2485 *ε
2357 2450 2446 2486 Νοη

1392 2502 1485 2537 sicut
1503 2511 1574 2549 ego
1602 2500 1697 2545 volo,
1717 2500 1782 2536 sed
1805 2501 1897 2536 sicut
1915 2505 1964 2536 tu.
1993 2500 2154 2536 Volebat
2178 2500 2292 2547 enim,
2313 2513 2447 2538 secun—

1393 2553 1490 2589 dum
1522 2552 1677 2589 rationis
1706 2553 1954 2598 voluntatem,
1976 2552 2146 2589 divinam
2179 2554 2415 2590 voluntatem
2433 2552 2447 2576 δ

1394 2605 1560 2654 impleri:
1597 2604 1775 2653 quamvis
1794 2604 1898 2641 aliud
1924 2604 2022 2641 dicat
2050 2617 2088 2641 se
2108 2606 2203 2642 velle
2232 2605 2446 2643 secundum

1393 2657 1507 2695 aliam
1526 2663 1537 2678 ²
1566 2658 1648 2694 eius
1675 2659 1922 2694 voluntatem.

1445 2711 1503 2747 AD
1532 2722 1666 2747 PR1MUM
1694 2722 1792 2747 ERGO
1819 2722 2000 2747 DICENDUM
2034 2709 2140 2758 quod
2179 2709 2350 2747 Christus
2377 2724 2445 2749 vo-

1393 2763 1493 2799 lebat
1518 2770 1560 2799 ut
1578 2764 1754 2799 voluntas
1776 2762 1894 2799 Patris
1914 2761 1925 2787 (
1953 2762 2188 2811 impleretur:
2218 2775 2297 2799 non
2316 2771 2445 2801 autem

1393 2815 1609 2852 secundum
1636 2816 1873 2851 voluntatem
1900 2815 2159 2860 sensualitatis,
2182 2815 2289 2851 cuius'
2317 2823 2446 2853 motus

1393 2880 1474 2904 non
1493 2880 1532 2904 se
1553 2867 1718 2904 extendit
1736 2879 1859 2915 usque
1879 2867 1927 2903 ad
1945 2868 2180 2903 voluntatem
2200 2867 2289 2913 Dei;
2319 2880 2445 2917 neque

1393 2932 1462 2969 per
1488 2921 1725 2957 voluntatem
1762 2931 1860 2968 quae
1888 2918 2147 2956 consideratur
2182 2931 2251 2968 per
2281 2921 2444 2957 modum

1393 2980 1562 3018 naturae,
1592 2984 1691 3020 quae
1724 2971 1841 3008 fertur
1867 2970 1906 3006 in
1934 2971 2060 3020 aliqua
2094 2971 2240 3008 obiecta
2274 2972 2444 3010 absolute

1393 3024 1649 3069 considerata,
1679 3031 1714 3059 et
1741 3035 1820 3060 non
1847 3023 1887 3059 in
1924 3023 2057 3060 ordine
2094 3024 2143 3060 ad
2179 3024 2350 3062 divinam
2377 3037 2445 3062 vo-

1392 3079 1588 3114 luntatem.

1446 3130 1503 3165 An
1531 3140 1718 3166 SECUNDUM
1746 3140 1925 3165 mCENDuM
1959 3129 2066 3178 quod
2102 3129 2345 3166 conformitas
2376 3142 2445 3167 vo-

1393 3180 1543 3218 luntatis
1571 3182 1764 3217 humanae
1792 3180 1841 3217 ad
1868 3182 2104 3218 voluntatem
2132 3181 2301 3219 divinam
2329 3189 2444 3219 atten—

1393 3233 1494 3271 ditur
1521 3233 1735 3270 secundum
1762 3234 1998 3270 voluntatem
2026 3234 2196 3271 rationis:
2230 3235 2444 3272 secundum

1392 3298 1511 3335 quam
1548 3285 1662 3322 etiam
1698 3287 1911 3322 voluntates
1947 3286 2161 3324 amicorum
2198 3287 2443 3336 concordant,

1445 3442 1470 3477 δ)
1489 3443 1603 3468 rationis
1627 3444 1803 3474 voluntatem,
1823 3443 1941 3469 divinam
1961 3444 2130 3469 voluntatem.
2154 3458 2174 3463 --
2197 3445 2327 3470 rationem
2352 3445 2445 3470 volun-

1392 3482 1474 3504 tatem
1493 3479 1612 3504 divinam
1630 3479 1712 3504 tertia.

1445 3522 1455 3538 ε
1485 3514 1575 3540 aliam.
1592 3528 1612 3533 —-
1628 3514 1763 3547 quandam
1782 3514 1862 3539 aliam
1881 3514 1901 3538 F
1921 3519 1947 3538 et
1964 3515 2045 3540 tertia.

1443 3549 1458 3578 ζ
1487 3549 1592 3574 volebat
1609 3553 1638 3574 ut
1656 3550 1779 3575 voluntas
1798 3549 1896 3575 Patris.
1907 3563 1927 3568 —
1941 3557 1991 3581 per
2005 3549 2165 3574 voluntatem
2185 3550 2343 3575 rationalem
2362 3550 2445 3576 voluit

1392 3587 1421 3610 ut
1440 3585 1531 3610 divina
1549 3585 1672 3610 voluntas
1690 3585 1775 3616 tertia;
1790 3592 1842 3617 per
1860 3585 2022 3610 voluntatem
2041 3585 2197 3610 rationalem
2217 3585 2294 3610 etiam
2311 3586 2341 3611 E.

2476 2455 2486 2465 ·
2508 2454 2587 2476 Manli.
2609 2461 2660 2483 cap.

2476 2486 2539 2508 xxvi,
2555 2487 2614 2503 vers.
2624 2487 2659 2510 39.

2571 2561 2585 2586 δ

2570 2668 2581 2684 Ε

2568 2771 2584 2801 ζ
