2872 3970
930 283 1192 330 QUAESTJO
1220 284 1287 331 LI,
1317 283 1608 322 ARTICULUS
1636 285 1686 321 IV

2308 297 2380 334 491

214 363 400 416 gracum
414 362 545 410 viginti
572 370 738 412 quatuor
758 362 862 399 horis
884 363 1081 399 nocturnis
1113 371 1149 399 et
1177 363 1278 400 diur-
1334 365 1425 400 brae
1443 364 1563 400 adhuc
1588 369 1713 410 essent,
1733 371 1911 402 venerunt
1929 365 1979 402 ad
1996 371 2284 402 monumentum.
2314 367 2388 403 Ra-

223 417 299 462 nis3
341 428 420 454 nox
461 423 591 453 autem
634 426 799 464 sequens
835 414 996 463 pertinet
1040 415 1089 452 ad
1124 415 1279 452 tertium

119 462 124 465 ’
152 475 198 499 Μ
224 470 340 508 diem.
378 470 478 506 Sicut
511 469 610 505 enim
627 467 648 490 ²⁰
673 469 788 516 prtmi
813 467 908 513 dies,
931 473 1087 517 propter
1109 469 1279 515 futurum

224 523 383 563 hominis
409 520 734 569 lapsum‚,2awluce
760 521 798 557 in
831 525 995 571 προφω·
1018 522 1072 558 ,ι’ία
1099 522 1166 567 isti,
1192 532 1280 569 pro-

220 580 307 626 pter
330 574 491 611 hominis
524 568 809 622 rff'a‘mtionem,
834 584 862 609 a
877 571 1043 609 tenebris
1069 571 1280 623 computan-

225 633 287 665 ων
312 629 350 664 in
378 628 509 664 lucem.
1049 655 1051 658 ,

231 687 235 689 “
279 681 337 716 An
356 689 545 716 SECUNDUM
558 682 571 699 ⁸
593 688 775 715 memnon
794 677 913 726 quod,
933 677 1030 714 sicut
1048 677 1283 726 Augustinus

211 731 327 778 dicit,
346 732 387 769 in
405 731 455 768 IV
473 731 520 767 de
540 732 576 767 T
573 731 642 767 rin.
661 729 693 776 ²¹⁸,
714 729 887 767 Christus
905 730 945 767 in
964 729 1132 767 diluculo
1160 742 1283 767 resur-

117 790 121 797 ”
136 790 146 794 ”
227 784 332 832 rexit,
352 783 392 821 in
418 794 499 833 quo
527 781 671 831 aliquid
698 782 792 819 lucis
820 790 987 831 apparet,
1014 790 1051 819 et
1077 783 1206 820 adhuc
1232 790 1283 820 ta-

227 849 319 888 men
342 835 485 891 aliquid
508 842 680 891 remanet
707 835 952 872 tenebrarum
980 835 1101 872 noctis
1120 835 1149 872 ‘z
1179 836 1283 872 unde

227 888 282 927 de
301 888 526 927 mulieribus
545 887 810 934 dicimr‚10an.
829 899 877 924 xx
890 887 921 935 ²¹⁸,
942 888 1060 936 quod,
1084 900 1168 925 cum
1191 894 1284 925 tene-

229 1004 236 1007 -
248 1007 262 1016 ,‚
280 1019 303 1053 ι)
321 1010 366 1044 Ad
377 1005 558 1044 secun³aium.-
570 1018 696 1043 Ordinem
709 1011 868 1042 solutionum
885 1018 916 1042 ad
935 1018 1079 1043 secundum
1093 1023 1118 1043 et
1138 1019 1170 1043 ad
1183 1018 1285 1042 tertium

226 1056 356 1082 invertunt
373 1061 466 1079 omnes
485 1058 586 1087 praeter
598 1054 631 1084 1³5
651 1054 671 1078 C
684 1053 760 1078 habet
773 1052 817 1077 Ad
835 1053 944 1078 tertium
964 1058 989 1078 et
1001 1058 1061 1078 tunc
1073 1054 1117 1078 Ad
1135 1053 1286 1082 secundum,

213 1087 443 1124 ’Μςοσιτίρωπῐ

228 1207 304 1229 -εὶ“’
328 1210 342 1225 ;·

291 1311 398 1334 nunus
414 1301 525 1332 clarus.
540 1319 564 1323 -
585 1301 622 1331 In
642 1310 777 1341 corpore
796 1310 861 1331 una
881 1301 1067 1331 conclusio:
1087 1300 1289 1331 Conveniens

233 1313 356 1389 Tfuit
380 1345 467 1386 quod
488 1345 638 1384 (Christus
660 1345 784 1375 duabus
814 1344 958 1375 noctibus
981 1349 1012 1374 et
1034 1353 1100 1375 una
1122 1344 1174 1375 die
1201 1348 1292 1374 esset

231 1390 266 1422 in
287 1390 445 1431 sepulcro.
468 1389 634 1419 Probatur.
664 1389 809 1429 Tempus
840 1398 906 1429 quo
931 1388 1074 1419 Christus
1100 1387 1160 1418 fuit
1185 1388 1219 1418 in
1242 1397 1290 1417 se-

231 1434 356 1476 pulcro,
380 1433 529 1464 effectum
550 1433 662 1464 mortis
684 1433 753 1464 eius
774 1438 995 1473 repraesentat.
1018 1431 1083 1464 Sed
1098 1431 1228 1462 effectus
1244 1437 1291 1462 est

233 1477 351 1519 duplex
380 1483 488 1508 nostra
511 1486 598 1507 mors
628 1477 796 1507 tenebrosa
818 1475 993 1507 destructa:
1027 1481 1059 1506 et
1080 1476 1148 1516 ipsa
1169 1475 1291 1506 'mortis
1342 1485 1417 1506 nox.
1442 1475 1484 1506 Et
1498 1476 1561 1506 hoe
1577 1481 1705 1506 notatur
1721 1485 1795 1506 cum
1812 1475 1925 1506 dicitur
1940 1477 1970 1506 ἐ
1997 1476 2131 1506 Factum
2151 1481 2197 1506 est
2219 1486 2346 1516 vespere
2368 1482 2399 1507 et

233 1523 301 1554 eius
315 1521 371 1552 lux
393 1527 440 1552 est
463 1530 566 1552 causa.
591 1521 680 1562 Ergo
702 1521 928 1552 convenienter
951 1529 1016 1551 una
1038 1519 1089 1550 die
1113 1525 1144 1550 et
1167 1519 1290 1550 duabus

232 1566 382 1601 noctibus
403 1566 519 1596 mansit
541 1565 575 1596 in
598 1565 757 1605 sepulcro.
782 1564 900 1595 Omnia
922 1564 1004 1594 clara
1022 1569 1105 1594 sunt.

222 1646 225 1649 K
287 1609 327 1641 11.
349 1609 387 1641 In
408 1609 618 1651 responsione
638 1608 678 1639 ad
692 1609 844 1650 primum,
860 1607 986 1639 adverte
1009 1607 1099 1648 quod
1122 1607 1291 1638 auctoritas

216 1645 394 1686 -sstel'e‘siae
409 1652 539 1684 indubie
556 1651 710 1683 credenn's
729 1651 892 1683 Christum
911 1651 1079 1682 surrexisse
1098 1652 1200 1691 prima
1223 1651 1291 1694 sab-

231 1696 299 1729 bati
319 1698 354 1728 in
376 1707 470 1728 mane
485 1696 536 1727 vel
552 1697 634 1727 circa
658 1695 703 1736 (et
717 1695 792 1726 inde
813 1695 897 1726 diem
920 1694 1157 1726 resurrectionis
1179 1695 1291 1725 Domi-

120 1739 141 1756 ’·
174 1762 176 1765 -
229 1739 343 1773 ntum
363 1740 569 1780 nominavit),
594 1739 682 1771 elidit
705 1748 819 1771 omnes
839 1740 996 1770 novitates
1018 1739 1292 1779 praesumentium

232 1786 299 1816 hoe
327 1785 362 1816 in
391 1784 525 1816 dubium
555 1793 706 1816 revocare
738 1789 770 1814 et
798 1792 958 1824 exponere
986 1783 1203 1823 Evangelistas
1231 1791 1292 1813 suo

233 1837 339 1866 sensu,
370 1828 414 1862 Et
433 1834 603 1869 propterea
624 1828 701 1859 tales
728 1837 796 1859 non
818 1826 979 1863 audiendi,
1000 1825 1057 1858 sed
1078 1825 1198 1858 vitandi
1220 1831 1293 1857 sunt

131 1871 153 1888 ³
192 1899 194 1901 .
235 1882 257 1913 a-
274 1873 335 1914 piis
357 1872 519 1904 Ecclesiae
542 1872 680 1909 auribus.

289 1915 341 1947 111.
358 1915 395 1947 In
418 1915 529 1946 eadem
544 1915 763 1956 responsione,
787 1914 924 1950 adverte;
939 1914 1077 1951 Novffie,
1094 1913 1184 1954 quod
1199 1913 1293 1954 quili-

230 1961 292 1992 bet
309 1959 407 1991 trium
420 1959 612 1990 naturalium
628 1958 753 1990 dierum
774 1957 885 1988 mortis
903 1957 1020 1989 Christi
1042 1962 1227 1988 numeratur
1242 1966 1293 1987 ac-

229 2003 387 2045 cipiendo
399 2008 531 2034 noctem
545 2012 606 2043 pro
621 2003 724 2043 prima
738 2007 827 2043 parte
843 2002 930 2032 eius:
946 2007 1034 2032 sexta
1048 2001 1126 2032 feria
1144 2002 1230 2032 enim
1245 2002 1293 2031 in-

130 2055 159 2102 »ἐ
210 2069 211 2073 ,
232 2048 321 2089 cipi&
334 2056 354 2079 a
374 2053 472 2079 nocte
486 2047 676 2078 terminante
698 2046 784 2077 diem
807 2046 905 2082 Iovis,
918 2051 949 2076 et
971 2046 1113 2076 similiter
1127 2046 1294 2076 sabbatum

231 2091 389 2133 incipite
409 2097 506 2123 nocte
528 2091 717 2135 terminante
735 2090 848 2121 feriam
869 2095 1000 2126 sextam,
1016 2095 1048 2120 et
1062 2089 1204 2120 similiter
1227 2089 1293 2120 Do-

1334 416 1437 453 tione
1474 428 1563 464 ergo
1598 417 1737 453 harum
1769 417 2034 464 tenebrarum,
2065 418 2270 465 Gregorius
2302 417 2390 455 dicit

1337 469 1532 506 Christum
1563 469 1692 506 media
1723 477 1834 506 nocte
1863 470 2084 507 surrexisse:
2123 482 2203 507 non
2231 470 2390 519 quidem

1337 520 1458 558 divisa
1484 529 1595 558 nocte
1623 521 1662 559 in
1689 522 1786 559 duas
1821 530 1946 572 partes
1973 524 2169 572 aequales,
2198 523 2264 559 sed
2297 522 2391 559 infra

1337 573 1439 610 illam
1466 581 1630 612 noctem.
1660 574 1755 611 Illud
1783 574 1887 611 enim
1911 574 2122 612 diluculum
2150 583 2186 611 et
2213 587 2300 624 pars
2323 587 2391 611 no—

1322 626 1404 675 'ctis
1432 634 1468 662 et
1494 638 1582 676 pars
1609 626 1684 663 diei
1711 626 1784 664 dici
1811 635 1954 677 potest,
1989 635 2144 677 propter
2177 627 2391 664 communi-

1335 678 1502 722 cantiam
1521 684 1539 706 η
1568 691 1687 728 quarn
1714 679 1829 716 habet
1855 691 1946 717 cum
1974 687 2149 729 utroque.
2516 693 2532 716 η

1391 731 1447 767 An
1474 743 1633 768 TERTIUM
1665 744 1845 769 D1CENDUM
1878 733 1984 781 quod
2012 732 2051 769 in
2078 740 2226 769 tantum
2254 733 2319 769 lux
2354 732 2393 769 in

1338 791 1461 820 morte
1491 783 1629 820 Christi
1656 784 1876 833 praevaluit,
1906 785 2013 833 quod
2031 783 2044 806 ⁰
2073 784 2302 833 significatur
2327 797 2395 834 per
2518 787 2530 813 θ

1339 848 1460 872 unam
1474 835 1589 882 diem,
1605 837 1713 885 quod
1726 837 1901 874 tenebras
1916 838 2082 874 duarum
2101 837 2284 884 noctium,
2300 837 2395 874 idest

1339 888 1500 938 duplicis
1524 889 1658 926 mortis
1681 897 1842 936 nostrae,
1863 889 2037 936 removit,
2057 897 2099 927 ut
2126 889 2271 926 dictum
2290 897 2345 927 est
2361 889 2392 926 ²⁸.

2424 893 2433 904 ⁴
2447 893 2471 914 ln
2487 897 2592 919 corpore.

1392 1017 1418 1052 ζ)
1437 1018 1605 1043 tenebrarum
1631 1019 1723 1044 noctis.
1741 1033 1760 1038 —
1782 1019 1867 1044 Tertia
1874 1027 1882 1051 ς
1908 1020 1992 1045 noctis
2014 1023 2040 1045 et
2063 1020 2230 1045 tenebrarum
2250 1020 2292 1050 sB,
2313 1020 2396 1045 noctis

1340 1054 1509 1078 tenebrarum
1529 1055 1614 1079 ceteri.

1392 1089 1419 1120 η)
1438 1089 1696 1114 communicantium.
1714 1104 1734 1108 —
1751 1090 1960 1115 convenientiam
1978 1090 2000 1115 E
2019 1096 2044 1114 et
2061 1090 2134 1115 tertia
2151 1095 2251 1122 praeter
2269 1090 2286 1115 1.

1394 1121 1418 1158 Θ)
1438 1124 1517 1156 quod.
1535 1138 1555 1142 —
1571 1125 1617 1157 qux·
1635 1125 1665 1156 E,
1683 1132 1750 1156 quae
1767 1125 1848 1150 tertia.

898 1212 1234 1244 Commentario,
1254 1211 1507 1244 Gar-dinalis
1528 1212 1729 1244 Caietani

1342 1301 1460 1330 minica
1493 1301 1605 1340 incipit
1636 1311 1654 1330 a
1686 1307 1781 1331 nocte
1812 1302 1846 1331 in
1879 1311 1943 1341 qua
1971 1301 2114 1332 Christus
2148 1302 2288 1331 surrexit.
2323 1302 2397 1332 Dies

1342 1353 1418 1374 vero
1439 1345 1606 1374 creationis
1628 1344 1741 1374 mundi
1764 1351 1971 1375 numerantur
2002 1345 2185 1384 incipiendo
2209 1355 2226 1375 a
2249 1345 2299 1376 die
2322 1351 2357 1375 ut
2380 1355 2398 1375 a

1342 1388 1445 1428 prima
1467 1393 1565 1428 parte,
1585 1389 1629 1418 ita
1652 1388 1741 1428 quod
1768 1398 1862 1419 mane
1884 1390 1995 1429 incipit
2018 1389 2102 1424 dies,
2127 1395 2157 1419 et
2180 1389 2270 1419 durat
2296 1398 2397 1429 usque

1343 1431 1384 1462 ad
1406 1431 1492 1462 aliud
1514 1441 1608 1462 mane
1623 1432 1803 1463 exclusive:
1827 1432 1967 1463 secunda
1989 1433 2145 1473 siquidem
2164 1442 2235 1472 pars
2262 1434 2328 1463 eius
2352 1438 2398 1462 est

2425 1489 2435 1498 ⁴
2459 1487 2513 1509 Gen.
2538 1493 2563 1508 ca
2583 1503 2588 1509 .
2613 1493 2620 1508 ι

1344 1529 1438 1550 mane
1460 1519 1527 1550 dies
1551 1527 1653 1550 unus:
1684 1530 1702 1550 a
1723 1521 1859 1550 termino
1884 1521 1968 1550 enim
1991 1521 2070 1550 lucis
2094 1520 2224 1550 diurnae
2247 1520 2332 1556 dixit,
2355 1521 2399 1550 Et
2424 1520 2482 1535 vers.
2498 1519 2517 1541 5·
2566 1493 2580 1514 p
2628 1503 2634 1514 ’

1335 1564 1466 1605 factum
1482 1567 1529 1594 est
1551 1573 1688 1604 vespere,
1705 1569 1736 1594 et
1755 1574 1772 1594 a
1794 1564 1930 1594 termino
1953 1569 2180 1594 nocturnarum
2198 1565 2398 1594 tenebrarum

1344 1607 1515 1644 subiunxit,
1527 1612 1558 1638 et
1571 1617 1665 1638 mane
1671 1615 1684 1644 ;
1698 1608 1741 1637 ita
1753 1607 1842 1648 quod
1852 1608 1920 1648 ipse
1932 1607 2011 1638 ordo
2023 1607 2210 1638 numerandi
2220 1607 2398 1638 manifestat

1343 1651 1450 1682 lucem
1465 1651 1605 1691 priorem
1629 1651 1765 1682 tenebris
1789 1656 2015 1691 computatam.
2039 1651 2131 1682 Ratio
2153 1657 2259 1683 autem
2281 1651 2398 1683 horum

1345 1695 1576 1725 contrariorum
1593 1694 1742 1725 ordinum
1757 1696 1790 1725 in
1806 1695 1907 1725 littera
1925 1695 1983 1725 hac
1998 1693 2138 1725 redditur
2153 1695 2225 1726 satis
2241 1694 2332 1726 clara.

1399 1738 1452 1769 IV.
1470 1738 1506 1768 In
1529 1739 1737 1779 responsione
1760 1738 1800 1769 ad
1814 1738 1974 1774 ultimum,
1990 1739 2128 1779 percipe,
2144 1738 2282 1775 Novitie,
2299 1738 2397 1779 quod,

1345 1783 1427 1813 sicut
1446 1781 1590 1819 dicimus,
1607 1782 1717 1813 Media
1740 1783 1806 1813 vita
1828 1783 1861 1813 in
1885 1787 1988 1813 morte
2009 1792 2118 1813 sumus
2134 1783 2160 1819 *,
2179 1788 2211 1812 et
2232 1792 2299 1813 non
2324 1792 2399 1823 pro-
2426 1792 2491 1823 ‘4⁰3³
2510 1791 2635 1823 mamam:

1345 1831 1454 1866 pterea
1475 1826 1647 1857 limitamus
1670 1835 1740 1862 nos,
1757 1827 1848 1867 quasi
1870 1825 2046 1856 dividamus
2065 1827 2163 1857 vitam
2181 1826 2214 1856 in
2237 1825 2314 1856 duas
2329 1836 2398 1866 par-
2426 1820 2482 1867 άῖξζ
2497 1817 2635 1866 5,,ξξξᾞᾎᾘ

1346 1875 1393 1900 tes
1416 1869 1578 1909 aequales;
1609 1875 1640 1899 et
1664 1869 1805 1900 similiter
1826 1874 1914 1910 gesta
1932 1870 1966 1900 in
1985 1870 2069 1900 claro
2093 1869 2143 1900 die
2164 1869 2297 1900 dicimus
2320 1869 2400 1900 facta
2427 1851 2495 1924 {3¹2¹-
2515 1870 2547 1892 111
2570 1870 2635 1897 Qua-

1347 1912 1452 1944 media
1468 1912 1538 1950 die,·
1565 1918 1596 1943 et
1618 1913 1798 1943 submersos
1820 1914 1854 1943 in
1877 1913 1955 1943 mari
1978 1913 2111 1943 dicimus
2135 1913 2167 1943 in
2191 1913 2294 1944 medio
2317 1914 2400 1944 mari

1347 1957 1543 1993 submerSOS‚
1566 1966 1634 1987 non
1657 1956 1828 1987 dividendo
1851 1957 1930 1987 mari
1952 1957 1985 1987 in
2008 1956 2085 1987 duas
2108 1962 2211 1997 partes
2234 1957 2398 1997 aequales:

1346 2001 1394 2031 ita
1411 2001 1686 2037 resurrectionem,
1709 2001 1743 2031 in
1759 2009 1964 2040 quacumque
1985 2006 2073 2040 parte
2088 2001 2191 2031 noctis
2212 2000 2338 2036 factam,
2354 2000 2400 2031 di—

1347 2045 1450 2075 cimus
1472 2044 1577 2074 media
1589 2049 1681 2075 nocte
1704 2044 1829 2080 factam,
1846 2045 1965 2084 absque
1988 2044 2143 2075 divisione
2157 2045 2260 2075 noctis
2275 2045 2311 2075 in
2323 2044 2400 2075 duas

1347 2093 1450 2128 partes
1474 2088 1631 2128 aequales.
