2872 3970
170 453 180 463 ⁸
193 452 229 473 Cf.
250 451 305 472 Luc.
328 457 378 479 cap.

168 484 225 504 xxti,
241 483 300 499 vers.
315 483 348 505 27.

169 539 179 549 ⁸
193 538 245 560 Art.
262 545 280 559 ι.

172 1920 181 1930 ·
192 1919 257 1940 Vers.
274 1925 304 1946 ¹5-

170 2707 179 2717 *
187 2706 232 2733 Qu.
243 2706 377 2732 vn‚1mrod.

172 2971 181 2979 ·
196 2969 262 2990 Vers.
279 2977 285 2991 ι
291 2970 311 2991 6.

173 3281 183 3290 ¹¹
199 3280 245 3307 Qu.
257 3286 296 3307 vn,
308 3284 348 3301 art.
360 3287 381 3308 9.

415 284 484 321 132

462 363 585 395 Deinde
615 362 767 403 probatur
790 362 955 392 conclusio
979 362 1159 402 principalis
1191 371 1228 392 ex
1252 363 1359 402 signo:
1393 363 1468 402 quia

407 409 525 439 scilicet
548 407 655 447 angeli>
674 407 892 436 ministrabant
916 406 1054 441 Christo,
1080 406 1248 436 Matth.1v.
1283 406 1357 436 Hoc
1381 406 1468 436 enim

407 453 533 492 signum
561 456 607 482 est
636 450 858 480 subiectionis:
883 459 958 479 cum
988 450 1094 479 minor
1117 450 1155 479 sit
1184 450 1239 489 qui
1263 449 1418 479 ministrat
1439 450 1465 478 ⁹.

461 496 497 526 lI.
523 496 558 526 In
581 494 789 534 responsione
805 493 845 523 ad
859 494 999 533 primum
1016 492 1158 523 eiusdem
1174 493 1306 528 articuli,
1330 492 1466 528 adverte,

406 540 544 575 Novifie,
569 538 658 579 quod
681 547 748 568 non
764 538 936 577 apponitur
959 537 1011 567 hic
1027 546 1122 576 supra
1137 537 1153 553 ’
1169 536 1259 566 dictis
1275 536 1374 566 tribus
1389 545 1466 566 con-

407 583 579 614 ditionibus
595 582 705 622 capitis
721 586 831 620 quarta
847 580 1000 616 conditio,
1015 585 1093 620 puta
1108 579 1314 610 conformitas
1325 585 1465 610 naturae.

406 627 469 658 Sed
491 628 578 667 prius
600 626 659 656 fuit
675 634 779 655 sermo
796 624 835 655 de
851 623 1090 654 conditionibus
1105 624 1241 663 propriis
1258 623 1378 663 capitis,
1396 624 1466 663 qui-

406 673 465 702 bus
489 670 591 701 differt
620 675 650 700 et
674 674 810 709 praestat
833 669 943 699 ceteris
966 668 1127 698 membris.
1164 667 1263 697 Modo
1288 672 1395 697 autem
1419 667 1466 697 lo-

406 716 535 755 quimur
553 714 593 745 de
609 712 794 744 conditione
810 712 976 742 communi
992 711 1087 751 capiti
1107 716 1138 741 et
1153 711 1282 750 reliquis
1298 711 1465 741 membris:

406 764 534 799 oportet
556 757 715 798 siquidem
738 756 848 786 omnia
869 756 1013 786 membra
1037 755 1179 794 corporis
1202 755 1298 784 unius
1321 764 1389 784 esse
1411 763 1467 784 na-

405 809 503 838 turae,
523 808 601 842 puta
618 802 778 831 humanae
801 799 851 830 vel
874 799 1022 829 leoninae
1045 798 1095 828 vel
1119 799 1271 834 taurinae,
1289 803 1348 828 etc.
1373 797 1467 828 Unde

406 846 549 877 conditio
572 846 630 876 ista
654 843 885 874 conformitatis
909 843 942 872 in
965 847 1077 872 natura
1101 842 1234 882 exigitur
1250 841 1289 872 ad
1313 847 1409 881 caput
1431 847 1467 872 ut

405 889 656 930 praesupposita‚
679 888 761 918 sicut
785 895 958 917 commune
977 886 1246 926 praesupponitur
1261 886 1402 935 proprio.
1426 885 1468 915 Et

404 940 573 974 propterea
602 932 635 962 in
665 931 766 961 littera
789 930 904 960 dicitur
927 929 1026 969 quod,
1044 934 1181 970 propter
1207 929 1466 970 consormztatem

408 977 527 1008 Christi
542 985 614 1007 cum
629 975 756 1016 angelis
772 974 803 1004 in
821 979 940 1004 natura
962 973 1101 1014 generis,
1113 977 1220 1013 potest
1239 973 1386 1004 Christus
1404 972 1468 1003 dici

405 1026 501 1061 caput
523 1020 738 1061 angelorum:
760 1027 828 1048 non
852 1017 942 1057 quod
965 1016 1172 1047 conformitas
1187 1017 1227 1047 sit
1241 1017 1321 1047 ratio
1338 1016 1467 1047 Christo

405 1064 494 1105 quod
517 1065 557 1094 sit
579 1068 685 1103 caput,
710 1071 785 1093 cum
809 1061 1016 1092 conformitas
1039 1061 1222 1091 communis
1237 1061 1277 1091 sit
1292 1061 1420 1091 Christo
1436 1066 1468 1091 et

405 1108 540 1149 angelis;
572 1107 627 1138 sed
651 1107 726 1146 quia
750 1105 955 1136 conformitas
985 1105 1065 1135 ratio
1093 1110 1140 1135 est
1170 1104 1260 1144 quod
1282 1105 1315 1135 in
1339 1104 1466 1135 Christo

404 1153 582 1182 inveniatur
606 1149 787 1181 communis
811 1148 954 1180 conditio
971 1149 1065 1188 capiti
1085 1153 1115 1178 et
1131 1148 1290 1179 membris.
1319 1148 1359 1179 Et
1381 1147 1466 1184 ideo,

404 1202 534 1236 propter
557 1193 815 1226 conformitatem
838 1199 874 1223 ut
897 1192 1116 1223 conditionem
1133 1201 1350 1229 communem,
1375 1191 1467 1222 Chri-

404 1245 480 1276 stus,
504 1239 624 1270 habens
646 1238 790 1278 proprias
806 1237 917 1277 capitis
933 1236 1145 1272 conditiones,
1169 1241 1275 1276 potest
1290 1235 1353 1267 dici
1372 1240 1468 1276 caput

405 1284 604 1324 angelorum.

1108 285 1371 331 QUAESTIO
1400 285 1499 332 vm,
1529 285 1821 324 ARTICULUS
1848 287 1884 324 v

1576 363 1626 393 III.
1652 363 1687 394 In
1710 365 1918 404 responsione
1934 365 1974 396 ad
1988 367 2116 397 tertium
2133 367 2275 398 eiusdem
2291 369 2422 406 articuli,
2447 369 2580 402 dubium

1521 407 1659 437 occurrit
1681 407 1765 438 circa
1788 408 2002 439 causalitatem
2019 411 2192 450 corporalis
2207 417 2338 442 naturae
2354 413 2471 444 Christi
2485 423 2581 455 super

1521 449 1660 489 angelos,
1685 451 1741 491 qui
1764 457 1838 482 sunt
1859 453 1932 492 puri
1955 454 2099 493 spiritus,
2124 456 2311 494 corporibus
2334 466 2394 487 nec
2416 458 2497 488 uniti
2519 467 2580 488 nec

1520 494 1656 524 unibiles
1672 500 1707 524 ut
1722 493 1853 526 formae.
1877 495 1952 526 Non
1967 496 2091 528 videtur
2107 498 2265 538 siquidem
2281 499 2475 540 intelligibile
2491 500 2580 541 quod

1520 546 1637 577 corpus
1660 539 1761 577 possit
1775 548 1867 578 agere
1882 539 1916 569 in
1931 540 2077 580 spiritum
2092 547 2271 581 separatum
2288 543 2432 580 omnino,
2455 545 2580 585 peripa-

1519 581 1614 611 tetice
1637 581 1820 622 loquendo:
1846 592 1920 613 cum
1944 593 2011 614 non
2035 586 2277 616 communicent
2295 587 2328 623 *3
2360 592 2391 617 et
2412 586 2509 628 longe
2531 589 2580 619 in-

1519 623 1659 661 ferioris,
1690 625 1792 656 immo
1815 625 1945 657 infimae
1968 633 2098 658 naturae
2128 629 2167 659 sit
2191 639 2308 670 corpus
2331 630 2579 672 quodcumque,

1521 677 1595 698 cum
1619 669 1848 708 corporalibus
1871 677 2019 711 respectu
2037 672 2282 704 substantiarum
2305 675 2439 705 omnino
2456 684 2579 715 separa-

1519 716 1623 742 tarum
1647 722 1665 742 a
1687 713 1828 749 materia,
1853 713 1963 753 quales
1986 716 2199 756 supponimus
2222 717 2352 757 angelos
2375 726 2452 748 esse.

1574 755 1625 785 Ad
1648 755 1712 786 hoc
1735 756 1850 788 dicitur
1872 757 1972 798 quod,
1995 759 2070 789 licet
2091 759 2155 790 hoc
2170 760 2289 791 mirum
2304 766 2461 801 appareat,
2485 762 2514 792 si.
2533 767 2579 793 ta-

1518 807 1594 829 men
1606 799 1844 831 consideremus
1859 801 2046 840 phantasma
2060 803 2119 833 sub
2134 803 2256 834 lumine
2270 805 2449 836 intellectus
2459 806 2580 846 agentis

1518 851 1614 882 posse
1637 843 1670 873 in
1693 844 1833 874 animam
1854 844 2080 876 intellectivam
2104 856 2206 887 agere,
2228 857 2297 878 non
2316 849 2374 879 erit
2395 847 2580 880 incredibile

1519 886 1608 926 quod
1632 887 1738 926 aliqua
1761 897 1809 918 res
1833 897 1996 928 corporea,
2020 889 2134 920 virtute
2151 889 2319 922 divinitatis
2343 892 2395 923 cui
2409 892 2517 923 iuncta
2533 897 2580 924 est

1518 930 1734 970 personaliter,
1758 931 1859 970 possit
1880 931 1914 962 in
1937 933 2143 964 substantiam
2158 940 2333 974 separatam
2348 945 2455 975 agere:
2480 941 2517 966 ut
2534 936 2580 967 sic

1520 973 1609 1013 quod
1627 974 1814 1014 phantasma
1830 984 1867 1005 ex
1882 975 2016 1006 naturali
2031 977 2160 1007 vinculo
2180 987 2255 1018 cum
2270 979 2375 1009 anima
2389 979 2580 1010 intellectiva

1519 1018 1667 1048 sortitum
1690 1023 1753 1053 est,
1783 1018 1963 1049 humanitas
1987 1019 2105 1051 Christi
2134 1030 2172 1051 ex
2198 1023 2524 1062 supernaturalissima
2548 1028 2581 1054 et

1519 1062 1656 1092 maxima
1669 1062 1908 1093 coniunctione
1935 1062 1974 1093 ad
1997 1062 2193 1096 divinitatem
2223 1064 2337 1106 adepta
2359 1066 2399 1096 sit
2424 1066 2580 1098 excellen-

1519 1105 1592 1135 tiori
1607 1104 1724 1141 m0d0;
1745 1106 1820 1145 quia
1834 1111 1940 1146 potest
1955 1106 2063 1144 libere,
2078 1108 2357 1140 instrumentaliter
2371 1115 2489 1146 tamen,
2506 1119 2580 1142 cau-

1519 1158 1587 1179 sare
1610 1149 1643 1179 in
1667 1149 1786 1188 angelis
1810 1155 1841 1180 et
1864 1150 2030 1181 animabus
2045 1152 2160 1182 nostris
2175 1152 2295 1193 aliquid
2310 1153 2481 1193 spirituale.
2504 1152 2581 1185 Non

1520 1192 1663 1232 intelligo
1687 1198 1794 1223 tamen
1820 1193 1906 1224 hunc
1933 1194 2083 1225 causandi
2105 1195 2242 1226 modum
2271 1196 2422 1228 excedere
2444 1196 2580 1229 modum

1521 1245 1588 1276 quo
1611 1237 1764 1276 ponimus
1787 1242 1981 1268 sacramenta
2004 1247 2133 1270 causare
2151 1240 2184 1270 in
2200 1240 2365 1272 animabus
2380 1241 2495 1272 nostris
2517 1241 2581 1282 spi-

1520 1280 1648 1310 rituales
1671 1281 1794 1320 gratias.
2392 1295 2397 1299 ·

1189 1414 1401 1457 ARTICU
1408 1414 1506 1457 LUS
1536 1414 1792 1466 QUINTUS

738 1501 893 1531 UTRUM
917 1500 983 1531 SIT
1008 1500 1159 1530 EADEM
1185 1499 1349 1530 GRATIA
1372 1499 1464 1537 QUA
1488 1499 1700 1531 CHRISTUS
1723 1499 1804 1530 EST
1827 1500 1973 1532 CAPUT
1996 1500 2245 1539 ECCLESIAE,

1043 1543 1138 1574 CUM
1163 1543 1329 1574 GRATIA
1352 1542 1582 1574 SINGULARI
1605 1543 1743 1574 ILLIUS
1765 1543 1948 1575 HOMINIS

938 1621 969 1646 111
988 1621 1070 1650 Sent„
1091 1621 1148 1647 dist.
1167 1629 1221 1651 xm,
1240 1629 1283 1654 qu.
1302 1628 1338 1651 ιιι,
1359 1625 1404 1646 art.
1426 1627 1449 1651 2,
1469 1620 1519 1653 qu*
1540 1627 1562 1651 1,
1584 1627 1613 1652 23
1634 1620 1675 1645 De
1698 1620 1786 1650 Verit„
1806 1629 1850 1654 qu.
1869 1629 1933 1651 xxix.
1952 1627 1998 1648 art.
2019 1621 2042 1648 5.

461 1724 498 1739 -ω
519 1723 575 1747 „f-
614 1716 636 1740 n
659 1714 819 1745 QUINTUM
841 1713 893 1738 sic
915 1713 1149 1738 PROCEDITUR.
1178 1700 1339 1738 Videtur
1359 1700 1464 1749 quod

429 1720 596 1815 &5³2
615 1767 695 1793 non
724 1755 769 1791 sit
797 1755 933 1791 eadem
961 1753 1078 1802 gratia
1106 1765 1183 1802 qua
1212 1753 1386 1790 Christus
1412 1760 1467 1790 est

422 1812 460 1856 γ
483 1827 537 1845 v·
554 1796 730 1857 '‘caput
766 1807 975 1852 Ecclesiae,
1011 1817 1102 1842 cum
1137 1805 1254 1854 gratia
1288 1804 1467 1853 singulari

424 1840 713 1899 ι«ζ’-’ἶδΧίΠίιιε
755 1859 934 1896 hominis.
978 1858 1077 1895 Dicit
1114 1858 1217 1895 enim
1246 1859 1465 1907 ApostoluS,

405 1917 550 1952 Rom.v
563 1913 600 1950 *z
631 1915 671 1950 Si
689 1915 796 1950 unius
815 1912 943 1954 delicto
962 1912 1068 1948 multi
1085 1912 1223 1948 mortui
1238 1917 1333 1956 sunt,
1352 1911 1466 1947 multo

405 1969 527 2017 magis
561 1967 686 2016 gratia
712 1967 786 2002 Dei
811 1971 844 2001 et
871 1965 1010 2002 donum
1045 1965 1082 2000 in
1109 1965 1235 2013 gratia
1269 1965 1377 2000 unius
1403 1964 1467 2001 ho—

405 2022 514 2057 minis
540 2021 625 2056 Iesu
652 2019 787 2055 Christi
812 2019 849 2054 in
872 2017 1000 2067 plures
1019 2017 1228 2054 abundavit.
1260 2016 1337 2053 Sed
1363 2016 1467 2053 aliud

405 2081 461 2110 est
488 2079 689 2121 peccatum
717 2072 863 2108 actuale
892 2069 1010 2119 ipsius
1029 2069 1153 2106 Adae:
1185 2076 1221 2106 et
1248 2069 1352 2106 aliud
1379 2081 1467 2117 pec-

406 2133 534 2162 catum
554 2124 746 2172 originale,
776 2123 882 2172 quod
903 2122 1068 2160 traduxit
1092 2121 1131 2158 in
1150 2129 1334 2171 posteros.
1365 2123 1466 2170 Ergo

405 2178 477 2215 alia
505 2185 560 2214 est
586 2177 703 2225 gratia
730 2175 951 2225 personalis,
981 2187 1080 2224 quae
1100 2183 1156 2211 est
1174 2174 1329 2223 propria
1348 2174 1467 2223 ipsius

407 2229 563 2268 Christi:
602 2237 638 2266 et
675 2229 746 2266 alia
783 2236 838 2265 est
874 2227 991 2276 gratia
1027 2227 1108 2264 eius
1145 2227 1375 2276 inquantum
1413 2235 1467 2264 est

405 2291 520 2332 caput
548 2281 750 2328 Ecclesiae,
780 2293 879 2330 quae
900 2280 948 2317 ab
967 2280 1052 2329 ipso
1071 2280 1120 2317 ad
1139 2280 1233 2317 alios
1260 2279 1464 2317 derivatur.

460 2347 493 2371 2.
524 2336 754 2380 PRAETEREA,
776 2333 928 2370 habitus
947 2333 1231 2381 distinguuntur
1249 2333 1466 2370 secundum

405 2396 522 2425 actus.
553 2387 629 2424 Sed
658 2387 706 2423 ad
734 2386 853 2423 alium
881 2393 1009 2423 actum
1038 2386 1237 2423 ordinatur
1254 2385 1294 2422 in
1314 2385 1465 2422 Christo

404 2440 521 2488 gratia
548 2440 630 2477 eius
658 2439 878 2488 personalis,
901 2438 1039 2475 scilicet
1058 2438 1107 2475 ad
1126 2437 1466 2475 sanctificationem

405 2493 502 2530 illius
531 2492 701 2529 animae:
732 2499 768 2528 et
796 2492 844 2528 ad
872 2491 990 2528 alium
1012 2498 1141 2528 actum
1169 2490 1367 2527 ordinatur
1385 2502 1465 2539 gra-

404 2546 455 2582 tia
483 2545 624 2594 capitis,
653 2544 792 2581 scilicet
819 2544 867 2580 ad
890 2543 1207 2580 sanctificandum
1229 2539 1338 2580 alios.'
1364 2544 1465 2591 Ergo

405 2598 476 2635 alia
511 2605 566 2634 est
602 2597 719 2645 gratia
752 2596 963 2645 personalis
990 2596 1109 2644 ipsius
1138 2595 1294 2632 Christi:
1331 2603 1367 2632 et
1395 2596 1466 2633 alia

406 2658 460 2687 est
487 2650 603 2698 gratia
631 2649 713 2686 eius
740 2649 970 2697 inquantum
994 2656 1049 2696 est
1076 2655 1190 2697 caput
1209 2648 1410 2685 Ecclesiae.

461 2703 495 2739 3.
522 2703 751 2748 PRAETEREA,
773 2702 869 2738 sicut
888 2700 1032 2750 supra*
1047 2700 1192 2737 dictum
1212 2709 1277 2748 est,
1298 2701 1337 2737 in
1357 2701 1466 2738 Chri-

406 2764 463 2792 sto
483 2755 722 2803 distinguitur
740 2754 873 2803 triplex
901 2753 1037 2801 gratia:
1068 2753 1205 2790 scilicet
1223 2753 1339 2801 gratia
1358 2754 1466 2791 unio-

406 2808 475 2855 nis,
495 2807 612 2856 gratia
640 2806 782 2856 capitis,
803 2814 839 2843 et
866 2806 982 2854 gratia
1001 2805 1198 2854 singularis
1226 2805 1323 2843 illius
1343 2807 1466 2843 homi-

407 2861 476 2897 nis.
512 2861 588 2897 Sed
616 2859 733 2908 gratia
761 2858 958 2907 singularis
988 2858 1126 2895 Christi
1155 2866 1210 2895 est
1237 2858 1308 2896 alia
1336 2871 1358 2895 a
1385 2871 1466 2907 gra—

408 2913 457 2950 tia
484 2912 650 2949 unionis.
691 2913 791 2960 Ergo
821 2919 875 2948 est
895 2910 1009 2948 etiarn
1038 2910 1109 2948 alia
1138 2923 1159 2948 a
1178 2911 1294 2959 gratia
1322 2911 1464 2961 capitis.

462 2966 535 3002 SED
556 2977 698 3002 CONTRA
718 2976 782 3001 1-:s’r
810 2964 916 3013 quod
945 2963 1081 3000 dicitur
1099 2965 1202 3001 Ioan.
1223 2976 1232 3000 1
1251 2963 1286 3001 *τ
1315 2965 1374 3001 De
1390 2965 1467 3014 ple-

409 3018 571 3054 nitudine
602 3019 678 3054 eius
713 3029 839 3054 omnes
874 3018 1091 3066 accepimus.
1136 3017 1360 3054 Secundum
1392 3018 1468 3054 hoc

409 3078 535 3107 autem
573 3077 627 3106 est
655 3077 768 3119 caput
803 3077 998 3115 nostrum,
1029 3069 1135 3118 quod
1169 3069 1216 3106 ab
1249 3082 1296 3106 eo
1331 3069 1467 3119 accipi-

409 3135 507 3159 mus.
542 3123 643 3169 Ergo
672 3122 886 3158 secundum
921 3123 996 3158 hoc
1030 3122 1137 3170 quod
1165 3122 1279 3159 habet
1306 3122 1466 3171 plenitu-

409 3175 539 3211 dinem
566 3173 715 3222 gratiae,
743 3181 797 3210 est
825 3181 938 3222 caput
965 3182 1150 3211 nostrum.
1186 3174 1467 3212 plenitudinem

410 3234 539 3264 autem
572 3225 710 3273 gratiae
748 3225 880 3261 habuit
915 3227 1128 3264 secundum
1163 3228 1269 3276 quod
1304 3228 1466 3277 perfecte

410 3279 477 3316 fuit
505 3278 543 3315 in
571 3278 633 3315 illo
666 3277 782 3326 gratia
810 3277 1037 3326 personalis,
1071 3287 1113 3315 ut
1142 3292 1256 3329 supra
1274 3279 1294 3302 '¹‘
1322 3279 1466 3318 dictum

411 3339 475 3368 est.
497 3332 598 3379 Ergo
618 3330 833 3367 secundum
851 3329 1008 3377 gratiam
1024 3333 1265 3378 personalem
1279 3341 1334 3370 est
1353 3341 1467 3383 caput

464 3443 492 3477 οι)
510 3444 545 3468 sit
565 3444 632 3468 idem
651 3447 722 3469 actu.
740 3457 759 3462 -
778 3442 836 3473 9135
855 3443 891 3467 sit
910 3442 979 3467 idem
999 3442 1036 3467 sic
1054 3446 1143 3468 actum
1163 3445 1194 3475 Α,
1212 3446 1247 3470 sit
1266 3446 1336 3472 idem
1354 3447 1390 3473 sit
1407 3451 1469 3473 actu

412 3478 480 3510 pBC,
492 3479 527 3503 sit
540 3478 608 3503 idem
627 3482 702 3504 actus
715 3478 801 3508 Fossc,
814 3481 875 3503 actu
889 3478 924 3503 sit
943 3478 1011 3502 Idem
1025 3477 1065 3502 ed.
1078 3485 1110 3507 a,·
1129 3480 1201 3504 tertia
1220 3481 1292 3513 legit:
1312 3482 1468 3514 Respondeo

412 3513 551 3538 dicendum
569 3514 647 3546 quod,
666 3513 728 3546 quia
748 3513 949 3546 unumquodque
967 3512 1025 3545 agit
1045 3511 1199 3544 inquantum
1218 3519 1257 3540 est
1275 3521 1345 3546 actu,
1365 3521 1470 3550 oportet

411 3548 483 3579 quod
507 3548 573 3573 idem
598 3549 632 3573 sit
655 3551 730 3574 actus
754 3555 805 3580 quo
827 3548 930 3581 aliquid
952 3551 991 3573 est
1013 3549 1075 3572 actu
1094 3551 1120 3573 et
1139 3556 1189 3580 quo
1213 3550 1280 3582 agit,
1299 3552 1367 3577 sicut
1389 3550 1469 3586 (sicut

412 3582 487 3608 etiam
506 3583 537 3616 F)
557 3584 624 3608 idem
644 3587 682 3608 ext
701 3584 774 3608 calor
793 3588 840 3609 etc.

1521 1707 1708 1736 nostrum.
1751 1700 1800 1737 Et
1827 1700 1877 1737 ita
1911 1713 1991 1738 non
2026 1709 2081 1739 est
2109 1702 2184 1740 alia
2217 1703 2334 1752 gratia
2367 1704 2516 1755 capitia,
2545 1714 2582 1744 et

1521 1751 1593 1789 alia
1620 1751 1738 1800 gratia
1765 1753 1986 1802 personalis.

1574 1806 1798 1842 Responmzo
1826 1817 2007 1844 montinum
2035 1808 2143 1856 quod
2170 1810 2481 1860 unumquodque
2507 1811 2582 1861 agit

1521 1856 1752 1905 inquantum
1772 1865 1827 1894 est
1846 1869 1914 1895 ens
1932 1867 2019 1896 actu
2032 1859 2063 1896 ⁸¹⁸.
2081 1861 2243 1909 Oportet
2260 1869 2391 1899 autem
2409 1864 2516 1912 quod
2532 1864 2582 1902 sit

1521 1908 1622 1946 idem
1653 1917 1739 1946 actu
1759 1915 1777 1931 ²
1804 1922 1884 1959 quo
1921 1911 2064 1961 aliquid
2092 1920 2148 1949 est
2175 1921 2280 1961 actu,
2314 1922 2351 1951 et
2377 1927 2457 1965 quo
2485 1916 2580 1965 agit:

1521 1968 1557 1998 et
1585 1961 1638 1998 sic
1665 1961 1768 1999 idern
1788 1970 1842 2000 est
1861 1964 1965 2000 calor
1986 1976 2066 2014 quo
2085 1965 2180 2013 ignis
2198 1974 2254 2003 est
2272 1966 2426 2016 calidus,
2446 1975 2483 2005 et
2501 1980 2581 2018 quo

1521 2014 1697 2051 calefacit.
1743 2015 1835 2052 Non
1869 2023 1998 2053 tamen
2033 2017 2160 2055 omnis
2197 2026 2303 2056 actus
2331 2031 2410 2069 quo
2438 2021 2582 2071 aliquid

1521 2074 1576 2103 est
1611 2075 1718 2114 actu,
1753 2068 1892 2105 sufficit
1926 2069 1975 2106 ad
2009 2070 2085 2107 hoc
2121 2071 2229 2120 quod
2266 2071 2312 2108 sit
2347 2073 2581 2123 principium

1521 2119 1657 2167 agendi
1685 2119 1724 2156 in
1752 2119 1843 2158 alia:
1874 2132 1964 2158 curn
1993 2121 2097 2159 enim
2125 2135 2243 2173 agens
2268 2126 2312 2161 sit
2333 2129 2582 2174 praestantius

1515 2173 1688 2220 patiente,
1717 2180 1759 2209 ut
1786 2173 2022 2221 Augustinus
2050 2174 2149 2222 dicit,
2178 2177 2243 2213 XII
2270 2189 2381 2226 super
2411 2178 2503 2216 Gen.
2532 2180 2584 2218 ad

1521 2225 1583 2261 litt.
1603 2224 1634 2271 *,
1655 2231 1691 2262 et
1718 2225 1988 2275 Philosophus,
2008 2226 2047 2263 in
2066 2228 2112 2264 III
2131 2228 2176 2265 de
2198 2230 2339 2267 Anima
2351 2229 2402 2278 **,
2431 2239 2583 2281 oportet

1521 2277 1627 2326 quod
1656 2289 1771 2326 agens
1792 2277 1831 2315 in
1850 2278 1922 2315 alia
1949 2279 2088 2317 habeat
2106 2288 2232 2318 actum
2253 2283 2469 2320 secundum
2487 2283 2581 2322 emi-

1521 2330 1691 2367 nentiam
1719 2331 1927 2379 quandam.
1966 2331 2122 2370 Dictum
2150 2341 2206 2370 est
2232 2342 2362 2372 autem
2380 2334 2396 2366 β
2422 2348 2540 2386 supra
2561 2337 2582 2360 ²⁸²

1520 2383 1627 2431 quod
1655 2382 1694 2420 in
1722 2383 1851 2421 anima
1880 2384 2018 2422 Christi
2046 2393 2197 2435 recepta
2224 2394 2279 2423 est
2305 2387 2421 2435 gratia
2447 2400 2580 2427 secun-

1521 2435 1616 2472 dum
1635 2436 1847 2473 maximam
1865 2437 2124 2475 eminentiam.
2146 2439 2194 2475 Et
2211 2438 2299 2476 ideo
2313 2451 2359 2476 ex
2374 2440 2581 2480 eminentia

1519 2488 1659 2536 gratiae
1678 2494 1694 2516 Υ
1721 2501 1840 2538 quarn
1859 2489 2014 2539 accepit,
2042 2490 2224 2540 competit
2242 2491 2313 2528 sibi
2338 2494 2445 2542 quod
2463 2494 2581 2542 gratia

1520 2540 1582 2577 illa
1609 2541 1657 2577 ad
1685 2541 1780 2578 alios
1807 2541 2010 2579 derivetur.
2053 2543 2172 2589 Quod
2203 2544 2365 2593 pertinet
2391 2546 2440 2583 ad
2467 2546 2580 2585 ratio·

1520 2605 1609 2629 nem
1631 2593 1774 2642 capitis.
1803 2594 1852 2630 Et
1870 2593 1958 2631 ideo
1986 2595 2122 2632 eadem
2141 2603 2197 2633 est
2219 2598 2435 2635 secundum
2453 2610 2580 2638 essen-

1519 2645 1612 2682 tiam
1639 2646 1756 2693 gratia
1783 2646 1992 2695 personalis
2019 2659 2097 2696 qua
2124 2648 2253 2686 anima
2275 2650 2413 2688 Christi
2441 2659 2496 2688 est
2523 2651 2580 2690 iu-

1520 2697 1688 2741 stificata,
1718 2706 1755 2735 et
1772 2698 1888 2746 gratia
1906 2699 1989 2736 eius
2016 2702 2231 2738 secundum
2250 2714 2369 2751 quam
2392 2711 2448 2740 est
2465 2711 2581 2754 caput

1521 2750 1710 2788 Ecclesiae
1739 2750 1947 2788 iustificans
1974 2751 2087 2790 alios:
2126 2753 2251 2791 differt
2282 2762 2411 2793 tamen
2445 2768 2579 2795 secun-

1520 2803 1616 2839 dum
1644 2803 1843 2840 rationem.

1573 2856 1630 2892 An
1659 2868 1793 2893 PRIMUM
1816 2869 1914 2894 ERGO
1942 2869 2123 2896 Diei-:noum
2150 2860 2258 2908 quod
2285 2868 2486 2909 peccatum
2504 2861 2578 2899 ori-

1521 2906 1642 2955 ginale
1678 2907 1716 2944 in
1750 2909 1896 2956 Adam,
1933 2911 2058 2959 quod.
2077 2919 2132 2948 est
2166 2920 2367 2962 peccatum
2401 2920 2576 2962 naturae,

1521 2959 1736 2998 derivatum
1764 2969 1819 2998 est
1846 2974 1869 2998 a
1895 2971 2052 3011 peccato
2080 2965 2216 3002 actuali
2240 2964 2369 3015 ipsius,
2397 2966 2504 3015 quod
2522 2973 2578 3004 est

1520 3021 1722 3061 peccatum
1758 3016 1958 3063 personale
1977 3015 2008 3063 ²⁸,
2037 3016 2128 3065 quia
2155 3017 2195 3054 in
2223 3029 2269 3055 eo
2297 3029 2461 3067 persona
2494 3029 2576 3056 cor-

1521 3065 1623 3114 rupit
1641 3063 1654 3087 δ
1681 3073 1880 3114 naturam;
1909 3079 1987 3117 qua
2005 3069 2251 3118 corruptione
2269 3069 2472 3118 mediante,
2490 3082 2576 3120 pec-

1521 3125 1649 3155 catum
1677 3118 1791 3167 primi
1819 3119 1987 3158 hominis
2014 3121 2207 3160 derivatur
2233 3122 2283 3160 ad
2309 3129 2493 3172 posteros,
2521 3134 2576 3161 se-

1521 3170 1695 3207 cundum
1713 3171 1821 3220 quod
1848 3180 1984 3210 natura
2003 3182 2181 3223 corrupta
2207 3174 2419 3224 corrumpit
2444 3186 2576 3224 perso-

1520 3234 1622 3260 nam.
1653 3224 1730 3261 Sed
1757 3224 1873 3272 gratia
1901 3237 1979 3262 non
2007 3225 2200 3264 derivatur
2225 3238 2248 3264 a
2266 3225 2418 3264 Christo
2445 3226 2486 3264 in
2504 3239 2576 3266 nos

1520 3275 1711 3314 mediante
1740 3285 1875 3314 natura
1902 3278 2084 3326 humana,
2113 3278 2179 3316 sed
2206 3290 2276 3328 per
2295 3279 2418 3316 solam
2445 3290 2575 3329 perso-

1521 3329 1648 3366 nalem
1668 3328 1858 3367 actionem
1878 3329 1996 3379 ipsius
2015 3330 2165 3368 Christi.
2194 3330 2305 3368 Unde
2325 3342 2406 3369 non
2425 3340 2575 3381 oportet

1575 3447 1601 3516 βξ
1619 3452 1718 3475 autem.
1735 3462 1754 3468 -
1771 3449 1872 3479 Τοηίις
1891 3449 1968 3475 enim.

1573 3491 1590 3516 γ
1619 3484 1734 3517 gratiae.
1743 3498 1763 3503 -
1774 3484 1814 3509 Fa
1825 3489 1852 3510 et
1862 3485 1949 3514 meniu
1962 3483 2068 3517 gratiae
2081 3484 2127 3510 ma
2139 3483 2214 3515 ΑΒΕ,
2222 3485 2315 3518 gratia
2325 3485 2356 3516 D,
2367 3486 2414 3512 111a
2425 3487 2533 3520 graiae
2544 3487 2575 3513 E.

1573 3516 1599 3551 ὃ)
1617 3520 1746 3551 corrupit.
1764 3533 1783 3538 -
1800 3526 1817 3544 a
1836 3524 1861 3545 et
1878 3519 1926 3550 ·F;
1942 3518 2099 3551 corrumpit.

2607 592 2617 602 ·
2631 591 2667 614 Cf.
2679 592 2778 615 Armet.
2787 592 2821 616 de

2608 617 2664 640 Gen.
2673 617 2816 642 &corr-lib.
2830 627 2836 645 χ

2606 643 2624 670 1,
2639 649 2690 672 cap.
2705 650 2736 671 vr,
2755 650 2777 667 n.
2791 650 2817 674 ῃ
2836 671 2838 673 .

2606 670 2818 720 ἓῗίἱωῗῖιιῖοοω-Β·
2805 681 2831 691 ”’

2607 725 2677 744 ment.
2685 728 2704 744 ι.
2711 721 2757 745 Th.
2765 723 2817 747 leet.

2605 753 2670 776 xvm,
2684 754 2737 770 xxv.

2607 1862 2618 1874 ⁸
2632 1862 2730 1886 Arktou.
2741 1863 2822 1887 Haa-

2603 1889 2676 1918 ployu.
2696 1889 2737 1912 mv.
2755 1889 2819 1919 vm,

2608 1921 2819 2045 ῗΡὴῬΊιυῨξ

2607 1969 2660 1990 leet.
2684 1974 2725 1991 m.
2746 1966 2764 1986 -'
2811 1983 2829 1992 .

2607 1994 2699 2024 puysie.
2717 1995 2759 2018 ub.

2608 2026 2827 2101 ray-...5

2607 2260 2632 2308 ἔ.

2633 2233 2690 2262 Cap.
2703 2239 2752 2256 xn.
2822 2239 2825 2259 ζ

2643 2259 2700 2308 ‘ar
2709 2266 2798 2310 ’.εἶ’ἐ·
2814 2289 2818 2291 ‡

2689 2332 2723 2390 flu

2607 2366 2618 2377 ⁴
2632 2365 2680 2394 Qu.

2608 2397 2643 2415 ¹0.

2723 2369 2783 2395 ,Ιη-
2800 2377 2829 2391 w:

2700 2498 2718 2525 Τ

2605 3021 2614 3031 ·
2627 3020 2656 3044 D.
2673 3021 2740 3044 1006.
