2872 3970
189 683 201 694 ·
210 682 286 704 Iudith
294 688 345 710 cap.
356 687 402 709 xvi,

191 715 282 757 ³522.
294 723 332 763 a..

190 841 201 851 ⁸
214 839 280 862 Vera.
296 846 317 868 7.

191 999 201 1010 ⁸
218 997 283 1020 Vei-s.
298 1003 334 1027 29.

192 1105 202 1116 ⁸
215 1103 283 1126 Vei-s.
298 1104 320 1126 ⁸.

193 1418 203 1429 ⁸
214 1419 261 1445 Qu.
272 1419 371 1445 xv1,art.
383 1416 404 1439 8.

193 1524 204 1535 ³
217 1523 245 1544 D.
261 1522 310 1550 627.

202 2841 212 2851 ⁸
218 2839 411 2867 Part.1,cap.xxv1.

204 3045 257 3066 ‘De
264 3044 373 3094 FudZOr
375 3046 413 3072 m,

206 3072 245 3099 lib,
256 3071 318 3099 111,c

209 3409 378 3462 &lavari
372 3416 419 3464 ⁵3

427 280 502 328 248

483 360 663 397 Secunda
698 367 827 396 autem
863 358 1047 396 subiectio
1078 358 1229 395 Christo
1263 355 1489 401 attribuitur,

429 412 660 461 inquantum
682 411 813 449 omnia
833 424 932 461 quae
956 411 1055 448 circa
1073 409 1352 448 humanitatem
1382 408 1490 446 Chri-

430 465 475 501 sti
503 473 585 502 acta
623 473 728 508 sunt,
759 464 889 501 divina
916 463 1163 513 dispositione
1198 470 1302 511 gesta
1329 461 1491 499 credun-

429 525 492 554 tur
510 516 533 554 ῑ.
563 517 675 555 Unde
703 517 792 554 dicit
819 517 1039 566 Dionysius,
1068 529 1103 553 iv
1130 527 1212 565 cap.
1238 515 1338 552 Cael.
1366 516 1490 561 Hier„

430 570 536 619 quod
567 570 740 607 Christus
773 572 961 607 subiicitur
992 571 1066 606 Dei
1098 569 1220 605 Patris
1251 567 1492 605 ordinationi—

430 625 506 660 bus.
543 623 591 660 Et
619 624 714 660 haec
742 630 797 659 est
825 622 1011 660 subiectio
1038 621 1246 666 servitutis,
1276 620 1490 657 secundum

431 676 537 725 quod
566 677 685 713 omnis
712 681 884 712 creatura
912 677 994 712 Deo
1027 676 1138 712 servit
1162 673 1200 720 ²²²,
1230 673 1312 710 eius
1341 673 1492 710 ordina-

430 728 524 765 tioni
544 727 729 765 subiecta:
760 728 976 765 secundum
995 727 1088 764 illud
1116 729 1201 776 Sap.
1231 725 1344 763 XV1*:
1379 727 1493 763 Crea-

430 787 515 819 tura
549 783 614 818 tihi
647 782 800 818 Factori
831 781 1046 818 deserviens.
1083 781 1132 816 Et
1168 779 1384 816 secundum
1418 779 1494 815 hoc

432 833 547 871 etiam
581 833 699 870 Filius
735 832 828 879 Dei,
857 834 1013 883 thlipp.
1042 845 1063 869 11
1090 832 1129 878 ³⁸,
1158 831 1294 869 dicitur
1317 832 1494 880 formam

430 888 530 924 servi
554 887 738 936 accipiens
757 891 789 923 η.

484 938 655 975 Tertiam
684 938 798 976 etiam
822 938 1100 976 subiectionem
1124 937 1292 975 attribuit
1319 936 1418 974 sibi
1410 936 1496 987 ipsi,

430 992 533 1028 Ioan.
549 991 815 1036 V111*,dicens:
843 992 948 1034 Quae
960 992 1100 1042 placita
1118 996 1202 1028 sunt
1221 992 1267 1037 ei,
1275 991 1384 1039 facio
1403 1002 1494 1028 sem-

425 1055 511 1103 per.
537 1044 586 1081 Et
604 1044 700 1081 haec
719 1052 775 1082 est
794 1043 979 1082 subiectio
999 1043 1279 1082 obedientiae.
1253 1041 1266 1064 θ
1307 1043 1421 1081 Unde
1439 1042 1494 1080 di-

431 1096 528 1133 citur
554 1097 710 1146 Philipp.
738 1109 758 1134 11
777 1097 797 1119 *
825 1097 933 1147 quod
956 1098 1086 1146 sactus
1113 1103 1164 1134 est
1191 1096 1361 1134 obediens
1391 1097 1498 1134 Patri

431 1161 545 1199 usque
571 1150 623 1187 ad
648 1156 816 1188 mortem.

485 1203 542 1239 Ao
571 1214 707 1240 prunum
734 1215 833 1240 ERGO
854 1215 1036 1241 mcznnuu
1064 1202 1184 1252 quod,
1208 1202 1305 1239 sicut
1332 1214 1413 1239 non
1441 1210 1495 1238 est

433 1254 653 1304 simpliciter
680 1255 969 1304 intelligendum
998 1256 1105 1305 quod
1126 1255 1299 1293 Christus
1319 1255 1365 1292 sit
1392 1267 1494 1292 crea-

431 1315 529 1353 tura,
550 1308 618 1344 sed
637 1310 764 1345 solum
784 1309 1000 1346 secundum
1029 1309 1244 1345 humanam
1271 1316 1449 1345 naturam
1463 1309 1495 1354 ²¹⁴,

433 1360 513 1397 sive
542 1369 759 1410 apponatur
786 1361 820 1398 ei
849 1361 1114 1398 determinatio
1143 1361 1222 1398 sive
1251 1373 1343 1406 non,
1372 1369 1414 1398 ut
1433 1373 1495 1398 su-

432 1425 502 1462 pra
520 1413 540 1435 *
568 1413 712 1451 dictum
741 1422 814 1460 est3
853 1414 903 1452 ita
930 1414 1045 1451 etiam
1073 1426 1153 1451 non
1189 1421 1244 1451 est
1277 1413 1497 1463 simpliciter

432 1466 721 1514 intelligendum
750 1467 856 1515 quod
886 1467 1059 1504 Christus
1087 1466 1132 1503 sit
1160 1466 1353 1504 subiectus
1381 1467 1495 1512 Patri,

433 1519 500 1555 sed
520 1520 647 1555 solum
667 1520 883 1556 secundum
902 1520 1116 1558 humanam
1136 1527 1314 1556 naturam
1328 1519 1359 1565 ³¹⁸,
1381 1519 1495 1556 etiam

432 1571 463 1608 si
491 1572 588 1608 haec
615 1572 880 1609 determinatio
910 1584 990 1608 non
1018 1579 1246 1621 apponatur.
1282 1573 1414 1619 Quam
1442 1580 1495 1609 ta-

432 1636 523 1661 men
551 1625 843 1662 convenientius
870 1633 925 1662 est
953 1637 1164 1674 apponere,
1194 1624 1243 1662 ad
1271 1624 1496 1662 evitandum

433 1689 604 1714 errorem
631 1677 724 1723 Arii,
744 1677 811 1727 qui
839 1677 968 1727 posuit
987 1677 1019 1714 F
1020 1677 1129 1715 ilium
1156 1677 1349 1715 minorem
1371 1678 1493 1715 Patre.

485 1730 542 1767 AD
570 1743 760 1768 SECUNDUM
787 1743 968 1768 monimum
997 1730 1104 1780 quod
1139 1730 1270 1768 relatio
1305 1730 1496 1768 servitutis

1135 277 1401 325 QUAEsrlo
1427 276 1518 323 xx,
1547 275 1840 313 ARTICULUS
1867 276 1898 313 11
2801 279 2814 333 1ss
2855 267 2865 335 ξ

1547 363 1583 392 et
1610 355 1772 393 dominii
1799 356 1982 393 fundatur
2015 367 2132 404 super
2166 354 2314 392 actione
2347 363 2383 392 et
2409 355 2605 405 passione:
2857 395 2862 415 ὃ

1546 408 1778 458 inquantum
1813 408 1951 445 scilicet
1985 408 2085 444 servi
2120 414 2175 444 est
2209 407 2359 445 moveri
2392 420 2415 445 a
2446 407 2606 446 domino

1547 462 1764 498 secundum
1791 460 2010 510 imperium.
2040 462 2162 509 Agere
2182 467 2313 498 autem
2331 472 2412 498 non
2439 460 2608 498 attribui·
2806 506 2813 513 .
2856 449 2863 535 ξ

1546 522 1608 552 tur
1644 521 1805 551 naturae
1839 513 1936 551 sicut
1972 513 2117 562 agenti,
2153 513 2220 550 sed
2256 525 2464 562 personae:
2507 518 2610 551 actus
2809 525 2811 527 ’
2855 539 2864 572 2(

1549 566 1652 604 enim
1686 567 1956 616 suppositorum
1994 572 2078 603 sunt
2111 571 2145 603 et
2175 566 2444 615 singularium,
2473 577 2608 603 secun·
2856 573 2862 607 ζ

1548 620 1645 657 dum
1672 619 2000 679 Philosophum.
1969 618 1989 640 ²¹⁸
2029 618 2256 656 Attribuitur
2276 626 2406 656 tamen
2424 617 2522 655 actio
2543 630 2609 656 na·
2635 622 2808 677 {Mem-Q
2855 647 2860 676 L

1547 681 1655 710 turae
1683 672 1780 709 sicut
1807 671 1842 709 ei
1869 648 2086 708 secundum
2114 683 2234 730 quam
2258 683 2424 721 persona
2450 672 2513 709 vel
2539 671 2608 721 hy·
2636 664 2803 730 1⁵}leth
2853 692 2859 730 ᾗ

1548 725 1708 776 postasis
1735 724 1820 772 agit.
1850 725 1898 762 Et
1926 724 2026 784 ideo,
2055 723 2234 773 quamvis
2261 737 2341 762 non
2373 723 2527 774 proprie
2595 745 2610 751 -
2637 733 2667 780 ’ὗ
2674 717 2800 779 gaf-m*
2854 737 2859 746 ¹

1549 786 1656 815 catur
1683 778 1790 827 quod
1817 785 1954 814 natura
1981 777 2027 814 sit
2054 777 2213 814 domina
2239 778 2301 814 vel
2329 789 2457 823 serva,
2486 783 2611 826 potest

1549 839 1679 869 tamen
1706 829 1862 890 proprie
1889 830 1964 868 dici
1992 831 2099 880 quod
2127 829 2280 880 aliqua*
2309 829 2524 881 hypostasis
2547 831 2612 867 vel
2737 840 2747 858 ι

1549 895 1715 934 persona
1751 883 1798 920 sit
1831 883 1990 920 domina
2016 885 2080 921 vel
2115 895 2227 921 serva
2262 884 2480 921 secundum
2510 883 2612 921 hanc

1549 938 1613 975 vel
1639 936 1743 974 illam
1761 943 1951 973 naturam.
1980 936 2029 974 Et
2056 935 2275 973 secundum
2292 936 2382 983 hoc,
2401 935 2497 974 nihil
2522 947 2611 987 pro-

1550 990 1655 1028 hibet
1684 988 1879 1027 Christum
1907 988 2034 1026 dicere
2061 988 2164 1026 Patri
2191 987 2418 1036 subiectum,
2446 985 2511 1026 vel
2535 1000 2611 1026 ser·

1549 1055 1659 1088 vum,
1689 1041 1906 1079 secundum
1933 1042 2146 1080 humanam
2176 1049 2367 1080 naturam

1604 1097 1662 1134 An
1689 1107 1848 1133 'reanum
1875 1106 2059 1132 DICENDUM
2094 1094 2225 1145 quod,
2253 1094 2350 1132 sicut
2376 1091 2613 1143 Augustinus
2791 1119 2810 1124 <

1551 1148 1652 1194 dicit,
1671 1148 1711 1186 in
1739 1149 1753 1185 1
1773 1148 1818 1185 de
1840 1149 1876 1185 T
1873 1160 1945 1184 rm
1963 1147 1995 1194 ³¹⁵,
2023 1153 2110 1185 tunc
2133 1148 2296 1185 Christus
2315 1146 2434 1185 tradet
2452 1158 2613 1201 regnum
2639 1152 2723 1183 cap.
2734 1156 2811 1190 *F*
2856 1179 2857 1182 ,

1550 1203 1632 1239 Deo
1660 1207 1693 1239 et
1719 1202 1847 1247 Patri,
1874 1201 2022 1251 quando
2050 1202 2180 1248 iustos,
2207 1202 2246 1238 in
2273 1201 2404 1250 quihus
2431 1211 2531 1239 nunc
2557 1211 2613 1239 re-

1550 1261 1644 1305 gnat
1676 1267 1744 1304 per
1766 1254 1900 1303 fidem,
1928 1254 2176 1304 perducturus
2210 1259 2264 1291 est
2292 1253 2344 1291 ad
2371 1254 2542 1304 speciem,
2569 1251 2614 1290 ut

1551 1307 1692 1346 scilicet
1717 1306 1900 1344 videant'
1891 1319 2015 1356 1psam
2036 1306 2239 1343 essentiam
2267 1318 2521 1343 communem
2542 1305 2613 1343 Pa-

1550 1360 1596 1398 tri
1625 1368 1661 1398 et
1688 1359 1795 1397 Filio.
1826 1361 1874 1397 Et
1900 1367 1992 1396 tunc
2019 1359 2181 1396 totaliter
2203 1358 2273 1396 erit
2291 1359 2392 1396 Patri
2420 1358 2614 1396 subiectus

1551 1426 1632 1451 non
1656 1414 1783 1450 solum
1811 1412 1850 1450 in
1870 1425 1922 1458 se,
1942 1412 2010 1450 sed
2029 1412 2144 1451 etiam
2163 1412 2203 1450 in
2230 1411 2414 1449 membris
2434 1411 2524 1457 suis,
2544 1422 2615 1461 per

1551 1468 1707 1516 plenam
1734 1465 2065 1515 participationem
2093 1465 2245 1502 divinae
2273 1464 2462 1502 bonitatis.
2498 1465 2614 1501 Tunc

1552 1519 1667 1556 etiam
1695 1518 1827 1555 omnia
1846 1526 1958 1555 erunt
1985 1519 2098 1567 plene
2117 1517 2152 1554 ei
2172 1517 2342 1554 subiecta
2368 1529 2438 1567 per
2455 1516 2614 1554 finalem

1551 1571 1838 1630 implectionem
1867 1583 1959 1608 suae
1978 1570 2184 1608 voluntatis
2203 1570 2251 1607 de
2271 1570 2336 1608 eis.
2364 1569 2472 1607 Licet
2499 1569 2615 1609 etiam

1552 1624 1673 1661 modo
1710 1623 1784 1661 sint
1812 1623 1944 1661 omnia
1972 1622 2007 1660 ei
2035 1622 2205 1660 subiecta
2242 1630 2432 1672 quantum
2468 1621 2519 1660 ad
2808 1647 2810 1650 -

1550 1684 1741 1714 testatem.
1772 1676 1989 1714 secundum
2015 1675 2109 1713 illud
2127 1674 2263 1713 Matth.
2284 1677 2353 1713 ult.
2371 1675 2409 1712 *ε
2439 1676 2540 1715 Data
2564 1679 2616 1713 esi
2642 1680 2735 1704 vu..
2748 1680 2806 1705 ¹⁸·
2848 1671 2855 1718 i

1549 1731 1643 1767 milu
1667 1730 1787 1767 omnis
1808 1734 1969 1780 potestas
1997 1729 2033 1766 in
2063 1729 2166 1766 caelo
2195 1734 2229 1766 et
2255 1730 2292 1766 in
2321 1734 2434 1776 terra,
2463 1736 2546 1767 etc.
2802 1733 2809 1762 Γ
2848 1727 2861 1793 j}

483 1842 510 1878 ζ)
529 1843 685 1870 creduntur.
703 1859 723 1863 -
740 1844 842 1875 Tertizu
861 1845 1017 1871 credantur.
1606 1843 1631 1876 θ)
1649 1845 1860 1871 obedientiae.-
1877 1845 1978 1876 Tei-tiu
1996 1845 2162 1871 obedientiae
2179 1845 2272 1872 Patris
2289 1851 2371 1879 usque
2386 1845 2425 1871 ad
2442 1848 2562 1873 mrtem.
2726 1820 2787 1866 ‘vt‘

484 1879 515 1914 η)
531 1879 673 1911 accipiens.
690 1894 711 1899 -
727 1881 860 1913 accepisse
876 1879 896 1905 F
916 1886 942 1905 et
960 1881 1042 1907 tertia.
1606 1880 1626 1916 ι)
1645 1881 1781 1914 αΙίςααμ-
1798 1881 1931 1914 quaelibet
1950 1864 2084 1907 et'fitiones.
2857 1914 2860 1922 ι

1107 1962 1441 1995 Commentario
1462 1962 1715 1995 Gardinalis
1737 1961 1939 1994 Caietani
2437 1979 2439 1981 ·
2699 1977 2701 1979 -
2750 1976 2804 2008 ως*

2798 2018 2800 2022 -
2853 2013 2859 2031 1

438 2050 601 2113 Tunius
615 2041 725 2071 clarus.
737 2059 761 2063 —-
772 2041 807 2071 In
824 2050 959 2081 corpore
982 2050 1046 2072 una
1063 2047 1109 2071 est
1124 2041 1290 2072 conclusio
1313 2042 1498 2081 responsiva

496 2086 654 2125 quaesito:
671 2085 819 2116 Christus
832 2090 880 2116 est
893 2085 1050 2116 subiectus
1061 2086 1155 2116 Patri
1175 2085 1361 2126 tripliciter:
1377 2085 1499 2116 scilicet

434 2129 610 2159 secundum
631 2129 813 2166 bonitatem,
830 2130 1025 2165 trerm'tutern⁹
1041 2135 1072 2160 et
1087 2130 1308 2160 obedientiam.
1332 2130 1499 2166 Probatur,

435 2173 551 2213 primo.
575 2174 694 2203 Natura
717 2174 857 2205 humana
880 2183 917 2204 ex
941 2175 991 2204 sui
1014 2173 1200 2205 conditione
1222 2174 1318 2205 habet
1340 2174 1498 2214 triplicem

435 2217 518 2247 hanc
541 2218 774 2248 subiectionem
797 2218 836 2248 ad
859 2218 975 2248 Deum.
999 2218 1085 2258 Ergo
1110 2218 1254 2249 Christus
1274 2224 1320 2249 est
1335 2218 1498 2258 tripliciter

436 2262 597 2291 subiectus
613 2261 706 2292 Patri.
717 2280 741 2284 -
752 2261 954 2292 Antecedens
969 2262 1188 2293 manifestatur
1202 2263 1236 2293 in
1252 2262 1383 2303 singulis
1398 2262 1498 2293 tribus

436 2305 697 2336 subiectionibus.
710 2324 732 2328 —
748 2305 989 2346 Consequentia
1004 2307 1167 2347 probatur.
1192 2306 1278 2345 Quia
1296 2307 1427 2337 cuilibet
1442 2307 1497 2337 ha-

435 2349 523 2380 benti
545 2355 690 2380 naturam
714 2350 911 2381 conveniunt
935 2359 1017 2391 quae
1039 2351 1169 2391 propria
1191 2356 1266 2382 sunt
1287 2351 1333 2381 illi
1356 2357 1496 2381 naturae.

1200 2494 1518 2536 ARTICULUS
1548 2495 1854 2537 SECUNDUS

1057 2586 1214 2618 UTRUM
1238 2586 1453 2618 efflus'rus
1475 2586 1542 2617 SIT
1566 2586 1643 2618 sn31
1667 2587 1743 2618 11>51
1766 2586 2004 2619 511131Εετ115

552 2683 582 2701 9

454 2771 536 2861 '45⁸4
516 2797 574 2827 v
595 2778 637 2830 (Γ
650 2780 699 2817 cit
718 2779 822 2817 enim
843 2779 1047 2829 Cyrinus,
1039 2792 1078 2816 1n
1098 2780 1268 2830 Epistola
1295 2780 1499 2830 Synodica,

456 2797 769 2893 mquam
805 2833 944 2870 scilicet
973 2833 1154 2883 Synodus
1182 2833 1378 2883 Ephesina
1396 2833 1416 2855 ’¹'
1444 2845 1500 2870 re-

440 2885 557 2934 cepit.
587 2886 730 2936 Neque,
751 2886 885 2936 inquit,
906 2888 982 2936 ipse
1013 2887 1176 2923 Christus
1202 2888 1273 2923 sibi
1297 2899 1424 2924 servus
1451 2892 1502 2923 est

442 2949 557 2987 neque
584 2938 778 2976 Dominus:
814 2941 975 2977 Fatuum
1011 2941 1109 2976 enim
1138 2945 1200 2987 est,
1229 2941 1352 2990 magis
1378 2945 1500 2977 autem

441 2996 475 3027 et
501 2992 674 3040 impium,
705 2993 754 3029 ita
782 2993 906 3029 dicere
930 2993 989 3030 vel
1014 3004 1155 3043 sapere.
1194 2992 1242 3029 Et
1278 2993 1354 3030 hoc
1386 2991 1501 3030 etiam

366 3063 414 3093 „5
441 3042 599 3080 asseruit
618 3045 894 3092 Damascenus,
914 3045 953 3082 in
972 3046 1019 3083 ΙΠ
1038 3045 1134 3082 libro
1148 3045 1180 3092 ³¹⁸,
1202 3045 1350 3083 dicens:
1377 3047 1500 3084 Unum

442 3097 539 3132 enim
559 3109 622 3133 ens
645 3098 808 3134 Christus
827 3111 900 3135 non
924 3105 1045 3148 potest
1066 3110 1194 3136 servus
1213 3110 1291 3136 esse
1315 3100 1376 3136 sui
1390 3100 1502 3149 ipsius

442 3153 475 3184 et
502 3149 695 3187 Dominus.
733 3150 809 3187 Sed
838 3150 1027 3189 intantum
1055 3150 1192 3189 dicitur
1219 3162 1353 3189 servus
1381 3151 1501 3189 Patris

444 3199 628 3247 Christus,
648 3201 878 3251 inquantum
898 3211 954 3240 est
980 3204 1014 3240 ei
1035 3203 1239 3242 subiectus.
1271 3206 1371 3254 Ergo
1393 3204 1500 3243 Chri-

444 3260 522 3289 stus
550 3265 629 3290 non
658 3262 714 3290 est
740 3254 931 3292 subiectus
959 3255 1030 3293 sibi
1067 3257 1149 3306 ipsi.

499 3317 532 3341 2.
563 3307 802 3353 PRAETEREA,
832 3319 965 3344 servus
1002 3309 1160 3346 refertur
1196 3310 1246 3347 ad
1282 3310 1499 3348 dominum.

446 3358 521 3394 Sed
550 3358 679 3395 relatio
708 3371 786 3395 non
815 3367 870 3395 est
905 3359 1063 3397 alicuius
1091 3363 1139 3398 ad
1167 3363 1357 3412 seipsum:
1396 3365 1500 3402 unde

446 3417 481 3445 et
510 3410 674 3447 Hilarius
702 3411 802 3456 dicit,
832 3411 870 3447 in
899 3411 994 3448 libro
1023 3413 1069 3449 de
1094 3416 1129 3451 T
1127 3427 1196 3451 rm
1215 3415 1247 3462 *,
1277 3417 1383 3466 quod
1413 3418 1502 3454 nihil

446 3467 496 3497 est
522 3464 591 3499 sibi
625 3464 742 3500 simile
778 3469 841 3501 aut
872 3465 1034 3513 aequale.
1075 3466 1175 3514 Ergo
1213 3445 1385 3506 C’hristus
1422 3482 1501 3507 non

447 3521 568 3561 potest
596 3515 668 3551 dici
698 3527 830 3552 servus
850 3515 907 3552 sui
936 3515 1065 3564 ipsius.
1096 3518 1143 3553 Et
1161 3530 1230 3567 per
1248 3531 1501 3571 consequens,

447 3577 518 3601 nec
546 3565 615 3602 sibi
644 3579 724 3603 esse
753 3568 955 3605 subiectus.

462 2694 530 2741 μὴ·
555 2697 624 2737 »¹¹³5
649 2687 671 2712 n
687 2686 876 2712 SECUNDUM
895 2685 949 2711 stc
962 2685 1197 2712 Paocaoffmz.
1213 2674 1375 2711 Videtur
1393 2675 1502 2724 quod
1525 2674 1529 2726 Ι

467 2718 623 2796 ψ”ξὶὶ
651 2727 825 2765 Christus
851 2739 932 2763 non
951 2727 997 2764 sit
1016 2727 1177 2776 sibiipsi
1201 2727 1405 2764 subiectus.
1435 2727 1500 2764 Di-

1606 2040 1800 2078 Declaratur,
1820 2041 1974 2079 secundo,
1998 2042 2164 2073 conclusio
2193 2042 2449 2073 auctoritatibus:
2477 2041 2618 2094 singulas

1550 2086 1765 2116 subiectiones
1789 2087 1952 2117 attributas
1975 2096 2043 2117 esse
2067 2086 2206 2117 Christo.

1595 2129 1693 2160 11.1n
1715 2131 1926 2170 responsione
1949 2130 1990 2161 ad
2012 2131 2154 2171 primum
2176 2136 2208 2161 et
2229 2130 2426 2167 secundum,
2449 2129 2547 2162 rubes
2560 2140 2617 2162 ra-

1551 2175 1674 2204 tionem
1698 2175 1794 2205 huius
1816 2175 1956 2206 articuli:
1988 2180 2120 2215 propter
2142 2175 2210 2206 Arii
2233 2175 2354 2206 scilieet
2382 2184 2524 2209 errorem
2544 2183 2621 2209 mo-

1551 2224 1603 2248 tus
1625 2217 1760 2249 videtur.
1793 2219 1834 2250 Et
1857 2229 1933 2250 cum
1963 2225 2083 2259 quanta
2109 2219 2232 2250 cautela
2254 2218 2456 2260 loquendum
2479 2224 2540 2252 est.
2563 2218 2622 2262 Et.

1552 2263 1577 2292 si
1612 2263 1754 2294 sermoni
1789 2263 1913 2294 cautela
1946 2262 2053 2300 deest,
2087 2273 2157 2294 non
2191 2262 2271 2295 desit
2308 2262 2484 2297 intellectui
2521 2272 2618 2314 sanus

1552 2315 1673 2337 sensus.

1609 2675 1642 2711 3.
1672 2676 1914 2722 PRAETEREA,
1942 2676 2034 2712 sicut
2069 2677 2198 2713 anima
2233 2677 2426 2714 rationalis
2461 2682 2496 2714 et
2525 2683 2618 2716 caro
2663 2683 2665 2685 ’

1555 2739 1649 2765 unus
1677 2734 1727 2764 est
1753 2729 1877 2775 homo,
1908 2730 1958 2765 ita
1985 2729 2088 2766 Deus
2115 2735 2148 2765 et
2175 2730 2287 2767 homo
2315 2742 2411 2766 unus
2438 2735 2489 2767 est
2511 2728 2617 2768 Clm‘·
2787 2759 2795 2774 „
2852 2761 2856 2779 ,

1554 2786 1646 2818 stus.-
1664 2788 1707 2817 ut
1725 2781 1956 2818 Athanasius
1975 2781 2065 2818 dicit
2083 2780 2113 2818 ³⁸.
2145 2782 2222 2819 Sed
2241 2783 2362 2820 homo
2381 2794 2462 2820 non
2481 2781 2619 2822 dicitur
2644 2790 2656 2804 ⁸
2668 2790 2695 2814 ¹²
2715 2795 2726 2802 “·
2749 2781 2799 2827 *ξ
2851 2779 2856 2824 ζ

1555 2833 1748 2871 subiectus
1768 2834 1838 2871 sibi
1858 2834 1941 2884 ipsi,
1957 2836 2019 2872 vel
2033 2847 2168 2872 servus
2187 2835 2246 2872 sui
2262 2835 2397 2885 ipsius,
2409 2843 2476 2873 aut
2493 2834 2619 2874 maior

1556 2887 1694 2937 seipso,
1714 2895 1871 2937 propter
1898 2888 1974 2925 hoc
1993 2888 2101 2937 quod
2123 2900 2264 2938 corpus
2291 2888 2374 2926 eius
2401 2888 2618 2928 subiectum

1556 2948 1611 2977 est
1638 2939 1801 2978 animae.
1832 2940 1933 2989 Ergo
1962 2953 2090 2990 neque
2119 2941 2294 2979 Christus
2321 2941 2461 2980 dicitur
2493 2940 2617 2985 subie-

1556 3001 1638 3030 ctus
1666 2993 1736 3030 sibi
1764 2993 1836 3043 ipsi
1863 3002 2021 3044 propter
2047 2995 2123 3032 hoc
2150 2995 2258 3044 quod
2285 2994 2368 3032 eius
2400 2994 2618 3032 humanitas

1556 3046 1725 3083 subiecta
1753 3054 1808 3083 est
1835 3046 2020 3084 divinitati
2048 3047 2179 3097 ipsius.

1610 3100 1683 3137 Sao
1713 3111 1857 3137 CONTRA
1884 3112 1949 3137 EST
1986 3101 2094 3150 quod
2130 3100 2366 3150 Augustinus
2397 3099 2506 3146 dicit,
2535 3099 2576 3138 in
2602 3099 2619 3139 1

1556 3153 1601 3190 de
1615 3154 1726 3190 ‘Trin.
1746 3152 1783 3190 *ε
1818 3154 1957 3191 Veritas
1985 3154 2148 3201 ostendit,
2176 3154 2378 3192 secundum
2406 3154 2513 3191 istum
2539 3165 2617 3191 mo-

1556 3205 1656 3252 dum,
1677 3216 1756 3255 quo
1785 3205 1924 3243 scilicet
1942 3207 2055 3244 Pater
2072 3206 2197 3244 maior
2224 3214 2280 3244 est
2301 3205 2453 3244 Christo
2481 3217 2617 3244 secun-

1556 3258 1652 3296 dum
1680 3259 1894 3296 humanam
1922 3267 2116 3307 naturam,
2146 3261 2256 3297 ettam
2281 3261 2399 3310 seipso
2433 3261 2617 3298 minorem

1556 3312 1703 3350 Filium.

1611 3377 1644 3401 2.
1675 3366 1907 3411 Palmam,
1929 3365 2025 3403 sicut
2052 3365 2133 3416 ipse
2153 3372 2440 3414 argumentatur
2458 3363 2616 3412 ibidem,

1556 3417 1610 3455 sic
1637 3426 1791 3468 accepta
1819 3426 1874 3456 est
1901 3431 1923 3456 a
1951 3418 2047 3457 Filio
2084 3418 2157 3457 Dei
2182 3419 2307 3456 forma
2340 3417 2440 3455 servi
2467 3425 2509 3455 ut
2536 3429 2617 3455 non

1556 3470 1792 3508 amitteretur
1816 3471 1941 3509 forma
1967 3471 2051 3509 Dei.
2091 3471 2167 3510 Sed
2199 3471 2415 3509 secundum
2450 3470 2617 3508 formam

1556 3523 1640 3569 Dei,
1661 3535 1761 3573 quae
1790 3532 1844 3561 est
1872 3523 2092 3562 communis
2112 3524 2213 3563 Patri
2240 3531 2277 3562 et
2302 3523 2412 3570 Filio,
2433 3523 2544 3562 Pater
2562 3530 2619 3561 est

1557 3574 1652 3612 Filio
1681 3576 1804 3613 maior
1823 3577 2039 3615 secundum
2065 3578 2279 3615 humanam
2298 3585 2485 3614 naturam.
2514 3577 2621 3625 Ergo
