2872 3970
979 261 1242 308 QUAESTIO
1270 261 1338 308 VI,
1367 261 1660 299 ARTICULUS
1686 261 1737 298 VI
2372 261 2442 297 105

273 350 292 371 a
312 345 425 371 natura
453 340 506 371 cui
535 339 646 371 datum
672 345 728 370 est.
763 339 812 370 De
834 339 894 370 hac
921 344 1028 369 tamen
1058 340 1186 370 unionis
1215 340 1329 380 gratia,
1355 337 1360 390 Ι
1384 345 1531 380 respectu
1543 339 1778 380 assumptionis,
1788 339 1840 370 hic
1853 338 1997 370 confutat
2008 339 2192 369 auctoritate
2205 338 2331 369 Ioannis
2340 338 2446 368 Evan-

271 389 404 425 propter
425 384 511 414 varia
539 393 622 424 quae
645 383 685 414 de
707 383 776 423 ipsa
798 382 861 413 dici
882 382 1045 419 videntur,
1069 383 1103 414 in
1125 383 1259 414 articulo
1282 384 1331 414 ul·
1385 384 1524 424 gelistae.
1548 384 1590 414 Et
1611 384 1656 414 sic
1678 388 1753 414 tene
1777 383 1866 423 quod
1888 383 1976 423 prius
1998 388 2110 413 natura
2132 383 2311 413 humanitas
2328 382 2445 413 Christi

32 423 206 482 ψῗκΰῐ·
271 428 352 459 timo
367 426 385 446 *
408 427 602 468 quaestionis
624 427 777 468 septimae
800 427 858 457 erit
879 426 972 457 latior
994 436 1109 458 sermo.
1385 434 1547 468 assumpta
1569 433 1616 458 est
1639 436 1737 467 quam
1759 428 1858 468 gratia
1879 427 2031 458 habituali
2054 425 2187 457 donata:
2216 432 2252 457 ut
2275 436 2312 456 ex
2335 435 2444 466 perso-

106 470 112 476 “
145 467 152 475 “
326 470 412 502 Nota
434 472 544 508 tertio,
569 470 658 512 quod
679 471 818 507 Auctor,
843 470 948 510 seipso
972 469 1114 507 doctior,
1143 471 1331 512 opinionem
1384 471 1513 503 nalitate
1535 471 1645 502 omnia
1667 470 1787 502 fluenta
1805 471 1921 511 gratiae
1943 471 1977 502 in
1992 471 2124 501 homine
2145 470 2200 501 illo
2225 475 2328 501 essent
2344 470 2444 511 pleno

273 522 371 556 quam
392 515 427 546 in
445 514 487 546 111
505 514 743 546 Sententiarum
761 519 888 544 secutus
907 519 964 550 est,
983 513 1053 544 dist.
1065 523 1098 550 n,
1115 523 1168 555 qu.
1181 523 1214 551 n,
1230 520 1286 546 art.
1300 524 1330 551 2,
1384 515 1514 557 gratiae
1535 520 1567 546 et
1588 515 1742 547 veritatis.

273 559 332 599 qu·
346 566 374 596 ι,
398 558 437 590 de
452 559 550 599 gratia
571 558 732 594 habituali,
749 557 839 598 quod
854 563 919 588 erat
937 557 1081 589 medium
1103 559 1330 599 congruentiae

411 3598 523 3624 Smn
539 3598 641 3625 Τιιιοῐ..
659 3599 691 3625 D.
702 3598 818 3624 Tuon}
836 3598 868 3625 Τ.
886 3598 951 3624 vm.
2270 3607 2304 3633 ¹4
