2872 3970
281 699 287 720 5
310 680 379 739 ἢ
407 690 430 714 n
449 689 621 720 QUARTUM
640 689 691 714 sm
711 689 945 714 PROCEDITUR.
969 677 1130 714 Videtur
1149 678 1255 727 quod

329 729 581 771 <⁴‘Christus
608 741 688 766 non
717 728 891 766 debuerit
910 729 1092 778 baptizari
1120 730 1159 766 in
1178 731 1255 767 Ior-

344 768 373 828 ἢ
389 781 518 819 dane.
553 781 700 819 Veritas
735 781 840 818 enim
874 782 987 818 debet
1021 783 1253 832 respondere

269 858 272 860 Α
303 833 347 866 *⁹³1
363 828 394 870 k
405 833 562 884 figurae.
592 834 669 872 Sed
696 833 819 882 figura
846 833 1024 883 baptismi
1051 835 1255 883 praecessit

177 922 195 938 :-·
212 914 226 931 f
254 886 419 926 'transitu
452 886 568 924 maris
595 887 728 933 Rubri,
756 886 823 924 ubi
851 886 1024 936 Aegyptii
1053 894 1140 924 sunt
1167 888 1253 924 sub-

158 934 359 987 ἰἰῖἓέεἱξ
378 939 475 976 sicut
492 947 647 989 peccata
666 939 841 976 delentur
860 939 899 976 in
918 939 1120 988 baptismo.
1150 940 1252 988 Ergo

161 986 346 1049 [affletur
377 992 485 1042 quod
511 992 686 1030 Christus
717 991 837 1040 magis
865 991 1038 1028 debuerit
1072 992 1252 1041 baptizari

163 1042 194 1075 3³³
260 1040 358 1083 mari
385 1056 504 1094 quam
531 1044 570 1081 in
597 1044 759 1081 flumine
786 1044 967 1081 Iordanis.

263 1101 287 1135 ἐἶ
303 1097 533 1144 mmmm,
548 1097 723 1134 Iordanis
740 1095 1006 1146 interpretatur
1018 1098 1210 1135 descensus
1219 1097 1249 1134 ²¹⁸.

270 1166 272 1172 ·
296 1161 368 1200 per
393 1149 627 1200 baptismum
655 1149 790 1199 aliquis
817 1151 904 1198 plus
932 1149 1100 1187 ascendit
1132 1162 1251 1199 quam

270 1202 388 1240 ndit
406 1207 442 1239 ⁸²:
470 1202 576 1240 unde
595 1209 632 1239 et
658 1202 792 1239 Matth.
813 1214 846 1239 111
864 1201 885 1224 ’Β
902 1201 1039 1239 dicitur
1057 1203 1164 1252 quod
1187 1205 1250 1240 ba-

271 1267 301 1286 ·1«
323 1266 343 1292 s
376 1256 480 1292 Iesus
512 1255 704 1303 confestim
730 1255 891 1292 ascendit
927 1255 972 1291 de
1003 1266 1111 1304 aqua.
1148 1256 1250 1304 Ergo

173 1355 176 1359 ,
218 1337 221 1340 ,
239 1325 245 1338 ι
267 1332 280 1337 -γ
302 1312 305 1318 “
358 1307 632 1354 inconveniens
658 1307 773 1344 fuisse
793 1307 900 1356 quod
925 1307 1097 1344 Christus
1115 1307 1156 1344 in
1174 1309 1250 1345 Ior-

170 1366 171 1373 ’
269 1368 293 1398 e
317 1359 581 1410 baptizaretur.
1166 1372 1169 1374 ·

272 1427 281 1451 ‚³
306 1413 537 1459 Parmam,
557 1411 839 1450 transeuntibus
863 1411 951 1449 filiis
975 1413 1099 1459 Israel,
1126 1425 1248 1462 aquae

259 1482 267 1497 a
285 1483 291 1497 :
310 1465 359 1502 's
377 1476 578 1504 conversae
601 1471 685 1502 sunt
710 1466 934 1502 retrorsum:
960 1472 1003 1502 ut
1030 1465 1163 1513 legitur
1188 1467 1248 1503 Io-

261 1526 307 1572 ‹tv
322 1517 355 1565 ⁴¹,
374 1525 412 1555 et
429 1517 526 1555 sicut
544 1517 590 1559 in.
602 1518 755 1555 Psalmo
774 1517 814 1539 Ν
833 1517 979 1555 dicitur.
1010 1518 1088 1555 Sed
1112 1517 1163 1555 illi
1181 1518 1248 1568 qui

268 1588 284 1603 =2
309 1575 326 1593 “-
366 1577 438 1617 tur‚
458 1582 540 1608 non
567 1577 786 1617 retrorsum,
807 1570 875 1607 sed
899 1570 938 1607 in
966 1577 1076 1608 antea
1094 1582 1248 1620 progre-

270 1629 278 1633 ”
348 1653 357 1661 .
392 1625 486 1661 Non
517 1635 608 1672 ergo
634 1622 704 1660 fuit
737 1622 971 1660 conveniens
998 1630 1040 1660 ut
1075 1623 1248 1661 Christus

159 1685 197 1724 2³2¹*
256 1676 417 1714 Iordane
444 1676 708 1726 baptizaretur.

159 1726 317 1770 [Q
343 1740 489 1767 CONTRA
515 1740 582 1766 EST
609 1729 715 1778 quod
744 1727 880 1765 dicitur
906 1728 1056 1766 Marci1
1079 1728 1110 1776 ³¹²,
1140 1729 1247 1778 quod

161 1776 193 1821 153*
260 1782 387 1830 'zatus
413 1787 464 1819 est
489 1783 592 1818 Iesus
619 1794 644 1818 a
669 1782 816 1818 Ioanne
841 1783 879 1818 in
907 1782 1082 1819 Iordane.

272 1837 294 1862 s
319 1842 464 1872 rotmiro
482 1845 664 1872 memnon
683 1833 791 1883 quod
813 1833 957 1871 fluvius
984 1833 1154 1870 Iordanis
1178 1833 1248 1871 fuit

273 1898 406 1937 -Yquem
431 1886 500 1924 filii
527 1888 639 1924 Israel
666 1886 706 1923 in
733 1894 873 1923 terram
900 1886 1163 1935 promissionis
1190 1885 1246 1923 in-

267 1956 291 1970 12
367 1946 383 1977 t
398 1939 430 1976 ¹⁸.
460 1940 548 1976 Hoc
575 1946 704 1977 autem
724 1939 840 1976 habet
866 1938 1078 1988 baptismus
1108 1938 1247 1976 Christi

267 2009 280 2025 a*
299 2004 350 2030 e
375 2003 468 2042 prae
502 1991 685 2029 omnibus
717 1991 1026 2040 baptismatibus,
1056 1992 1163 2041 quod
1190 1991 1246 2028 in-

257 2044 352 2083 uait
378 2044 418 2082 in
445 2056 607 2094 regnum
639 2044 729 2091 Dei,
759 2044 867 2094 quod
893 2056 964 2093 per
989 2052 1130 2081 terram
1157 2056 1245 2094 pro-

278 2097 378 2135 -mis
411 2096 662 2146 significatur:
699 2097 805 2134 unde
842 2096 980 2134 dicitur
1011 2097 1114 2134 Ioan.
1145 2109 1177 2134 111
1204 2096 1243 2133 *ε

266 2208 345 2249 'hs
361 2212 481 2237 aseendit
498 2219 578 2244 quam
597 2211 741 2238 deseendit.
753 2225 773 2231 -
786 2211 849 2243 plus
866 2211 988 2236 ascendit
1004 2217 1084 2243 quam
1105 2211 1247 2236 descendat

270 2248 395 2297 ᾁσῖκάίε
411 2247 498 2281 nugis
516 2254 596 2280 quam
614 2247 758 2272 descendat
774 2247 857 2272 tertia.

262 2422 351 2463 *715
380 2433 491 2463 clarus.
523 2432 604 2463 —In
637 2442 772 2473 corpore
804 2442 869 2462 una
900 2433 1082 2463 conclusio:
1120 2432 1243 2463 Conve-

260 2564 535 2606 vDeclaramrque
565 2565 629 2596 hoc
661 2565 781 2605 duplici
812 2564 930 2604 figura:
961 2565 1081 2595 scilicet
1110 2565 1244 2595 transitu

254 2618 326 2642 mm
348 2609 443 2641 lsrael
459 2610 494 2640 in
509 2614 625 2640 terram
647 2609 885 2650 promissionis;
910 2614 941 2639 et
955 2608 1044 2639 Eliae
1059 2609 1093 2639 in
1109 2609 1243 2639 caelum.

360 3134 542 3185 aperiri.
572 3134 626 3172 Illi
660 3134 765 3172 enim
795 3134 992 3184 aperiendi
1026 3142 1114 3172 sunt
1148 3134 1241 3172 caeli

353 3181 385 3233 z
395 3187 463 3237 qui
499 3187 640 3235 indiget
676 3186 813 3224 intrare
850 3186 890 3223 in
925 3188 1093 3233 caelum,
1132 3187 1240 3236 quasi

305 3241 456 3278 caelum
483 3239 656 3277 existens.
686 3240 762 3277 Sed
787 3239 958 3276 Christus
986 3251 1137 3288 semper
1162 3247 1241 3277 erat

251 3293 376 3330 caelo:
405 3293 620 3330 secundum
647 3291 739 3329 illud
766 3293 869 3329 Ioan.
897 3303 929 3328 m
950 3291 989 3328 *ε
1014 3293 1130 3329 Filius
1156 3293 1239 3329 Ho-

271 3345 279 3352 '
319 3347 383 3395 qui
408 3351 458 3383 est
485 3347 522 3382 in
555 3345 668 3383 caelo.
705 3345 806 3392 Ergo
834 3343 984 3381 videtur
1018 3345 1124 3393 quod
1158 3356 1238 3381 non

289 3397 386 3435 erint
412 3398 447 3435 ei
474 3397 567 3435 caeli
595 3396 741 3447 aperiri.

262 3448 539 3504 '‘mmmm-⁷
566 3449 711 3501 apertio
731 3450 925 3487 caelorum
944 3457 1009 3487 aut
1027 3449 1240 3498 intelligitur

823 275 1085 322 QUAESTIO
1113 277 1290 324 XXXIX,
1324 278 1615 315 ARTICULUS
1643 279 1703 325 IV,
1724 279 1758 315 V

976 427 1293 470 ARTICULUS
1324 429 1594 478 QUARTUS

704 519 860 550 UTRUM
884 519 1095 551 CHRISTUS
1118 521 1336 552 DEBUERIT
1360 521 1586 552 BAPTIZARI
1609 521 1652 552 IN
1676 521 1869 552 IORDANE

1140 598 1169 623 In
1189 598 1296 627 Marna„
1316 607 1371 631 cap.
1389 606 1428 624 111.

1307 679 1395 715 Nisi
1420 680 1499 728 quis
1527 685 1675 716 renatus
1700 680 1821 727 suerit
1848 691 1897 716 ex
1923 692 2020 728 aqua
2049 686 2082 716 et
2109 681 2244 729 Spiritu
2274 683 2366 718 San-

1307 737 1375 776 cto,
1397 743 1471 768 non
1494 737 1613 780 potest
1633 733 1786 768 introire
1813 733 1850 768 in
1879 744 2039 781 regnum
2058 734 2139 769 Dei.
2170 733 2230 770 Ad
2259 734 2366 782 quod

1307 783 1421 820 etiam
1448 783 1609 832 pertinet
1627 784 1734 832 quod
1760 784 1860 820 Elias
1889 784 2013 821 divisit
2035 797 2155 834 aquas
2182 786 2363 833 Iordanis,

1306 835 1373 885 qui
1392 833 1408 865 β
1440 843 1518 873 erat
1545 836 1585 873 in
1612 848 1727 873 curru
1755 836 1866 885 igneo
1895 837 2100 886 rapiendus
2128 837 2167 874 in
2195 839 2363 885 caelum,

1306 895 1347 924 ut
1366 888 1502 925 dicitur
1520 889 1570 925 IV
1587 890 1683 939 Reg.
1704 901 1725 926 11
1743 888 1782 926 ³¹²:
1813 889 1903 938 quia
1922 889 2060 927 scilicet
2081 890 2364 928 transeuntibus

1305 952 1374 989 per
1401 953 1543 989 aquam
1570 940 1767 990 baptismi,
1796 954 1865 990 per
1892 942 2019 990 ignem
2048 942 2207 992 Spiritus
2237 943 2364 981 Sancti

1304 1000 1406 1042 patet
1433 993 1557 1030 aditus
1584 993 1624 1030 in
1651 995 1812 1031 caelum.
1842 995 1890 1031 Et
1917 995 2004 1031 ideo
2033 995 2267 1032 conveniens
2294 996 2364 1034 fuit

1304 1053 1346 1081 ut
1374 1045 1547 1082 Christus
1575 1045 1615 1082 in
1642 1047 1802 1083 Iordane
1829 1047 2092 1096 baptizaretur.

1356 1098 1414 1134 An
1442 1110 1576 1135 prunum
1596 1111 1693 1135 ERGO
1712 1111 1892 1136 mcENDUM
1912 1100 2019 1148 quod
2044 1100 2220 1137 transitus
2246 1101 2362 1138 maris

1303 1149 1426 1188 Rubri
1453 1150 1723 1199 praefiguravit
1741 1151 1976 1200 baptismum
2002 1160 2191 1201 quantum
2218 1154 2267 1190 ad
2286 1154 2363 1191 hoc

1303 1203 1411 1251 quod
1439 1203 1650 1252 baptismus
1669 1203 1768 1240 delet
1794 1212 1960 1252 peccata.
1991 1205 2067 1242 Sed
2090 1205 2266 1242 transitus
2284 1207 2361 1243 Ior-

1303 1254 1412 1292 danis
1439 1263 1629 1304 quantum
1657 1256 1705 1292 ad
1733 1257 1808 1293 hoc
1835 1257 1942 1305 quod
1970 1257 2089 1306 aperit
2120 1257 2277 1294 ianuam
2305 1270 2361 1295 re-

1302 1307 1365 1355 gni
1393 1308 1580 1345 caelestis:
1611 1308 1678 1357 qui
1705 1316 1760 1345 est
1786 1308 2030 1358 principalior
2057 1310 2213 1347 effectus
2241 1310 2361 1360 bapti-

1303 1360 1393 1407 smi,
1421 1368 1456 1397 et
1483 1373 1552 1410 per
1579 1362 1706 1397 solum
1735 1361 1931 1398 Christum
1964 1361 2154 1411 impletus.
2198 1363 2246 1399 Et
2272 1362 2360 1400 ideo

1301 1412 1590 1450 convenientius
1608 1413 1676 1450 fuit
1694 1414 1802 1462 quod
1817 1414 1989 1451 Christus
2008 1415 2047 1451 in
2065 1415 2226 1452 Iordane
2241 1427 2361 1464 quam

1301 1465 1341 1502 in
1368 1465 1466 1502 mari
1493 1465 1756 1515 baptizaretur.
2359 1479 2361 1482 ·

1353 1519 1410 1554 An
1438 1530 1627 1556 SECUNDUM
1654 1530 1835 1556 DICENDUM
1868 1520 1975 1568 quod
2006 1519 2046 1557 in
2080 1520 2270 1570 baptismo
2304 1528 2360 1557 est

1300 1582 1480 1613 ascensus
1498 1583 1568 1620 per
1593 1572 1808 1620 profectum
1826 1572 1985 1620 gratiae:
2015 1573 2082 1622 qui
2108 1573 2264 1622 requirit
2286 1573 2358 1611 hu-

1299 1622 1464 1660 militatis
1496 1623 1745 1672 descensum,
1782 1625 1997 1662 secundum
2029 1626 2121 1662 illud
2155 1627 2225 1663 Iac.
2255 1638 2290 1662 1v
2315 1625 2356 1663 ³¹⁸:

1298 1677 1514 1713 Humilihus
1540 1682 1662 1714 autem
1691 1677 1752 1714 dat
1782 1679 1957 1727 gratiam.
2000 1679 2048 1715 Et
2075 1679 2124 1715 ad
2151 1680 2265 1716 talem
2293 1678 2358 1715 de-

1299 1740 1478 1765 scensum
1507 1729 1749 1766 referendum
1778 1737 1833 1766 est
1859 1742 2004 1767 nomen
2030 1731 2212 1768 Iordanis.

1351 1782 1408 1818 AD
1435 1793 1594 1819 TER-non
1627 1793 1809 1819 memnon
1846 1783 1969 1831 quod,
2000 1782 2095 1820 sicut
2122 1785 2357 1831 Augustinus

1298 1833 1398 1878 dicit,
1414 1833 1454 1870 in
1474 1834 1662 1871 Sermone
1677 1834 1722 1871 de
1734 1836 1945 1884 Epiphania
1959 1835 1989 1880 ⁸⁶,
2004 1837 2096 1872 sicut
2113 1842 2223 1873 antea
2237 1851 2357 1888 aquae

1297 1886 1481 1937 Iordanis*
1499 1891 1701 1923 retrorsum
1735 1899 1936 1924 conversae
1952 1889 2128 1936 fuerant,
2156 1893 2206 1926 ita
2232 1892 2355 1938 modo,

1303 1939 1446 1976 Christo
1465 1940 1655 1988 baptizato,
1670 1946 1826 1989 peccata
1844 1946 2046 1978 retrorsum
2066 1953 2244 1980 conversa
2261 1950 2355 1981 sunt.

1351 1992 1422 2028 Vel
1456 1990 1570 2028 etiam
1597 2003 1667 2041 per
1693 1993 1770 2029 hoc
1803 1992 2035 2041 significatur
2069 1994 2196 2043 quod,
2226 2004 2358 2034 contra

1299 2043 1527 2081 descensum
1555 2056 1756 2093 aquarum,
1777 2045 2090 2083 benedictionum
2113 2046 2256 2086 fluvius
2275 2061 2356 2086 sur-

1300 2108 1388 2134 sum
1414 2096 1614 2133 ferebatur.

1353 2209 1379 2243 β)
1398 2211 1451 2243 qui.
1469 2225 1488 2230 —
1506 2211 1612 2242 quando
1633 2211 1670 2236 ΡΙ.

861 2334 1195 2366 Commentaria
1217 2333 1468 2366 Cardinalls
1493 2333 1693 2366 Caietam

1352 2432 1394 2462 Et
1416 2432 1495 2462 scito
1520 2431 1609 2472 quod
1638 2433 1716 2462 ratio
1744 2433 1802 2462 ista
1830 2433 1963 2472 mystica
1986 2438 2041 2463 est.
2072 2433 2140 2463 Nec
2167 2433 2227 2463 alia
2249 2440 2356 2474 potest

267 2471 336 2508 ‘fens
359 2476 428 2517 fuit
448 2482 484 2508 ut
511 2476 658 2508 Christus·
681 2477 713 2507 in
740 2476 883 2507 Iordane
906 2476 1142 2517 baptizaretur:
1169 2476 1244 2516 quia
1297 2475 1386 2506 reddi
1408 2476 1508 2515 magis
1523 2476 1672 2511 litteralis,
1689 2476 1750 2506 nisi
1769 2477 1843 2516 quia
1859 2477 1946 2507 Deus
1962 2477 2056 2516 elegit
2071 2478 2170 2517 magis
2187 2477 2354 2510 Iordanem

262 2521 331 2552 hoe*
346 2520 543 2561 significatur
572 2521 730 2561 ingressus
757 2530 815 2561 per
836 2521 1030 2560 baptismum
1052 2521 1086 2550 in
1108 2529 1244 2560 regnum
1298 2529 1396 2559 quam
1418 2520 1493 2550 alias
1517 2529 1624 2560 aquas.

967 2739 1285 2804 AercULUS
1315 2762 1572 2814 QUINTUS

637 2863 794 2895 UTRUM
818 2863 1007 2895 CHRISTO
1031 2864 1276 2894 BAPTIZATO
1301 2864 1550 2895 DEBUERINT
1575 2863 1702 2894 CAELI
1725 2863 1893 2894 APERIRI

493 2942 567 2974 Infra,
586 2951 632 2975 qu.
649 2950 715 2972 ηπ,
734 2947 780 2968 art.
801 2941 824 2972 5.
843 2943 875 2967 ad
895 2942 925 2974 33
945 2942 975 2967 111
995 2942 1078 2972 Sent„
1098 2943 1156 2967 dist.
1174 2950 1244 2973 xv111,
1264 2948 1309 2967 art.
1329 2941 1354 2973 6,
1373 2942 1423 2975 qu*
1443 2942 1466 2971 3,
1485 2942 1517 2967 ad
1537 2949 1550 2966 2
1557 2950 1564 2973 ;
1585 2942 1642 2967 dist.
1660 2949 1719 2971 xxn,
1739 2949 1783 2973 qu.
1802 2949 1838 2971 111,
1858 2946 1905 2966 art.
1925 2948 1947 2970 1.
1967 2941 1998 2965 ad
2016 2948 2042 2972 4.

1296 3028 1558 3078 corporaliter,
1588 3036 1653 3065 aut
1680 3028 1927 3077 spiritualiter.
1959 3029 2035 3066 Sed
2054 3040 2134 3065 non
2152 3036 2276 3078 potest
2294 3029 2350 3066 in-

1294 3081 1405 3130 telligi
1439 3080 1702 3130 corporaliter:
1740 3081 1831 3129 quia
1865 3093 2027 3130 corpora
2054 3081 2228 3118 caelestia
2261 3089 2350 3119 sunt

1294 3133 1539 3183 impassibilia
1566 3141 1602 3170 et
1629 3132 1888 3181 infrangibilia,
1916 3134 2131 3170 secundum
2157 3133 2251 3171 illud
2279 3136 2349 3182 Iob

1293 3198 1410 3223 xxxvn
1428 3185 1465 3222 *ε
1500 3188 1556 3223 Tu
1573 3187 1737 3234 forsitan
1756 3187 1967 3234 fabricatus
1985 3198 2022 3223 es
2049 3187 2182 3233 caelos,
2203 3189 2268 3236 qui
2290 3200 2348 3224 so·
2377 3198 2386 3207 ·
2423 3203 2435 3218 e

1272 3239 1460 3276 'lidissimi
1485 3240 1590 3287 quasi
1615 3250 1702 3275 aere
1726 3240 1811 3286 susi
1834 3244 1851 3260 ‘²
1877 3239 1995 3276 sunt?
2029 3238 2207 3276 Similiter
2234 3239 2348 3277 etiam

1293 3303 1364 3328 nec
1390 3298 1514 3340 potest
1531 3290 1683 3339 intelligi
1710 3291 1964 3340 spiritualiter:
1995 3291 2085 3340 quia
2103 3299 2190 3328 ante
2215 3294 2348 3330 oculos

1293 3343 1375 3380 Filii
1411 3343 1483 3380 Dei
1519 3343 1611 3380 caeli
1648 3351 1757 3380 antea
1784 3344 1901 3381 clausi
1937 3356 2018 3381 non
2049 3344 2206 3381 fuerant.
2245 3345 2346 3394 Ergo
2375 3368 2385 3379 .
2422 3375 2434 3390 a

1292 3396 1602 3433 inconvenienter
1620 3396 1770 3433 videtur
1796 3396 1869 3434 dici
1893 3397 1999 3446 quod
2026 3397 2214 3447 baptizato
2239 3397 2357 3436 Chri·v
2374 3401 2401 3442 {a

1293 3457 1349 3486 sto
1378 3450 1497 3498 aperti
1511 3450 1671 3497 suerunt
1689 3447 1704 3478 β
1731 3449 1826 3487 caeli
1841 3449 1871 3486 ²¹².

1344 3563 1369 3596 β)
1382 3565 1505 3596 suerunt.
1522 3577 1542 3583 -
1559 3564 1584 3589 ei
1601 3565 1671 3589 addit
1689 3564 1770 3590 tertia.

2393 899 2403 910 ’
2417 899 2483 921 Vei-s.
2498 905 2511 927 7
2524 906 2576 928 sqq.

2387 1630 2396 1639 ⁴
2409 1629 2476 1651 Vers.
2491 1630 2513 1651 6.

2385 1844 2394 1853 ⁸
2404 1843 2477 1864 Serm.
2488 1843 2516 1870 X,
2528 1844 2557 1864 al.
2565 1844 2596 1865 de

2384 1869 2409 1891 S.
2426 1869 2472 1897 Epi
2486 1870 2508 1891 11⁴
2528 1870 2566 1891 111.
2582 1882 2594 1886 -

2383 1896 2447 1944 {ili-gest:
2481 1902 2519 1924 pp.
2536 1898 2594 1918 Am-
