2872 3970
4 163 19 185 ᾳ
0 78 17 149 *³³25ae

17 2220 23 2230 1

39 980 41 982 -
79 965 234 1008 aar·

27 1046 102 1074 ἓῙδΙά
139 1056 182 1078 cap
210 1057 224 1071 v

66 1066 120 1104 4‘:
141 1077 165 1099 S.
186 1066 232 1098 ²th

52 1108 122 1126 ·-¹V.

36 2186 233 2211 s.·1·h.1ect.xv=n.-

43 2213 74 2236 ἀ.
84 2213 231 2242 ¹ib.1v‚c·p.

14 2260 17 2274 ὃ
37 2246 70 2268 vr,
83 2246 107 2262 n.
124 2248 142 2263 ι.

26 3102 28 3104 ¹
48 3115 84 3138 Cf.
97 3122 162 3144 eorp-
177 3121 219 3138 art.

937 271 1198 318 QUAESTIO
1227 271 1327 317 VIII,
1356 270 1648 308 ARTICULUS
1676 273 1756 308 VIII

261 360 336 381 nem
355 350 398 387 >ad
414 357 475 381 tres
499 351 698 381 conditiones
722 351 841 390 capitiS,
858 350 976 380 scilicet
999 350 1153 386 ordinem,
1170 350 1317 379 virtutem

263 400 293 425 et
315 394 555 434 perfectionem.
579 395 620 425 Et
634 401 803 434 propterea
822 395 854 424 in
871 394 972 424 littera
993 395 1145 434 probatur
1167 402 1319 432 processu

262 438 411 468 divisivo:
432 439 475 468 sic
492 438 580 478 quod
596 439 700 478 primo
726 438 878 477 repetitur
896 438 1085 468 trimembris
1101 447 1137 467 ac
1161 436 1319 466 sufficiens

262 481 374 512 divisio
391 481 613 512 conditionum
629 481 806 512 secundum
819 490 954 521 quarum
970 481 1208 512 similitudinem
1225 485 1320 519 caput

262 524 375 555 dicitur
397 526 430 555 in
453 527 546 556 sacris
562 526 670 556 litteris
689 526 836 566 mystice;
857 524 970 555 deinde
987 524 1124 555 excludit
1140 523 1320 563 singillatim

262 568 327 599 duo
343 569 494 603 membra,
519 569 637 599 scilicet
655 569 831 599 secundum
848 568 1002 604 ordinem,
1021 574 1051 598 et
1067 567 1244 598 secundum
1259 567 1320 596 vir-

261 618 363 643 tutem
379 618 443 642 tam
459 614 543 644 intus
559 622 656 652 quam
673 619 774 649 extra;
795 619 826 643 et
841 613 884 642 sic
897 612 1060 643 concludit
1075 613 1204 642 tertium
1219 620 1320 641 mem-

262 657 365 692 brum,
389 657 508 687 scilicet
530 656 708 686 secundum
731 656 971 696 perfectionem.

317 700 396 736 Ubi,
421 701 496 739 quia
518 710 685 740 processus
716 701 797 730 clare
823 706 910 740 patet
932 700 966 730 in
988 700 1098 734 littera,
1129 704 1206 729 nota
1232 698 1321 738 quod

262 743 400 780 Auctor,
431 744 504 774 licet
528 750 657 784 quaerat
687 754 727 774 an
750 744 960 774 Antichristus
991 745 1029 774 sit
1053 749 1148 784 caput
1174 744 1320 773 omnium

261 787 420 818 malorum
442 788 622 823 hominum,
647 788 722 827 quia
737 793 844 818 tamen
864 788 927 818 hoc
943 798 981 818 ex
997 788 1182 818 auctoritate
1199 792 1321 816 constat

246 831 306 869 ,sic
329 840 407 866 esse,
431 831 601 871 respondet
625 831 664 861 ad
679 831 711 861 id
735 831 824 871 quod
840 837 886 862 est
902 832 1075 862 obscurum
1096 832 1128 861 in
1144 832 1207 861 hoc
1224 840 1320 870 quae-

261 875 332 911 sito,
356 875 475 905 scilicet
499 885 562 915 qua
585 875 706 905 ratione
730 876 769 905 sit
793 881 888 915 caput
907 876 1054 906 omnium
1069 876 1239 905 hominum
1254 884 1321 904 ma-

260 919 383 949 lorum:
409 925 439 949 et
463 919 537 950 dicit
560 919 651 958 quod
672 920 793 950 ratione
817 919 1030 959 perfectionis.
1054 919 1122 949 Nec
1145 920 1207 949 hoc
1231 928 1321 948 exor-

260 963 338 993 bitat
360 963 398 992 ab
422 968 503 993 arte:
528 964 692 1003 quoniam,
717 969 752 994 ut
767 969 854 1003 patet
869 964 895 994 ΙΙ
911 964 1033 994 Poster.
1050 964 1076 999 ἡ
1102 963 1206 993 omnis
1223 972 1320 1002 quae-

261 1007 321 1036 stio
345 1011 391 1037 est
414 1008 558 1046 quaestio
575 1007 688 1042 medii;
713 1012 837 1037 constat
852 1013 959 1037 autem
981 1007 1068 1048 quod
1089 1006 1166 1047 quid
1183 1011 1231 1036 est
1253 1016 1320 1036 esse

260 1049 403 1080 medium
422 1050 461 1080 ad
477 1060 608 1081 omnem
624 1051 845 1091 quaestionem
860 1050 1046 1082 solvendam
1060 1052 1094 1086 4';
1118 1051 1197 1080 ratio
1214 1055 1320 1080 autem

261 1103 324 1134 qua
347 1094 557 1125 Antichristus
590 1100 636 1125 est
660 1101 756 1136 caput
786 1096 932 1126 omnium
960 1095 1135 1128 malorum,
1167 1099 1213 1124 est
1235 1094 1322 1134 quod

260 1138 337 1178 quid
359 1143 406 1168 est
428 1147 495 1168 esse
519 1139 627 1178 capitis
651 1139 683 1169 in
707 1139 901 1170 Antichristo
925 1144 1071 1178 respectu
1092 1138 1238 1168 omnium
1254 1148 1320 1168 ma-

260 1182 376 1212 lorum.

316 1225 494 1256 Confirmat
517 1232 624 1257 autem
647 1227 748 1257 littera
767 1228 1008 1257 conclusionem
1024 1227 1141 1256 illatam
1158 1236 1195 1256 ex
1211 1231 1321 1256 aucto-

259 1269 348 1300 ritate
370 1269 512 1300 Glossae.
538 1270 644 1307 Quam
660 1271 754 1300 etiarn
770 1270 915 1306 declarat,
931 1271 1046 1300 tollens
1062 1270 1176 1300 falsum
1192 1279 1320 1300 sensum

260 1313 316 1353 qui
339 1319 447 1353 posset
470 1323 508 1344 ex
530 1314 583 1344 illa
606 1315 717 1354 accipi.
741 1315 782 1344 Et
805 1315 886 1344 clare
910 1319 1019 1354 patent
1043 1315 1160 1347 omnia.

314 1357 355 1387 Et
378 1357 509 1388 demum
532 1357 668 1388 declarat
691 1368 757 1398 quo
773 1364 868 1398 pacto
891 1359 967 1388 mali
988 1359 1110 1398 priores
1125 1358 1320 1388 Antichristo

260 1401 437 1431 secundum
460 1407 587 1441 tempus
611 1411 644 1432 se
667 1402 784 1432 habent
807 1401 847 1432 ad
870 1403 992 1442 ipsum,
1020 1402 1139 1432 scilicet
1162 1406 1198 1431 ut
1220 1400 1321 1441 figura

260 1444 435 1485 quaedam:
471 1451 506 1475 ut
539 1455 576 1475 ex
609 1445 723 1476 Glossa
757 1456 852 1486 super
883 1446 978 1482 illud,
1014 1446 1099 1476 Nam
1132 1446 1320 1486 mysterium

259 1489 324 1519 iam
348 1493 503 1529 operatur
525 1489 711 1530 iniquitatis,
736 1489 820 1520 dicit.
852 1490 915 1520 Ubi
937 1490 1115 1530 perspicere
1138 1495 1230 1529 potes
1254 1499 1320 1519 esse

259 1533 341 1563 inter
363 1533 592 1563 Antichristum
617 1539 648 1563 et
671 1534 749 1564 alios
768 1534 869 1564 malos
892 1535 998 1574 ipsum
1014 1533 1237 1573 praecedentes
1253 1543 1321 1563 non

260 1577 366 1606 solum
384 1577 562 1616 simplicem
577 1577 796 1608 habitudinem
811 1577 943 1618 perfecti
960 1577 999 1607 ad
1014 1577 1228 1617 imperfectOS,
1246 1578 1321 1616 quia

259 1620 313 1650 ille
335 1620 566 1660 perfectionem
587 1622 692 1652 omnis
707 1622 854 1657 malitiae,
878 1622 928 1652 isti
943 1623 1050 1652 minus
1065 1621 1156 1651 mali:
1181 1621 1237 1651 sed
1253 1631 1320 1651 esse

259 1664 356 1694 talem
370 1665 506 1695 modum
521 1665 712 1696 habitudinis
727 1665 986 1705 imperfectionis,
1004 1675 1070 1705 quo
1087 1665 1205 1696 scilicet
1220 1664 1321 1704 figura

261 1713 308 1738 est
329 1708 545 1748 imperfectior
568 1708 713 1748 figurato.
741 1709 787 1739 Ita
810 1709 899 1749 quod
921 1710 1132 1739 Antichristus
1155 1714 1202 1739 est
1225 1715 1321 1749 caput

260 1750 518 1792 praecedentium
548 1753 706 1783 malorum
736 1754 857 1783 ratione
888 1753 1091 1793 perfectionis
1122 1758 1152 1782 et
1183 1753 1257 1792 quia
1287 1753 1320 1783 in

259 1797 331 1836 ipso
356 1801 402 1826 est
424 1796 591 1836 plenitudo
615 1797 769 1832 malitiae,
797 1798 830 1827 in
854 1797 920 1826 aliis
944 1806 1014 1836 pars
1038 1797 1142 1836 aliqua
1166 1797 1319 1832 malitiae;

260 1846 292 1870 et
314 1840 389 1880 quia
411 1840 479 1880 ipse
503 1846 550 1870 est
572 1846 608 1871 ut
630 1842 742 1871 veritas
765 1841 919 1876 malit-iae,
950 1840 995 1870 illi
1022 1846 1058 1870 ut
1084 1840 1184 1880 figura
1215 1845 1319 1870 tantae

260 1883 384 1915 futurae
407 1885 553 1915 malitiae.
578 1885 619 1914 Et
641 1890 809 1924 propterea
832 1883 946 1914 dicitur
969 1884 1100 1924 operari
1123 1884 1187 1914 iam
1203 1889 1320 1924 myste-

260 1928 344 1959 rium
367 1928 565 1969 iniquitatis:
588 1929 663 1968 quia
684 1929 787 1968 iniqui
810 1933 982 1968 operantur
996 1928 1116 1958 malum
1132 1937 1199 1958 non
1215 1928 1321 1958 solum

259 1971 437 2003 secundum
460 1982 510 2008 se,
542 1972 597 2003 sed
622 1978 659 2002 ut
684 1972 785 2012 figura
811 1972 947 2002 malitiae
974 1973 1023 2002 sui
1049 1973 1169 2012 capitis.
1205 1972 1320 2012 Figura

260 2016 345 2046 enim
364 2017 549 2057 mysterium
566 2022 612 2046 est
635 2022 780 2056 respectu
797 2016 936 2056 figurati:
962 2022 993 2046 et
1008 2015 1178 2055 figuratum
1196 2017 1320 2056 operari

260 2059 389 2096 dicitur,
413 2069 481 2090 non
505 2059 682 2090 secundum
706 2070 755 2095 se,
787 2060 842 2090 sed
872 2059 1050 2090 secundum
1074 2069 1106 2089 se
1130 2059 1318 2100 figurantes,

259 2103 389 2144 quando
400 2104 439 2134 ad
450 2105 556 2144 ipsum
567 2103 770 2144 figurandum
782 2109 963 2144 operantur,
974 2109 1010 2134 ut
1022 2104 1178 2143 contingit
1189 2103 1318 2143 quando

258 2148 335 2179 mali
356 2148 466 2188 inique
489 2153 597 2188 agunt.

314 2192 479 2230 Memento
494 2192 546 2222 hic
562 2192 723 2222 doctrinae
739 2197 887 2232 acceptae
902 2193 935 2222 in
951 2192 980 2221 V
995 2192 1175 2232 Metaphys.
1186 2193 1212 2228 ὓ,
1230 2191 1319 2232 quod

259 2235 437 2276 perfectum
453 2241 484 2266 et
498 2235 721 2276 imperfectum
736 2235 951 2266 transferimus
967 2236 1062 2266 etiam
1077 2235 1116 2266 ad
1131 2236 1223 2271 mala,
1241 2236 1318 2266 dum

260 2278 395 2310 dicimus
417 2279 595 2320 perfectum
618 2280 790 2315 latronem,
823 2285 854 2310 et
876 2279 1054 2319 perfectum
1076 2286 1263 2320 tyrannum,
1289 2286 1320 2310 et

259 2323 453 2354 huiusmodi.
490 2324 541 2354 Sic
571 2333 711 2364 namque
741 2323 793 2354 hic
823 2323 958 2354 dicimus
988 2324 1217 2354 Antichristum
1251 2334 1318 2354 esse

260 2372 356 2408 caput
377 2368 498 2398 ratione
521 2367 742 2408 perfectionis:
768 2368 843 2407 quia
865 2368 984 2398 scilicet
1007 2367 1145 2407 perfecte
1161 2369 1272 2398 malus.

314 2412 351 2442 112
376 2411 522 2442 Occurrit
544 2412 596 2442 hic
620 2411 764 2447 dubium,
788 2421 829 2441 an
852 2411 1063 2441 Antichristus
1087 2411 1201 2442 dicitur
1223 2418 1319 2452 caput

261 2456 407 2486 omnium
430 2456 588 2486 malorum
619 2461 683 2486 tam
711 2455 906 2487 daemonum
937 2464 1034 2495 quam
1060 2456 1246 2486 hominum:
1279 2466 1319 2486 an

259 2500 430 2530 hominurn
452 2505 586 2540 tantum.
615 2500 656 2530 Et
679 2505 725 2530 est
747 2500 827 2530 ratio
851 2499 940 2530 dubii
963 2500 1037 2539 quia
1058 2500 1091 2530 in
1113 2500 1214 2530 littera
1236 2510 1319 2530 nun-

260 2552 357 2583 quam
379 2543 610 2584 restringuntur
624 2545 767 2574 membra
781 2544 966 2574 Antichristi
982 2542 1020 2573 ad
1036 2544 1138 2574 malos
1154 2544 1317 2575 homines:

261 2586 316 2618 sed
339 2587 482 2618 absolute
506 2586 621 2618 dicitur
643 2594 740 2628 caput
761 2587 931 2618 malorum.

315 2630 365 2666 Et,
389 2630 479 2671 quod
501 2631 574 2671 plus
597 2636 653 2667 est,
677 2631 755 2662 dum
779 2632 812 2661 in
828 2631 930 2662 littera
945 2631 1182 2671 distinguuntur
1197 2633 1320 2663 articuli

259 2675 354 2705 huius
378 2675 581 2715 quaestionis,
605 2680 679 2715 post
701 2676 842 2706 locatum
866 2676 1033 2706 articulum
1058 2677 1244 2716 septimum,
1268 2678 1318 2707 An

260 2718 407 2749 diabolus
429 2719 472 2749 sit
492 2724 589 2759 caput
611 2719 752 2750 omnium
776 2720 946 2755 malorum,
970 2719 1108 2750 locando
1127 2721 1213 2751 hunc
1233 2726 1319 2751 octa-

259 2772 337 2793 vum
349 2762 471 2793 dicitur:
483 2764 534 2793 An
546 2763 759 2794 Antichristus
771 2764 866 2794 etiam
875 2763 981 2804 possit
995 2764 1059 2794 dici
1069 2769 1166 2804 caput
1177 2765 1319 2795 omnium

260 2807 430 2837 malorum.
454 2807 528 2842 Ubi,
547 2807 740 2847 apponendo
757 2807 789 2848 ly
804 2807 909 2844 etiam,
934 2807 1072 2838 ostendit
1089 2808 1177 2848 quod
1193 2808 1232 2838 ad
1249 2819 1319 2839 eos-

261 2851 335 2881 dem
358 2860 470 2881 omnes
492 2851 594 2881 malos
624 2850 718 2881 refert
740 2851 969 2882 Antichristum
1000 2851 1039 2882 ad
1062 2861 1144 2892 quos
1171 2853 1319 2883 retulerat

261 2894 433 2925 diabolum.
469 2894 603 2925 Constat
633 2900 739 2925 autem
769 2894 932 2925 diabolum
958 2905 1026 2926 esse
1053 2901 1149 2936 caput
1172 2897 1319 2927 omnium

259 2939 418 2969 malorum
441 2943 506 2968 tam
525 2938 721 2969 daemonum
743 2948 840 2978 quam
855 2939 1034 2970 hominum.
1059 2939 1144 2980 Ergo
1160 2941 1319 2971 Antichri-

260 2988 326 3013 stus
349 2983 445 3014 etiam
468 2982 526 3012 erit
549 2987 645 3022 caput
668 2983 853 3013 eorundem.

314 3026 356 3056 Et
386 3025 591 3057 confirmatur
625 3027 746 3056 ran'one
776 3036 814 3057 ex
843 3027 1028 3058 auctoritate
1061 3027 1194 3059 Glossae
1222 3029 1248 3058 ΙΙ
1276 3029 1319 3059 ad

265 3070 369 3101 Thess.
394 3080 432 3100 11:
464 3069 554 3100 Sicut
580 3070 612 3100 in
644 3070 771 3100 Christo
795 3071 963 3111 plenitudo
994 3070 1183 3107 divinitatis,
1213 3073 1256 3102 ita
1285 3073 1317 3102 in

260 3114 455 3144 Antichristo
466 3113 635 3154 plenitudo
651 3114 794 3144 malitiae
804 3115 831 3144 ἦ
856 3114 888 3145 Si
905 3115 990 3145 enim
1005 3115 1038 3144 in
1052 3115 1247 3146 Antichristo
1263 3117 1317 3146 ha-

261 3158 370 3188 bitabit
391 3157 558 3198 plenitudo
574 3158 710 3188 malitiae
725 3157 874 3194 Luciferi,
891 3159 1032 3198 sequitur
1055 3159 1144 3199 quod
1168 3161 1224 3190 erit
1247 3169 1317 3200 per-

261 3201 374 3232 fecn'or
395 3202 429 3232 in
451 3202 569 3232 malitia
591 3211 688 3242 quam
704 3202 902 3242 quicumque
924 3203 975 3233 alii
1001 3203 1076 3233 mali
1099 3209 1164 3233 tam
1188 3204 1316 3233 daemo-

261 3255 317 3276 nes
341 3254 438 3285 quam
460 3246 617 3276 homines.
653 3246 693 3275 Et
716 3251 949 3286 consequenter
975 3252 1021 3280 est
1051 3253 1164 3287 eaput,
1196 3248 1316 3277 ratione

261 3288 481 3329 perfectionis,
509 3295 573 3319 tam
597 3289 791 3320 daemonum
822 3299 918 3330 quam
948 3291 1117 3321 hominum
1147 3291 1314 3321 malorum.

2359 271 2428 320 137

1428 350 1462 379 In
1487 351 1674 393 oppositum
1698 356 1744 380 est
1776 356 1806 380 et
1829 352 1903 390 quia
1927 352 2097 381 absurdum
2122 358 2167 382 est
2197 362 2317 392 ponere
2341 353 2433 382 Anti-

1373 394 1525 423 christum
1550 400 1645 433 caput
1669 393 1872 424 daemonum.

1429 437 1470 467 Et
1493 438 1567 476 quia
1590 438 1811 473 Antichristus,
1836 448 1910 468 cum
1934 440 1972 468 sit
1991 440 2091 468 viator
2114 449 2221 478 purus,
2239 450 2305 469 non
2328 446 2433 480 potest

1373 481 1453 520 poni
1477 487 1572 520 caput
1599 482 1756 511 malorum
1781 482 1812 511 in
1836 483 1983 518 termino,
2009 483 2116 522 quales
2140 490 2212 513 sunt
2243 483 2431 514 daemones:

1374 533 1449 554 cum
1465 525 1597 564 quilibet
1621 524 1796 558 damnatus,
1813 531 1925 564 utpote
1950 528 2084 556 omnino
2109 528 2247 566 pertinax
2266 534 2296 557 et
2311 527 2433 558 inflexi-

1374 568 1444 597 bilis
1475 568 1514 597 ad
1545 569 1681 603 bonurn,
1713 569 1751 598 sit
1780 569 1871 608 peior
1902 579 2108 609 quocumque
2139 572 2274 607 viatore;
2306 572 2387 601 sicut
2416 581 2433 601 e

1375 617 1485 641 contra
1509 613 1641 651 quilibet
1657 613 1766 642 beatus
1782 613 1896 642 melior
1913 619 1957 642 est
1981 623 2188 653 quocumque
2205 624 2286 654 puro
2304 616 2432 650 viatore,

1374 656 1461 685 iuxta
1486 655 1565 686 illud
1593 656 1702 686 Matth.
1728 657 1800 691 x1*,
1835 656 1899 692 Qui
1925 662 2030 687 autem
2062 658 2169 687 minor
2199 664 2245 688 est
2271 659 2302 688 in
2331 669 2432 700 regno

1374 700 1548 735 caelorum,
1574 700 1680 730 maior
1702 705 1749 730 est
1771 700 1838 734 illo,
1864 701 1981 731 scilicet
2006 701 2123 731 Ioanne
2147 702 2296 741 Baptista.

1430 743 1480 773 111.
1505 743 1556 773 Ad
1577 744 1639 774 hoc
1656 744 1770 774 dicitur
1793 744 1881 783 quod
1898 745 2010 784 procul
2027 745 2124 775 dubio
2141 746 2351 776 Antichristus
2367 757 2433 777 non

1375 793 1421 816 est
1437 793 1532 826 caput
1548 787 1743 817 daemonum
1759 788 1928 823 malorum,
1945 788 1999 819 sed
2015 789 2184 819 hominurn
2200 795 2332 820 tanturn.
2350 790 2434 827 Quia

1374 840 1434 861 nec
1458 831 1586 866 ordine,
1611 841 1670 861 nec
1693 832 1824 867 virtute,
1849 841 1908 862 nec
1932 832 2126 872 perfectione
2154 833 2224 863 illos
2249 834 2378 864 excedet
2400 835 2433 864 in

1374 874 1507 905 malitia:
1540 884 1614 905 cum
1638 876 1678 905 sit
1700 875 1825 906 futurus
1852 885 1950 915 purus
1973 877 2089 912 viat0r;
2121 887 2156 907 ac
2184 887 2240 916 per
2263 878 2342 914 hoc,
2366 887 2433 908 non

1374 919 1537 949 habiturus
1564 920 1607 949 ita
1630 919 1746 949 malam
1770 919 1967 950 voluntatem
1994 921 2075 950 sicut
2092 921 2218 960 ¹habent
2244 921 2432 958 daemones,

1375 963 1430 1002 qui
1446 963 1479 992 in
1496 963 1640 1003 quolibet
1656 973 1753 1003 opere
1770 973 1829 993 suo
1846 969 1919 993 sunt
1934 964 2019 999 mali,
2031 964 2110 994 adeo
2127 965 2215 1004 quod
2232 966 2326 995 etiam
2342 972 2434 996 natu-

1374 1006 1489 1036 ralibus
1520 1007 1641 1037 actibus
1671 1013 1839 1047 apponunt
1861 1008 2117 1045 vcircumstantias
2141 1009 2247 1039 malas.
2276 1010 2433 1040 Antichri-

1374 1055 1458 1080 stum
1482 1056 1588 1080 autem
1607 1051 1685 1080 nihil
1712 1052 1860 1091 prohibet
1886 1057 2090 1090 operaturum
2114 1052 2233 1092 aliquid
2257 1053 2295 1083 de
2318 1063 2433 1093 genere

1374 1103 1433 1124 suo
1466 1095 1588 1124 bonum
1619 1095 1686 1124 sine
1716 1095 1799 1125 mala
1829 1096 1933 1135 operis
1965 1096 2211 1126 circumstantia:
2252 1103 2329 1136 puta
2359 1098 2433 1137 quia

1373 1138 1544 1168 honorabit
1567 1144 1729 1177 parentes,
1754 1144 1786 1169 et
1808 1139 2002 1169 huiusmodi.
2035 1140 2127 1170 Unde
2152 1146 2182 1170 et
2205 1141 2353 1179 angelum
2377 1151 2432 1171 cu-

1374 1181 1498 1212 stodem
1522 1182 1658 1218 habebit,
1675 1192 1900 1222 persuasurum
1924 1183 2119 1224 quandoque
2135 1190 2170 1214 ut
2193 1185 2230 1214 ab
2251 1185 2358 1224 aliquo
2379 1185 2433 1215 de-

1374 1226 1460 1255 sistat
1483 1227 1579 1256 malo.

1429 1270 1477 1299 De
1493 1269 1621 1300 diabolo
1638 1276 1745 1300 autem
1766 1270 1851 1301 aliud
1868 1277 1914 1301 est
1930 1271 2100 1302 dicendum
2117 1272 2277 1302 absolute:
2303 1278 2333 1302 et
2348 1273 2433 1302 aliud

1373 1313 1453 1343 infra
1472 1315 1705 1353 expositionem
1723 1316 1895 1354 praesentis
1911 1305 2040 1345 litterae.
2065 1316 2147 1345 Nam
2163 1316 2306 1346 absolute
2322 1326 2432 1347 verum

1374 1363 1420 1387 est
1444 1357 1533 1397 quod
1556 1358 1684 1389 Lucifer
1707 1364 1753 1389 est
1769 1365 1864 1399 caput
1880 1360 2026 1389 omnium
2042 1360 2200 1389 malorum
2223 1365 2287 1389 tam
2304 1360 2433 1390 daemo-

1372 1411 1452 1431 num
1476 1411 1574 1441 quam
1597 1403 1782 1432 hominum:
1816 1402 1903 1442 quod
1928 1403 2018 1433 facile
2042 1403 2156 1434 deduci
2180 1410 2284 1443 potest
2312 1404 2432 1434 utendo

1372 1446 1494 1476 ratione
1518 1447 1643 1486 septimi
1667 1447 1798 1477 articuli.
1824 1447 2008 1477 Secundum
2031 1454 2229 1487 praesentem
2253 1454 2359 1478 autem
2383 1449 2432 1478 lit-

1373 1495 1482 1524 teram,
1508 1490 1652 1520 diabolus
1668 1490 1781 1520 dicitur
1797 1497 1892 1530 caput
1908 1491 2055 1521 omnium
2071 1492 2228 1521 malorum
2245 1493 2431 1522 hominum:

1373 1534 1415 1563 ita
1438 1533 1527 1572 quod
1550 1539 1614 1563 tam
1637 1534 1671 1564 in
1694 1535 1830 1574 septimo
1856 1544 1951 1574 quarn
1968 1536 2000 1564 in
2017 1541 2131 1565 octavo
2148 1536 2279 1565 articulo
2303 1546 2369 1566 non
2386 1542 2432 1566 est

1373 1587 1478 1607 serrno
1502 1578 1562 1607 nisi
1586 1577 1624 1607 de
1647 1578 1738 1608 malis
1761 1579 1954 1608 hominibus.
1991 1579 2031 1608 Et
2053 1579 2085 1619 ly
2109 1579 2256 1610 diabolus
2285 1589 2353 1610 non
2379 1590 2432 1610 su-

1373 1621 1470 1651 mitur
1492 1630 1550 1661 pro
1575 1622 1683 1661 aliquo
1708 1631 1774 1652 uno
1799 1622 1926 1652 diabolo
1951 1623 2037 1658 solo,
2067 1623 2122 1653 sed
2144 1633 2203 1662 pro
2226 1629 2296 1653 toto
2321 1623 2431 1654 ordine

1373 1665 1550 1695 diabolico:
1574 1666 1635 1701 vel,
1659 1666 1783 1701 melius,
1807 1676 1866 1706 pro
1886 1666 2035 1696 Lucifero
2052 1672 2087 1696 ut
2103 1668 2245 1697 continet
2260 1673 2364 1697 totum
2381 1677 2432 1698 or-

1374 1708 1480 1738 dinem
1504 1709 1707 1739 diabolicum.
1732 1710 1777 1739 Ita
1800 1709 1889 1749 quod
1905 1719 2014 1740 sensus
2031 1717 2078 1740 est
2093 1711 2182 1750 quod
2198 1711 2352 1747 diabolus,
2369 1712 2432 1741 hoc

1374 1758 1429 1788 est,
1443 1752 1571 1782 Lucifer
1587 1762 1661 1783 curn
1673 1754 1747 1788 suis,
1760 1753 1809 1783 vel
1823 1753 1902 1783 ordo
1919 1753 2104 1790 diabolicus,
2118 1760 2163 1784 est
2175 1761 2270 1794 caput
2286 1756 2432 1785 omnium

1373 1796 1532 1826 malornm
1555 1797 1735 1826 hominum.
1763 1797 1803 1826 Et
1826 1797 1900 1827 huic
1924 1799 2029 1827 sensui
2046 1804 2228 1828 attestantur
2243 1799 2432 1829 tentationes

1373 1840 1553 1875 hominurn,
1579 1849 1660 1880 quae
1684 1850 1751 1870 non
1775 1841 1812 1870 ab
1837 1841 1945 1880 aliquo
1969 1851 2036 1871 uno
2060 1842 2188 1872 diabolo
2212 1842 2303 1872 fiunt.

1428 1883 1521 1913 Unde
1545 1890 1631 1923 patet
1653 1885 1820 1924 responsio
1844 1885 1883 1914 ad
1906 1884 1983 1915 duas
2007 1886 2123 1925 primas
2147 1887 2354 1916 obiectiones.

1428 1927 1479 1957 Ad
1502 1928 1626 1958 tertiam
1649 1933 1756 1958 autem
1781 1928 1894 1959 dicitur
1918 1929 2007 1968 quod
2030 1930 2062 1959 in
2086 1930 2280 1960 Antichristo
2303 1931 2434 1970 ponitur

1373 1971 1539 2010 plenitudo
1559 1972 1695 2002 malitiae
1719 1982 1786 2003 non
1802 1973 1995 2012 simpliciter,
2012 1983 2072 2003 nec
2096 1973 2250 2010 Luciferi,
2275 1974 2330 2004 sed
2353 1974 2433 2004 inter

1373 2015 1536 2045 homines:
1562 2025 1598 2046 ea
1621 2017 1742 2046 ratione
1767 2017 1842 2056 quia
1866 2017 1897 2046 in
1915 2027 1954 2046 eo
1974 2023 2020 2047 est
2044 2017 2198 2053 diabolus,
2216 2018 2278 2048 hoc
2295 2023 2351 2054 est,
2368 2018 2433 2049 dia-

1373 2059 1496 2089 bolicus
1521 2059 1611 2095 ordo,
1636 2059 1814 2090 secundum
1836 2061 1969 2101 plenum
1993 2061 2142 2091 effectum
2165 2062 2311 2092 malitiae.

1428 2103 1479 2132 IV.
1505 2103 1539 2133 In
1563 2105 1824 2143 responsionibus
1848 2104 1887 2138 ad
1910 2105 2049 2144 primum
2074 2111 2104 2135 et
2127 2105 2303 2136 secundum
2327 2107 2431 2142 simul,

1372 2146 1507 2176 dubium
1530 2148 1680 2183 occurrit,
1709 2148 1783 2187 quia
1806 2149 1839 2178 in
1862 2150 2071 2188 responsione
2095 2149 2134 2179 ad
2157 2150 2296 2189 primum
2320 2150 2434 2180 dicitur

1372 2190 1535 2220 diabolum
1560 2197 1591 2221 et
1612 2192 1842 2222 Antichristum
1866 2202 1930 2222 non
1947 2202 2015 2223 esse
2032 2193 2096 2224 duo
2116 2194 2231 2233 capita,
2255 2194 2311 2224 sed
2334 2204 2432 2224 unum

1372 2239 1487 2274 caput:
1517 2236 1549 2264 in
1573 2236 1780 2275 responsione
1804 2242 1911 2266 autem
1938 2236 1977 2267 ad
1999 2237 2176 2268 secundum
2207 2237 2320 2268 dicitur
2342 2239 2433 2268 Anti-

1372 2279 1523 2308 christum
1547 2289 1614 2309 esse
1637 2279 1810 2310 membrum
1834 2280 1964 2310 diaboli.
1989 2281 2077 2311 Haec
2102 2282 2187 2311 enim
2210 2282 2269 2311 sibi
2295 2283 2431 2312 invicem

1371 2322 1583 2353 adversantur.
1609 2323 1702 2361 Quia,
1727 2324 1752 2353 si
1775 2323 1986 2354 Antichristus
2017 2330 2064 2355 est
2093 2326 2274 2355 membrum
2298 2325 2430 2362 diaboli,

1372 2372 1499 2406 oportet
1523 2367 1686 2397 diabolum
1711 2374 1777 2397 esse
1797 2373 1893 2407 caput
1907 2369 2101 2399 Antichristi.
2126 2370 2174 2399 Ac
2197 2379 2254 2408 per
2276 2370 2348 2405 hoc,
2365 2370 2431 2399 An-

1371 2411 1530 2441 tichristus
1553 2417 1599 2441 est
1623 2417 1718 2451 caput
1734 2411 1975 2442 subordinatum
1991 2413 2093 2443 altiori
2109 2414 2214 2453 capiti,
2234 2414 2351 2443 scilicet
2367 2413 2431 2443 dia-

1371 2455 1459 2485 bolo.
1485 2455 1525 2484 Et
1548 2456 1592 2485 sic
1615 2456 1826 2486 Antichristus
1850 2461 1880 2486 et
1903 2456 2047 2487 diabolus
2071 2463 2144 2487 sunt
2167 2457 2232 2487 duo
2256 2458 2367 2496 capita.

1426 2499 1478 2529 Ad
1501 2500 1563 2529 hoc
1587 2499 1701 2530 dicitur
1724 2500 1813 2539 quod
1837 2500 1981 2530 diabolus
2007 2506 2113 2540 potest
2136 2500 2303 2540 dupliciter
2326 2502 2430 2531 consi-

1373 2543 1488 2574 derari:
1514 2543 1642 2579 scilicet,
1663 2543 1839 2574 secundum
1863 2554 1912 2580 se3
1936 2544 1986 2574 vel
2009 2550 2045 2574 ut
2060 2545 2155 2574 estin
2170 2545 2372 2575 Antichristo.
2397 2545 2430 2575 Si

1372 2587 1549 2618 secundum
1573 2597 1616 2623 se,
1641 2588 1685 2617 sic
1708 2588 1918 2618 Antichristus
1942 2594 1973 2618 et
1989 2588 2133 2618 diabolus
2148 2594 2221 2618 sunt
2237 2588 2300 2618 duo
2318 2589 2429 2628 capita,

1373 2641 1511 2671 quorum
1535 2641 1638 2661 unum
1661 2630 1885 2661 subordinatur
1907 2632 1969 2667 alii,
1994 2632 2112 2662 scilicet
2135 2633 2344 2662 Antichristus
2364 2631 2429 2662 dia-

1372 2676 1465 2706 bolo:
1491 2681 1522 2705 et
1544 2676 1607 2705 hoc
1631 2675 1706 2705 dicit
1728 2676 1894 2715 responsio
1914 2675 1952 2705 ad
1972 2676 2157 2706 secundum.
2183 2676 2214 2706 Si
2231 2681 2335 2705 autem
2352 2685 2430 2706 con-

1372 2719 1524 2750 sideretur
1540 2719 1684 2749 diabolus
1700 2724 1736 2749 ut
1752 2725 1797 2749 est
1809 2720 1841 2749 in
1853 2719 2058 2755 Antichristo,
2071 2720 2115 2750 sic
2131 2720 2225 2749 ambo
2238 2725 2311 2748 sunt
2326 2729 2428 2750 unum

1372 2769 1482 2804 caput:
1509 2769 1539 2792 et
1562 2763 1606 2793 sic
1629 2762 1808 2793 verificatur
1830 2764 1996 2802 responsio
2021 2763 2060 2793 ad
2083 2764 2251 2806 primum.¹

1426 2807 1495 2842 Vel,
1520 2812 1550 2836 et
1573 2807 1697 2841 melius,
1721 2806 1930 2846 respondetur
1953 2806 2041 2846 quod
2065 2806 2208 2836 diabolus
2225 2812 2255 2835 et
2270 2806 2428 2837 Antichri-

1372 2858 1437 2882 stus
1461 2851 1627 2891 dupliciter
1650 2849 1840 2880 considerari
1862 2855 2006 2889 possunt.
2042 2850 2165 2885 Primo,
2196 2850 2229 2879 in
2254 2849 2365 2880 ordine
2388 2850 2428 2880 ad

1371 2894 1608 2926 multitudinem
1631 2894 1789 2923 malorum
1813 2894 1998 2928 hominurn,
2030 2892 2068 2922 de
2095 2893 2212 2932 quibus
2239 2899 2285 2924 est
2311 2903 2425 2924 sermo.

1372 2940 1412 2969 Et
1438 2940 1482 2969 sic
1509 2938 1603 2968 ambo
1635 2942 1708 2967 sunt
1738 2942 1834 2976 caput
1859 2946 1962 2966 unum
1989 2937 2131 2976 corporis
2157 2938 2262 2967 unius.
2297 2938 2338 2967 Et
2363 2938 2426 2968 hoc

1372 2983 1487 3013 directe
1514 2981 1648 3012 intendit
1673 2982 1839 3020 responsio
1866 2980 1905 3010 ad
1931 2981 2086 3020 primum,
2119 2980 2196 3011 dum
2227 2981 2292 3011 duo
2324 2982 2427 3021 capita

1370 3028 1465 3057 unius
1488 3032 1519 3056 et
1542 3024 1839 3055 eiusdemsomnino
1860 3024 2001 3063 corporis
2016 3025 2139 3064 mystici
2156 3024 2302 3055 excludit.
2325 3043 2349 3047 -
2371 3025 2426 3055 Se-

1371 3070 1487 3105 cundo,
1512 3068 1750 3100 considerantur
1771 3068 1851 3098 inter
1874 3077 1916 3098 se.
1941 3068 1981 3098 Et
1996 3068 2039 3098 sic
2056 3068 2264 3098 Antichristus
2280 3074 2425 3108 respectu

1370 3114 1487 3145 diaboli
1511 3118 1557 3143 est
1580 3112 1775 3147 membrum,
1808 3111 1952 3141 diabolus
1979 3117 2085 3142 autem
2111 3117 2206 3152 caput
2230 3113 2312 3142 eius:
2345 3113 2426 3143 sicut

1370 3159 1459 3188 Deus
1489 3161 1585 3197 caput
1609 3156 1737 3186 Christi.
1769 3155 1854 3185 Cum
1882 3165 1948 3195 quo
1976 3161 2035 3185 stat
2059 3155 2147 3195 quod
2175 3162 2319 3195 respectu
2342 3157 2426 3186 mul-

1370 3201 1511 3232 titudinis
1534 3201 1691 3230 malorum
1711 3200 1879 3229 hominum
1903 3200 2112 3229 Antichristus
2129 3205 2174 3229 est
2193 3206 2297 3239 caput.
2322 3200 2363 3230 Et
2381 3201 2425 3230 sic

1370 3245 1578 3276 Antichristus
1602 3249 1648 3274 est
1667 3249 1762 3283 caput
1778 3242 2020 3273 subordinatum
2035 3243 2136 3274 altiori
2153 3244 2256 3283 capiti,
2281 3244 2336 3283 qui
2360 3243 2424 3274 dia-

1369 3289 1461 3319 bolus
1485 3293 1539 3318 est.
1564 3288 1604 3317 Et
1628 3288 1689 3317 hoc
1714 3286 1789 3317 dicit
1811 3288 1975 3326 responsio
2000 3287 2038 3317 ad
2062 3287 2247 3317 secundum.

402 3621 510 3646 Sumam
529 3622 629 3647 Tutor..
650 3622 680 3647 D.
699 3622 812 3647 ΤΗοΜΑΕ
831 3622 862 3646 Τ.
881 3621 945 3646 Vlll.

2247 3619 2278 3643 18

2461 662 2469 669 ·
2485 658 2550 680 Vers.
2567 666 2598 681 ιι.
