<?xml version="1.0" encoding="UTF-8"?>
<!DOCTYPE html PUBLIC "-//W3C//DTD XHTML 1.0 Transitional//EN"
    "http://www.w3.org/TR/xhtml1/DTD/xhtml1-transitional.dtd">
<html xmlns="http://www.w3.org/1999/xhtml" xml:lang="en" lang="en">
 <head>
  <title>
</title>
<meta http-equiv="Content-Type" content="text/html;charset=utf-8" />
  <meta name='ocr-system' content='tesseract 3.04.00' />
  <meta name='ocr-capabilities' content='ocr_page ocr_carea ocr_par ocr_line ocrx_word'/>
</head>
<body>
  <div class='ocr_page' id='page_1' title='image "./operaomniaiussui11thom_0348.png"; bbox 0 0 2872 3970; ppageno 0'>
   <div class='ocr_carea' id='block_1_1' title="bbox 226 2728 350 2756">
    <p class='ocr_par' dir='ltr' id='par_1_1' title="bbox 226 2728 350 2756">
     <span class='ocr_line' id='line_1_1' title="bbox 226 2728 350 2756; baseline 0 -6"><span class='ocrx_word' id='word_1_1' title='bbox 226 2730 237 2740; x_wconf 69' lang='lat'>⁶</span> <span class='ocrx_word' id='word_1_2' title='bbox 252 2728 316 2750; x_wconf 74' lang='lat' dir='ltr'>Vers-</span> <span class='ocrx_word' id='word_1_3' title='bbox 329 2734 350 2756; x_wconf 90' lang='lat'>9.</span> 
     </span>
    </p>
   </div>
   <div class='ocr_carea' id='block_1_2' title="bbox 228 2885 354 2911">
    <p class='ocr_par' dir='ltr' id='par_1_2' title="bbox 228 2885 354 2911">
     <span class='ocr_line' id='line_1_2' title="bbox 228 2885 354 2911; baseline 0 -5"><span class='ocrx_word' id='word_1_4' title='bbox 228 2886 238 2895; x_wconf 81' lang='lat'>⁸</span> <span class='ocrx_word' id='word_1_5' title='bbox 254 2885 317 2906; x_wconf 70' lang='lat' dir='ltr'>Vera.</span> <span class='ocrx_word' id='word_1_6' title='bbox 333 2890 354 2911; x_wconf 86' lang='lat'>7.</span> 
     </span>
    </p>
   </div>
   <div class='ocr_carea' id='block_1_3' title="bbox 228 3042 435 3120">
    <p class='ocr_par' dir='ltr' id='par_1_3' title="bbox 228 3042 435 3120">
     <span class='ocr_line' id='line_1_3' title="bbox 231 3042 435 3068; baseline -0.005 -5"><span class='ocrx_word' id='word_1_7' title='bbox 231 3044 240 3052; x_wconf 89' lang='lat'>·</span> <span class='ocrx_word' id='word_1_8' title='bbox 252 3042 285 3063; x_wconf 88' lang='lat' dir='ltr'>De</span> <span class='ocrx_word' id='word_1_9' title='bbox 294 3042 350 3063; x_wconf 71' lang='lat' dir='ltr'>Fide</span> <span class='ocrx_word' id='word_1_10' title='bbox 361 3042 435 3068; x_wconf 67' lang='lat' dir='ltr'>Orth„</span> 
     </span>
     <span class='ocr_line' id='line_1_4' title="bbox 228 3068 424 3095; baseline -0.005 -4"><span class='ocrx_word' id='word_1_11' title='bbox 228 3069 269 3091; x_wconf 85' lang='lat' dir='ltr'>lib.</span> <span class='ocrx_word' id='word_1_12' title='bbox 284 3068 323 3094; x_wconf 74' lang='grc' dir='ltr'>ΠΙ,</span> <span class='ocrx_word' id='word_1_13' title='bbox 337 3074 386 3095; x_wconf 77' lang='lat' dir='ltr'>cap.</span> <span class='ocrx_word' id='word_1_14' title='bbox 401 3075 424 3090; x_wconf 85' lang='grc' dir='ltr'>ιι.</span> 
     </span>
     <span class='ocr_line' id='line_1_5' title="bbox 327 3103 343 3120; baseline 0 0"><span class='ocrx_word' id='word_1_15' title='bbox 327 3103 343 3120; x_wconf 85' lang='grc' dir='ltr'>α</span> 
     </span>
    </p>
   </div>
   <div class='ocr_carea' id='block_1_4' title="bbox 235 3302 404 3329">
    <p class='ocr_par' dir='ltr' id='par_1_4' title="bbox 235 3302 404 3329">
     <span class='ocr_line' id='line_1_6' title="bbox 235 3302 404 3329; baseline -0.006 -6"><span class='ocrx_word' id='word_1_16' title='bbox 235 3303 244 3312; x_wconf 81' lang='lat'>⁸</span> <span class='ocrx_word' id='word_1_17' title='bbox 258 3302 313 3329; x_wconf 81' lang='lat' dir='ltr'>Cap.</span> <span class='ocrx_word' id='word_1_18' title='bbox 329 3307 404 3323; x_wconf 74' lang='lat' dir='ltr'>xxxvi.</span> 
     </span>
    </p>
   </div>
   <div class='ocr_carea' id='block_1_5' title="bbox 234 3405 360 3433">
    <p class='ocr_par' dir='ltr' id='par_1_5' title="bbox 234 3405 360 3433">
     <span class='ocr_line' id='line_1_7' title="bbox 234 3405 360 3433; baseline 0 -6"><span class='ocrx_word' id='word_1_19' title='bbox 234 3408 243 3417; x_wconf 88' lang='lat'><strong>·</strong></span> <span class='ocrx_word' id='word_1_20' title='bbox 259 3405 323 3427; x_wconf 71' lang='lat' dir='ltr'>Ver».</span> <span class='ocrx_word' id='word_1_21' title='bbox 339 3411 360 3433; x_wconf 91' lang='lat'>7.</span> 
     </span>
    </p>
   </div>
   <div class='ocr_carea' id='block_1_6' title="bbox 460 313 537 350">
    <p class='ocr_par' dir='ltr' id='par_1_6' title="bbox 460 313 537 350">
     <span class='ocr_line' id='line_1_8' title="bbox 460 313 537 350; baseline 0 -12"><span class='ocrx_word' id='word_1_22' title='bbox 460 313 537 350; x_wconf 85' lang='lat'>292</span> 
     </span>
    </p>
   </div>
   <div class='ocr_carea' id='block_1_7' title="bbox 455 369 1520 1781">
    <p class='ocr_par' dir='ltr' id='par_1_7' title="bbox 456 369 1520 1642">
     <span class='ocr_line' id='line_1_9' title="bbox 461 369 1515 416; baseline -0.013 -4"><span class='ocrx_word' id='word_1_23' title='bbox 461 381 617 413; x_wconf 89' lang='lat' dir='ltr'>absolute:</span> <span class='ocrx_word' id='word_1_24' title='bbox 643 384 674 409; x_wconf 89' lang='lat' dir='ltr'>et</span> <span class='ocrx_word' id='word_1_25' title='bbox 696 377 791 414; x_wconf 92' lang='lat' dir='ltr'>aliud,</span> <span class='ocrx_word' id='word_1_26' title='bbox 815 378 1005 416; x_wconf 88' lang='lat' dir='ltr'><strong>inquantum</strong></span> <span class='ocrx_word' id='word_1_27' title='bbox 1030 384 1067 404; x_wconf 90' lang='lat' dir='ltr'>ex</span> <span class='ocrx_word' id='word_1_28' title='bbox 1090 374 1148 404; x_wconf 89' lang='lat' dir='ltr'>hac</span> <span class='ocrx_word' id='word_1_29' title='bbox 1168 373 1268 403; x_wconf 88' lang='lat' dir='ltr'>littera</span> <span class='ocrx_word' id='word_1_30' title='bbox 1291 370 1423 401; x_wconf 89' lang='lat' dir='ltr'>infertur</span> <span class='ocrx_word' id='word_1_31' title='bbox 1445 369 1515 399; x_wconf 90' lang='lat' dir='ltr'>talis</span> 
     </span>
     <span class='ocr_line' id='line_1_10' title="bbox 458 413 1516 456; baseline -0.012 0"><span class='ocrx_word' id='word_1_32' title='bbox 458 424 626 456; x_wconf 88' lang='lat' dir='ltr'>conclusio</span> <span class='ocrx_word' id='word_1_33' title='bbox 650 422 825 453; x_wconf 88' lang='lat' dir='ltr'>corollarie.</span> <span class='ocrx_word' id='word_1_34' title='bbox 860 421 952 455; x_wconf 92' lang='lat' dir='ltr'>Nam,</span> <span class='ocrx_word' id='word_1_35' title='bbox 977 418 1120 450; x_wconf 91' lang='lat' dir='ltr'>absolute</span> <span class='ocrx_word' id='word_1_36' title='bbox 1144 415 1320 456; x_wconf 89' lang='lat' dir='ltr'>loquendo,</span> <span class='ocrx_word' id='word_1_37' title='bbox 1344 415 1426 444; x_wconf 88' lang='lat' dir='ltr'>inter</span> <span class='ocrx_word' id='word_1_38' title='bbox 1447 413 1516 444; x_wconf 90' lang='lat' dir='ltr'>illas</span> 
     </span>
     <span class='ocr_line' id='line_1_11' title="bbox 461 457 1516 508; baseline -0.013 -8"><span class='ocrx_word' id='word_1_39' title='bbox 461 470 538 500; x_wconf 91' lang='lat' dir='ltr'>duas</span> <span class='ocrx_word' id='word_1_40' title='bbox 561 467 736 508; x_wconf 88' lang='lat' dir='ltr'>positiones</span> <span class='ocrx_word' id='word_1_41' title='bbox 759 470 930 500; x_wconf 84' lang='lat' dir='ltr'>extremas,</span> <span class='ocrx_word' id='word_1_42' title='bbox 954 464 1072 494; x_wconf 87' lang='lat' dir='ltr'>scilicet</span> <span class='ocrx_word' id='word_1_43' title='bbox 1096 460 1184 501; x_wconf 94' lang='lat' dir='ltr'>quod</span> <span class='ocrx_word' id='word_1_44' title='bbox 1208 459 1301 490; x_wconf 87' lang='lat' dir='ltr'>fuerit</span> <span class='ocrx_word' id='word_1_45' title='bbox 1323 457 1516 488; x_wconf 86' lang='lat' dir='ltr'>sanctificata</span> 
     </span>
     <span class='ocr_line' id='line_1_12' title="bbox 460 502 1514 546; baseline -0.013 -2"><span class='ocrx_word' id='word_1_46' title='bbox 460 514 511 544; x_wconf 88' lang='lat' dir='ltr'>vel</span> <span class='ocrx_word' id='word_1_47' title='bbox 534 517 606 543; x_wconf 91' lang='lat' dir='ltr'>ante</span> <span class='ocrx_word' id='word_1_48' title='bbox 628 510 823 542; x_wconf 86' lang='lat' dir='ltr'>infusionem</span> <span class='ocrx_word' id='word_1_49' title='bbox 846 509 969 539; x_wconf 89' lang='lat' dir='ltr'>animae</span> <span class='ocrx_word' id='word_1_50' title='bbox 991 507 1041 537; x_wconf 89' lang='lat' dir='ltr'>vel</span> <span class='ocrx_word' id='word_1_51' title='bbox 1067 510 1141 546; x_wconf 91' lang='lat' dir='ltr'>post</span> <span class='ocrx_word' id='word_1_52' title='bbox 1163 503 1358 534; x_wconf 85' lang='lat' dir='ltr'>infusionem</span> <span class='ocrx_word' id='word_1_53' title='bbox 1380 502 1514 536; x_wconf 89' lang='lat' dir='ltr'>animae,</span> 
     </span>
     <span class='ocr_line' id='line_1_13' title="bbox 462 544 1516 597; baseline -0.014 -9"><span class='ocrx_word' id='word_1_54' title='bbox 462 563 508 588; x_wconf 90' lang='lat' dir='ltr'>est</span> <span class='ocrx_word' id='word_1_55' title='bbox 530 556 647 597; x_wconf 90' lang='lat' dir='ltr'>positio</span> <span class='ocrx_word' id='word_1_56' title='bbox 671 553 775 585; x_wconf 88' lang='lat' dir='ltr'>media</span> <span class='ocrx_word' id='word_1_57' title='bbox 805 552 894 593; x_wconf 90' lang='lat' dir='ltr'>quod</span> <span class='ocrx_word' id='word_1_58' title='bbox 917 552 976 582; x_wconf 90' lang='lat' dir='ltr'>fuit</span> <span class='ocrx_word' id='word_1_59' title='bbox 999 549 1191 581; x_wconf 85' lang='lat' dir='ltr'>sanctificata</span> <span class='ocrx_word' id='word_1_60' title='bbox 1218 548 1251 577; x_wconf 90' lang='lat' dir='ltr'>in</span> <span class='ocrx_word' id='word_1_61' title='bbox 1277 546 1406 576; x_wconf 88' lang='lat' dir='ltr'>instanti</span> <span class='ocrx_word' id='word_1_62' title='bbox 1431 544 1516 575; x_wconf 88' lang='lat' dir='ltr'>infu-</span> 
     </span>
     <span class='ocr_line' id='line_1_14' title="bbox 462 589 1515 636; baseline -0.013 -4"><span class='ocrx_word' id='word_1_63' title='bbox 462 602 560 632; x_wconf 90' lang='lat' dir='ltr'>sionis</span> <span class='ocrx_word' id='word_1_64' title='bbox 583 600 716 630; x_wconf 85' lang='lat' dir='ltr'>animae.</span> <span class='ocrx_word' id='word_1_65' title='bbox 741 597 842 628; x_wconf 92' lang='lat' dir='ltr'>Cuius</span> <span class='ocrx_word' id='word_1_66' title='bbox 865 596 1027 636; x_wconf 90' lang='lat' dir='ltr'>opinionis</span> <span class='ocrx_word' id='word_1_67' title='bbox 1050 595 1172 624; x_wconf 86' lang='lat' dir='ltr'>Auctor</span> <span class='ocrx_word' id='word_1_68' title='bbox 1195 591 1246 621; x_wconf 89' lang='lat' dir='ltr'>hic</span> <span class='ocrx_word' id='word_1_69' title='bbox 1269 600 1336 620; x_wconf 89' lang='lat' dir='ltr'>non</span> <span class='ocrx_word' id='word_1_70' title='bbox 1359 589 1515 625; x_wconf 85' lang='lat' dir='ltr'>meminit,</span> 
     </span>
     <span class='ocr_line' id='line_1_15' title="bbox 461 635 1516 686; baseline -0.015 -9"><span class='ocrx_word' id='word_1_71' title='bbox 461 646 537 686; x_wconf 91' lang='lat' dir='ltr'>quia</span> <span class='ocrx_word' id='word_1_72' title='bbox 559 651 703 683; x_wconf 89' lang='lat' dir='ltr'>ternpore</span> <span class='ocrx_word' id='word_1_73' title='bbox 727 651 786 672; x_wconf 91' lang='lat' dir='ltr'>suo</span> <span class='ocrx_word' id='word_1_74' title='bbox 809 650 877 671; x_wconf 91' lang='lat' dir='ltr'>non</span> <span class='ocrx_word' id='word_1_75' title='bbox 900 645 965 670; x_wconf 88' lang='lat' dir='ltr'>erat</span> <span class='ocrx_word' id='word_1_76' title='bbox 987 638 1171 682; x_wconf 82' lang='lat' dir='ltr'>adinventa:</span> <span class='ocrx_word' id='word_1_77' title='bbox 1197 635 1346 684; x_wconf 36' lang='lat' dir='ltr'>omnibu-s</span> <span class='ocrx_word' id='word_1_78' title='bbox 1370 642 1516 663; x_wconf 90' lang='lat' dir='ltr'>commu-</span> 
     </span>
     <span class='ocr_line' id='line_1_16' title="bbox 461 682 1516 723; baseline -0.014 -2"><span class='ocrx_word' id='word_1_79' title='bbox 461 691 543 721; x_wconf 88' lang='lat' dir='ltr'>niter</span> <span class='ocrx_word' id='word_1_80' title='bbox 565 687 744 719; x_wconf 91' lang='lat' dir='ltr'>tenentibus</span> <span class='ocrx_word' id='word_1_81' title='bbox 774 686 904 715; x_wconf 85' lang='lat' dir='ltr'>Beatam</span> <span class='ocrx_word' id='word_1_82' title='bbox 926 683 1088 723; x_wconf 87' lang='lat' dir='ltr'>Virginem</span> <span class='ocrx_word' id='word_1_83' title='bbox 1113 684 1304 719; x_wconf 88' lang='lat' dir='ltr'>conceptam</span> <span class='ocrx_word' id='word_1_84' title='bbox 1327 687 1360 708; x_wconf 92' lang='lat' dir='ltr'>1n</span> <span class='ocrx_word' id='word_1_85' title='bbox 1384 682 1516 717; x_wconf 88' lang='lat' dir='ltr'>peccato</span> 
     </span>
     <span class='ocr_line' id='line_1_17' title="bbox 463 721 1517 774; baseline -0.014 -10"><span class='ocrx_word' id='word_1_86' title='bbox 463 732 617 774; x_wconf 82' lang='lat' dir='ltr'>originali,</span> <span class='ocrx_word' id='word_1_87' title='bbox 634 737 664 762; x_wconf 88' lang='lat' dir='ltr'>et</span> <span class='ocrx_word' id='word_1_88' title='bbox 679 730 763 766; x_wconf 87' lang='lat' dir='ltr'>ideo,</span> <span class='ocrx_word' id='word_1_89' title='bbox 776 734 811 759; x_wconf 92' lang='lat' dir='ltr'>ut</span> <span class='ocrx_word' id='word_1_90' title='bbox 826 727 959 763; x_wconf 91' lang='lat' dir='ltr'>videtur,</span> <span class='ocrx_word' id='word_1_91' title='bbox 978 725 1219 766; x_wconf 88' lang='lat' dir='ltr'>reprobantibus</span> <span class='ocrx_word' id='word_1_92' title='bbox 1233 721 1517 752; x_wconf 85' lang='lat' dir='ltr'>sanctificationem</span> 
     </span>
     <span class='ocr_line' id='line_1_18' title="bbox 463 765 1516 809; baseline -0.014 -1"><span class='ocrx_word' id='word_1_93' title='bbox 463 778 563 809; x_wconf 90' lang='lat' dir='ltr'>carnis</span> <span class='ocrx_word' id='word_1_94' title='bbox 586 777 653 806; x_wconf 92' lang='lat' dir='ltr'>eius</span> <span class='ocrx_word' id='word_1_95' title='bbox 676 779 747 804; x_wconf 90' lang='lat' dir='ltr'>ante</span> <span class='ocrx_word' id='word_1_96' title='bbox 763 772 957 803; x_wconf 84' lang='lat' dir='ltr'>infusionem</span> <span class='ocrx_word' id='word_1_97' title='bbox 973 771 1106 805; x_wconf 87' lang='lat' dir='ltr'>animae,</span> <span class='ocrx_word' id='word_1_98' title='bbox 1130 774 1166 799; x_wconf 93' lang='lat' dir='ltr'>ut</span> <span class='ocrx_word' id='word_1_99' title='bbox 1181 769 1214 798; x_wconf 94' lang='lat' dir='ltr'>in</span> <span class='ocrx_word' id='word_1_100' title='bbox 1229 767 1288 796; x_wconf 89' lang='lat' dir='ltr'>hac</span> <span class='ocrx_word' id='word_1_101' title='bbox 1303 765 1405 796; x_wconf 91' lang='lat' dir='ltr'>littera</span> <span class='ocrx_word' id='word_1_102' title='bbox 1420 770 1516 805; x_wconf 88' lang='lat' dir='ltr'>patet.</span> 
     </span>
     <span class='ocr_line' id='line_1_19' title="bbox 462 809 1517 861; baseline -0.014 -9"><span class='ocrx_word' id='word_1_103' title='bbox 462 822 503 852; x_wconf 90' lang='lat' dir='ltr'>Et</span> <span class='ocrx_word' id='word_1_104' title='bbox 524 825 701 861; x_wconf 90' lang='lat' dir='ltr'>propterea,</span> <span class='ocrx_word' id='word_1_105' title='bbox 725 815 889 856; x_wconf 89' lang='lat' dir='ltr'>loquendo</span> <span class='ocrx_word' id='word_1_106' title='bbox 913 814 1090 845; x_wconf 89' lang='lat' dir='ltr'>secundum</span> <span class='ocrx_word' id='word_1_107' title='bbox 1113 811 1285 853; x_wconf 82' lang='lat' dir='ltr'>praesentis</span> <span class='ocrx_word' id='word_1_108' title='bbox 1303 809 1423 839; x_wconf 86' lang='lat' dir='ltr'>litterae</span> <span class='ocrx_word' id='word_1_109' title='bbox 1440 818 1517 839; x_wconf 87' lang='lat' dir='ltr'>con-</span> 
     </span>
     <span class='ocr_line' id='line_1_20' title="bbox 461 851 1519 901; baseline -0.013 -5"><span class='ocrx_word' id='word_1_110' title='bbox 461 871 599 900; x_wconf 82' lang='lat' dir='ltr'>textum,</span> <span class='ocrx_word' id='word_1_111' title='bbox 631 860 860 901; x_wconf 86' lang='lat' dir='ltr'>consequentia</span> <span class='ocrx_word' id='word_1_112' title='bbox 892 864 997 890; x_wconf 88' lang='lat' dir='ltr'>tenet:</span> <span class='ocrx_word' id='word_1_113' title='bbox 1032 858 1107 897; x_wconf 89' lang='lat' dir='ltr'>quia</span> <span class='ocrx_word' id='word_1_114' title='bbox 1134 866 1152 886; x_wconf 91' lang='lat' dir='ltr'>a</span> <span class='ocrx_word' id='word_1_115' title='bbox 1179 855 1349 895; x_wconf 84' lang='lat' dir='ltr'>negatione</span> <span class='ocrx_word' id='word_1_116' title='bbox 1382 851 1519 883; x_wconf 86' lang='lat' dir='ltr'>sanctifi-</span> 
     </span>
     <span class='ocr_line' id='line_1_21' title="bbox 462 898 1517 940; baseline -0.013 0"><span class='ocrx_word' id='word_1_117' title='bbox 462 909 593 940; x_wconf 88' lang='lat' dir='ltr'>cationis</span> <span class='ocrx_word' id='word_1_118' title='bbox 623 905 795 939; x_wconf 84' lang='lat' dir='ltr'>anterioris,</span> <span class='ocrx_word' id='word_1_119' title='bbox 820 913 894 933; x_wconf 91' lang='lat' dir='ltr'>cum</span> <span class='ocrx_word' id='word_1_120' title='bbox 917 912 974 933; x_wconf 92' lang='lat' dir='ltr'>sua</span> <span class='ocrx_word' id='word_1_121' title='bbox 997 902 1128 936; x_wconf 85' lang='lat' dir='ltr'>ratione,</span> <span class='ocrx_word' id='word_1_122' title='bbox 1153 899 1228 940; x_wconf 87' lang='lat' dir='ltr'>quia</span> <span class='ocrx_word' id='word_1_123' title='bbox 1251 898 1370 928; x_wconf 89' lang='lat' dir='ltr'>scilicet</span> <span class='ocrx_word' id='word_1_124' title='bbox 1393 902 1517 927; x_wconf 88' lang='lat' dir='ltr'>contra·-</span> 
     </span>
     <span class='ocr_line' id='line_1_22' title="bbox 459 940 1519 992; baseline -0.013 -8"><span class='ocrx_word' id='word_1_125' title='bbox 459 954 504 984; x_wconf 90' lang='lat' dir='ltr'>xit</span> <span class='ocrx_word' id='word_1_126' title='bbox 526 956 693 992; x_wconf 91' lang='lat' dir='ltr'>peccatum</span> <span class='ocrx_word' id='word_1_127' title='bbox 724 947 892 988; x_wconf 87' lang='lat' dir='ltr'>originale,</span> <span class='ocrx_word' id='word_1_128' title='bbox 921 946 1053 976; x_wconf 88' lang='lat' dir='ltr'>infertur</span> <span class='ocrx_word' id='word_1_129' title='bbox 1083 943 1171 984; x_wconf 90' lang='lat' dir='ltr'>quod</span> <span class='ocrx_word' id='word_1_130' title='bbox 1202 942 1297 973; x_wconf 88' lang='lat' dir='ltr'>fuerit</span> <span class='ocrx_word' id='word_1_131' title='bbox 1326 940 1519 971; x_wconf 86' lang='lat' dir='ltr'>sanctificata</span> 
     </span>
     <span class='ocr_line' id='line_1_23' title="bbox 458 985 1519 1037; baseline -0.012 -10"><span class='ocrx_word' id='word_1_132' title='bbox 458 1002 533 1037; x_wconf 86' lang='lat' dir='ltr'>post</span> <span class='ocrx_word' id='word_1_133' title='bbox 555 994 790 1025; x_wconf 89' lang='lat' dir='ltr'>animationem.</span> <span class='ocrx_word' id='word_1_134' title='bbox 826 991 866 1021; x_wconf 92' lang='lat' dir='ltr'>Et</span> <span class='ocrx_word' id='word_1_135' title='bbox 889 990 970 1020; x_wconf 89' lang='lat' dir='ltr'>clare</span> <span class='ocrx_word' id='word_1_136' title='bbox 994 994 1079 1029; x_wconf 91' lang='lat' dir='ltr'>patet</span> <span class='ocrx_word' id='word_1_137' title='bbox 1102 987 1191 1028; x_wconf 90' lang='lat' dir='ltr'>quod</span> <span class='ocrx_word' id='word_1_138' title='bbox 1219 985 1348 1026; x_wconf 86' lang='lat' dir='ltr'>sequela</span> <span class='ocrx_word' id='word_1_139' title='bbox 1370 985 1449 1016; x_wconf 90' lang='lat' dir='ltr'>haec</span> <span class='ocrx_word' id='word_1_140' title='bbox 1473 990 1519 1015; x_wconf 91' lang='lat' dir='ltr'>est</span> 
     </span>
     <span class='ocr_line' id='line_1_24' title="bbox 459 1029 1520 1078; baseline -0.011 -7"><span class='ocrx_word' id='word_1_141' title='bbox 459 1040 586 1071; x_wconf 84' lang='lat' dir='ltr'>efficax:</span> <span class='ocrx_word' id='word_1_142' title='bbox 611 1037 764 1078; x_wconf 87' lang='lat' dir='ltr'>quoniam</span> <span class='ocrx_word' id='word_1_143' title='bbox 780 1034 976 1075; x_wconf 89' lang='lat' dir='ltr'>impossibile</span> <span class='ocrx_word' id='word_1_144' title='bbox 993 1038 1039 1063; x_wconf 88' lang='lat' dir='ltr'>est</span> <span class='ocrx_word' id='word_1_145' title='bbox 1060 1034 1093 1062; x_wconf 91' lang='lat' dir='ltr'>in</span> <span class='ocrx_word' id='word_1_146' title='bbox 1109 1041 1176 1062; x_wconf 90' lang='lat' dir='ltr'>uno</span> <span class='ocrx_word' id='word_1_147' title='bbox 1194 1030 1374 1070; x_wconf 88' lang='lat' dir='ltr'>eodemque</span> <span class='ocrx_word' id='word_1_148' title='bbox 1390 1029 1520 1060; x_wconf 90' lang='lat' dir='ltr'>instanti</span> 
     </span>
     <span class='ocr_line' id='line_1_25' title="bbox 460 1073 1519 1122; baseline -0.011 -7"><span class='ocrx_word' id='word_1_149' title='bbox 460 1083 644 1115; x_wconf 87' lang='lat' dir='ltr'>contrahere</span> <span class='ocrx_word' id='word_1_150' title='bbox 667 1085 834 1122; x_wconf 88' lang='lat' dir='ltr'>peccatum</span> <span class='ocrx_word' id='word_1_151' title='bbox 858 1078 1020 1118; x_wconf 86' lang='lat' dir='ltr'>originale,</span> <span class='ocrx_word' id='word_1_152' title='bbox 1045 1082 1076 1107; x_wconf 90' lang='lat' dir='ltr'>et</span> <span class='ocrx_word' id='word_1_153' title='bbox 1099 1074 1287 1106; x_wconf 83' lang='lat' dir='ltr'>sanctificari</span> <span class='ocrx_word' id='word_1_154' title='bbox 1306 1075 1344 1104; x_wconf 92' lang='lat' dir='ltr'>ab</span> <span class='ocrx_word' id='word_1_155' title='bbox 1360 1073 1427 1104; x_wconf 90' lang='lat' dir='ltr'>illo.</span> <span class='ocrx_word' id='word_1_156' title='bbox 1452 1073 1519 1104; x_wconf 87' lang='lat' dir='ltr'>Stat</span> 
     </span>
     <span class='ocr_line' id='line_1_26' title="bbox 460 1117 1518 1168; baseline -0.011 -9"><span class='ocrx_word' id='word_1_157' title='bbox 460 1138 535 1168; x_wconf 89' lang='lat' dir='ltr'>ergo</span> <span class='ocrx_word' id='word_1_158' title='bbox 551 1127 652 1157; x_wconf 89' lang='lat' dir='ltr'>littera</span> <span class='ocrx_word' id='word_1_159' title='bbox 667 1124 777 1160; x_wconf 87' lang='lat' dir='ltr'>solida,</span> <span class='ocrx_word' id='word_1_160' title='bbox 802 1123 947 1163; x_wconf 88' lang='lat' dir='ltr'>quamvis</span> <span class='ocrx_word' id='word_1_161' title='bbox 969 1131 1037 1151; x_wconf 91' lang='lat' dir='ltr'>non</span> <span class='ocrx_word' id='word_1_162' title='bbox 1053 1120 1187 1150; x_wconf 90' lang='lat' dir='ltr'>sollicita</span> <span class='ocrx_word' id='word_1_163' title='bbox 1203 1118 1242 1150; x_wconf 92' lang='lat' dir='ltr'>de</span> <span class='ocrx_word' id='word_1_164' title='bbox 1258 1118 1311 1149; x_wconf 89' lang='lat' dir='ltr'>illa</span> <span class='ocrx_word' id='word_1_165' title='bbox 1326 1117 1431 1148; x_wconf 91' lang='lat' dir='ltr'>media</span> <span class='ocrx_word' id='word_1_166' title='bbox 1447 1118 1518 1158; x_wconf 90' lang='lat' dir='ltr'>opi-</span> 
     </span>
     <span class='ocr_line' id='line_1_27' title="bbox 458 1161 1516 1208; baseline -0.011 -5"><span class='ocrx_word' id='word_1_167' title='bbox 458 1173 573 1205; x_wconf 91' lang='lat' dir='ltr'>nione,</span> <span class='ocrx_word' id='word_1_168' title='bbox 603 1175 680 1201; x_wconf 87' lang='lat' dir='ltr'>tunc</span> <span class='ocrx_word' id='word_1_169' title='bbox 702 1166 899 1208; x_wconf 90' lang='lat' dir='ltr'>inopinabili.</span> <span class='ocrx_word' id='word_1_170' title='bbox 934 1166 1025 1204; x_wconf 90' lang='lat' dir='ltr'>Quae</span> <span class='ocrx_word' id='word_1_171' title='bbox 1050 1164 1164 1200; x_wconf 86' lang='lat' dir='ltr'>hodie,</span> <span class='ocrx_word' id='word_1_172' title='bbox 1187 1162 1384 1198; x_wconf 87' lang='lat' dir='ltr'>mulieribus,</span> <span class='ocrx_word' id='word_1_173' title='bbox 1407 1161 1516 1202; x_wconf 87' lang='lat' dir='ltr'>vulgo,</span> 
     </span>
     <span class='ocr_line' id='line_1_28' title="bbox 458 1205 1517 1255; baseline -0.01 -8"><span class='ocrx_word' id='word_1_174' title='bbox 458 1216 638 1255; x_wconf 83' lang='lat' dir='ltr'>affectuque</span> <span class='ocrx_word' id='word_1_175' title='bbox 660 1212 892 1244; x_wconf 84' lang='lat' dir='ltr'>nonnullorum</span> <span class='ocrx_word' id='word_1_176' title='bbox 907 1211 973 1250; x_wconf 92' lang='lat' dir='ltr'>pio,</span> <span class='ocrx_word' id='word_1_177' title='bbox 997 1208 1174 1240; x_wconf 90' lang='lat' dir='ltr'>multorum</span> <span class='ocrx_word' id='word_1_178' title='bbox 1189 1213 1297 1238; x_wconf 91' lang='lat' dir='ltr'>autem</span> <span class='ocrx_word' id='word_1_179' title='bbox 1312 1205 1465 1237; x_wconf 88' lang='lat' dir='ltr'>industria</span> <span class='ocrx_word' id='word_1_180' title='bbox 1480 1215 1517 1236; x_wconf 92' lang='lat' dir='ltr'>ac</span> 
     </span>
     <span class='ocr_line' id='line_1_29' title="bbox 459 1250 1517 1301; baseline -0.01 -10"><span class='ocrx_word' id='word_1_181' title='bbox 459 1265 594 1301; x_wconf 89' lang='lat' dir='ltr'>quaestu</span> <span class='ocrx_word' id='word_1_182' title='bbox 617 1257 814 1298; x_wconf 85' lang='lat' dir='ltr'>cogentibus,</span> <span class='ocrx_word' id='word_1_183' title='bbox 838 1256 881 1285; x_wconf 89' lang='lat' dir='ltr'>ita</span> <span class='ocrx_word' id='word_1_184' title='bbox 899 1253 1073 1295; x_wconf 87' lang='lat' dir='ltr'>praevaluit</span> <span class='ocrx_word' id='word_1_185' title='bbox 1095 1258 1131 1283; x_wconf 91' lang='lat' dir='ltr'>ut</span> <span class='ocrx_word' id='word_1_186' title='bbox 1147 1252 1310 1282; x_wconf 90' lang='lat' dir='ltr'>doctrinae</span> <span class='ocrx_word' id='word_1_187' title='bbox 1325 1250 1517 1282; x_wconf 87' lang='lat' dir='ltr'>Sanctorum</span> 
     </span>
     <span class='ocr_line' id='line_1_30' title="bbox 458 1295 1517 1342; baseline -0.01 -7"><span class='ocrx_word' id='word_1_188' title='bbox 458 1305 619 1335; x_wconf 87' lang='lat' dir='ltr'>aestimata</span> <span class='ocrx_word' id='word_1_189' title='bbox 642 1303 741 1342; x_wconf 88' lang='lat' dir='ltr'>pietas</span> <span class='ocrx_word' id='word_1_190' title='bbox 765 1299 974 1341; x_wconf 88' lang='lat' dir='ltr'>praeferatur:</span> <span class='ocrx_word' id='word_1_191' title='bbox 1006 1303 1037 1328; x_wconf 94' lang='lat' dir='ltr'>et</span> <span class='ocrx_word' id='word_1_192' title='bbox 1067 1296 1156 1337; x_wconf 92' lang='lat' dir='ltr'>quod</span> <span class='ocrx_word' id='word_1_193' title='bbox 1184 1297 1218 1326; x_wconf 91' lang='lat' dir='ltr'>in</span> <span class='ocrx_word' id='word_1_194' title='bbox 1241 1295 1408 1326; x_wconf 88' lang='lat' dir='ltr'>communi</span> <span class='ocrx_word' id='word_1_195' title='bbox 1435 1304 1517 1325; x_wconf 87' lang='lat' dir='ltr'>asse—</span> 
     </span>
     <span class='ocr_line' id='line_1_31' title="bbox 458 1338 1518 1384; baseline -0.01 -5"><span class='ocrx_word' id='word_1_196' title='bbox 458 1349 545 1384; x_wconf 88' lang='lat' dir='ltr'>ritur,</span> <span class='ocrx_word' id='word_1_197' title='bbox 569 1348 602 1378; x_wconf 94' lang='lat' dir='ltr'>in</span> <span class='ocrx_word' id='word_1_198' title='bbox 625 1347 672 1376; x_wconf 91' lang='lat' dir='ltr'>his</span> <span class='ocrx_word' id='word_1_199' title='bbox 696 1345 815 1376; x_wconf 89' lang='lat' dir='ltr'>scilicet</span> <span class='ocrx_word' id='word_1_200' title='bbox 838 1344 920 1384; x_wconf 85' lang='lat' dir='ltr'>quae</span> <span class='ocrx_word' id='word_1_201' title='bbox 944 1340 1100 1372; x_wconf 88' lang='lat' dir='ltr'>credenda</span> <span class='ocrx_word' id='word_1_202' title='bbox 1123 1346 1198 1371; x_wconf 89' lang='lat' dir='ltr'>sunt</span> <span class='ocrx_word' id='word_1_203' title='bbox 1220 1338 1387 1370; x_wconf 87' lang='lat' dir='ltr'>sectandos</span> <span class='ocrx_word' id='word_1_204' title='bbox 1417 1339 1518 1379; x_wconf 90' lang='lat' dir='ltr'>magis</span> 
     </span>
     <span class='ocr_line' id='line_1_32' title="bbox 459 1383 1518 1430; baseline -0.009 -7"><span class='ocrx_word' id='word_1_205' title='bbox 459 1402 526 1423; x_wconf 90' lang='lat' dir='ltr'>esse</span> <span class='ocrx_word' id='word_1_206' title='bbox 549 1391 697 1430; x_wconf 85' lang='lat' dir='ltr'>antiquos</span> <span class='ocrx_word' id='word_1_207' title='bbox 721 1389 867 1419; x_wconf 90' lang='lat' dir='ltr'>doctores</span> <span class='ocrx_word' id='word_1_208' title='bbox 891 1396 988 1427; x_wconf 89' lang='lat' dir='ltr'>quam</span> <span class='ocrx_word' id='word_1_209' title='bbox 1003 1385 1188 1421; x_wconf 90' lang='lat' dir='ltr'>modernos,</span> <span class='ocrx_word' id='word_1_210' title='bbox 1207 1385 1241 1415; x_wconf 89' lang='lat' dir='ltr'>in</span> <span class='ocrx_word' id='word_1_211' title='bbox 1257 1384 1321 1415; x_wconf 91' lang='lat' dir='ltr'>hoc</span> <span class='ocrx_word' id='word_1_212' title='bbox 1337 1383 1518 1423; x_wconf 87' lang='lat' dir='ltr'>particulari</span> 
     </span>
     <span class='ocr_line' id='line_1_33' title="bbox 457 1427 1517 1477; baseline -0.009 -10"><span class='ocrx_word' id='word_1_213' title='bbox 457 1436 673 1477; x_wconf 88' lang='lat' dir='ltr'>posthabetur,</span> <span class='ocrx_word' id='word_1_214' title='bbox 698 1433 775 1464; x_wconf 90' lang='lat' dir='ltr'>dum</span> <span class='ocrx_word' id='word_1_215' title='bbox 798 1431 944 1462; x_wconf 88' lang='lat' dir='ltr'>moderni</span> <span class='ocrx_word' id='word_1_216' title='bbox 968 1430 1115 1470; x_wconf 89' lang='lat' dir='ltr'>antiquis,</span> <span class='ocrx_word' id='word_1_217' title='bbox 1140 1435 1171 1460; x_wconf 90' lang='lat' dir='ltr'>et</span> <span class='ocrx_word' id='word_1_218' title='bbox 1193 1428 1377 1459; x_wconf 89' lang='lat' dir='ltr'>non-sancti</span> <span class='ocrx_word' id='word_1_219' title='bbox 1402 1427 1517 1458; x_wconf 91' lang='lat' dir='ltr'>sanctis</span> 
     </span>
     <span class='ocr_line' id='line_1_34' title="bbox 457 1472 1518 1520; baseline -0.008 -10"><span class='ocrx_word' id='word_1_220' title='bbox 457 1479 686 1520; x_wconf 87' lang='lat' dir='ltr'>praeferuntur.</span> <span class='ocrx_word' id='word_1_221' title='bbox 711 1477 858 1507; x_wconf 89' lang='lat' dir='ltr'>Testatur</span> <span class='ocrx_word' id='word_1_222' title='bbox 873 1481 980 1506; x_wconf 89' lang='lat' dir='ltr'>autem</span> <span class='ocrx_word' id='word_1_223' title='bbox 1004 1474 1153 1505; x_wconf 89' lang='lat' dir='ltr'>erraticus</span> <span class='ocrx_word' id='word_1_224' title='bbox 1168 1473 1220 1503; x_wconf 91' lang='lat' dir='ltr'>hic</span> <span class='ocrx_word' id='word_1_225' title='bbox 1239 1481 1408 1512; x_wconf 90' lang='lat' dir='ltr'>processus</span> <span class='ocrx_word' id='word_1_226' title='bbox 1431 1472 1518 1503; x_wconf 88' lang='lat' dir='ltr'>simi-</span> 
     </span>
     <span class='ocr_line' id='line_1_35' title="bbox 457 1515 1516 1561; baseline -0.008 -7"><span class='ocrx_word' id='word_1_227' title='bbox 457 1525 501 1555; x_wconf 91' lang='lat' dir='ltr'>les</span> <span class='ocrx_word' id='word_1_228' title='bbox 518 1533 585 1554; x_wconf 88' lang='lat' dir='ltr'>esse</span> <span class='ocrx_word' id='word_1_229' title='bbox 614 1523 691 1552; x_wconf 91' lang='lat' dir='ltr'>istos</span> <span class='ocrx_word' id='word_1_230' title='bbox 714 1520 919 1561; x_wconf 87' lang='lat' dir='ltr'>peccantibus</span> <span class='ocrx_word' id='word_1_231' title='bbox 943 1528 981 1549; x_wconf 88' lang='lat' dir='ltr'>ex</span> <span class='ocrx_word' id='word_1_232' title='bbox 1004 1518 1183 1558; x_wconf 87' lang='lat' dir='ltr'>ignorantia</span> <span class='ocrx_word' id='word_1_233' title='bbox 1212 1517 1394 1547; x_wconf 86' lang='lat' dir='ltr'>electionis:</span> <span class='ocrx_word' id='word_1_234' title='bbox 1420 1515 1516 1552; x_wconf 90' lang='lat' dir='ltr'>dum,</span> 
     </span>
     <span class='ocr_line' id='line_1_36' title="bbox 456 1561 1517 1604; baseline -0.008 -6"><span class='ocrx_word' id='word_1_235' title='bbox 456 1569 490 1598; x_wconf 93' lang='lat' dir='ltr'>in</span> <span class='ocrx_word' id='word_1_236' title='bbox 512 1566 681 1598; x_wconf 90' lang='lat' dir='ltr'>universali</span> <span class='ocrx_word' id='word_1_237' title='bbox 697 1566 841 1600; x_wconf 88' lang='lat' dir='ltr'>scientes,</span> <span class='ocrx_word' id='word_1_238' title='bbox 858 1562 1048 1604; x_wconf 89' lang='lat' dir='ltr'>applicando</span> <span class='ocrx_word' id='word_1_239' title='bbox 1070 1561 1109 1592; x_wconf 92' lang='lat' dir='ltr'>ad</span> <span class='ocrx_word' id='word_1_240' title='bbox 1132 1561 1321 1602; x_wconf 89' lang='lat' dir='ltr'>particulare</span> <span class='ocrx_word' id='word_1_241' title='bbox 1337 1561 1375 1590; x_wconf 95' lang='lat' dir='ltr'>ab</span> <span class='ocrx_word' id='word_1_242' title='bbox 1391 1561 1517 1591; x_wconf 90' lang='lat' dir='ltr'>univer-</span> 
     </span>
     <span class='ocr_line' id='line_1_37' title="bbox 456 1611 703 1642; baseline -0.008 0"><span class='ocrx_word' id='word_1_243' title='bbox 456 1612 512 1642; x_wconf 90' lang='lat' dir='ltr'>sali</span> <span class='ocrx_word' id='word_1_244' title='bbox 536 1611 703 1641; x_wconf 89' lang='lat' dir='ltr'>declinant.</span> 
     </span>
    </p>

    <p class='ocr_par' dir='ltr' id='par_1_8' title="bbox 455 1649 1517 1781">
     <span class='ocr_line' id='line_1_38' title="bbox 510 1649 1517 1694; baseline -0.006 -9"><span class='ocrx_word' id='word_1_245' title='bbox 510 1655 630 1685; x_wconf 91' lang='lat' dir='ltr'>Verum</span> <span class='ocrx_word' id='word_1_246' title='bbox 647 1654 758 1694; x_wconf 91' lang='lat' dir='ltr'>opinio</span> <span class='ocrx_word' id='word_1_247' title='bbox 775 1654 833 1683; x_wconf 89' lang='lat' dir='ltr'>ista</span> <span class='ocrx_word' id='word_1_248' title='bbox 848 1651 962 1687; x_wconf 90' lang='lat' dir='ltr'>media,</span> <span class='ocrx_word' id='word_1_249' title='bbox 980 1651 1125 1691; x_wconf 90' lang='lat' dir='ltr'>quamvis</span> <span class='ocrx_word' id='word_1_250' title='bbox 1141 1659 1235 1686; x_wconf 90' lang='lat' dir='ltr'>nova,</span> <span class='ocrx_word' id='word_1_251' title='bbox 1253 1649 1398 1689; x_wconf 87' lang='lat' dir='ltr'>quamvis</span> <span class='ocrx_word' id='word_1_252' title='bbox 1415 1649 1517 1680; x_wconf 89' lang='lat' dir='ltr'>aliena</span> 
     </span>
     <span class='ocr_line' id='line_1_39' title="bbox 457 1693 1516 1737; baseline -0.007 -7"><span class='ocrx_word' id='word_1_253' title='bbox 457 1710 474 1730; x_wconf 94' lang='lat' dir='ltr'>a</span> <span class='ocrx_word' id='word_1_254' title='bbox 497 1698 640 1729; x_wconf 91' lang='lat' dir='ltr'>doctrina</span> <span class='ocrx_word' id='word_1_255' title='bbox 670 1698 875 1737; x_wconf 90' lang='lat' dir='ltr'>antiquorum</span> <span class='ocrx_word' id='word_1_256' title='bbox 903 1695 1090 1731; x_wconf 88' lang='lat' dir='ltr'>doctorum,</span> <span class='ocrx_word' id='word_1_257' title='bbox 1115 1700 1146 1725; x_wconf 92' lang='lat' dir='ltr'>et</span> <span class='ocrx_word' id='word_1_258' title='bbox 1169 1704 1187 1724; x_wconf 95' lang='lat' dir='ltr'>a</span> <span class='ocrx_word' id='word_1_259' title='bbox 1210 1693 1354 1724; x_wconf 90' lang='lat' dir='ltr'>doctrina</span> <span class='ocrx_word' id='word_1_260' title='bbox 1384 1693 1516 1724; x_wconf 91' lang='lat' dir='ltr'>Sancto-</span> 
     </span>
     <span class='ocr_line' id='line_1_40' title="bbox 455 1737 1515 1781; baseline -0.007 -7"><span class='ocrx_word' id='word_1_261' title='bbox 455 1753 527 1774; x_wconf 90' lang='lat' dir='ltr'>rum</span> <span class='ocrx_word' id='word_1_262' title='bbox 543 1742 772 1778; x_wconf 89' lang='lat' dir='ltr'>communiter;</span> <span class='ocrx_word' id='word_1_263' title='bbox 798 1741 872 1781; x_wconf 87' lang='lat' dir='ltr'>quia</span> <span class='ocrx_word' id='word_1_264' title='bbox 895 1746 1003 1770; x_wconf 89' lang='lat' dir='ltr'>tamen</span> <span class='ocrx_word' id='word_1_265' title='bbox 1026 1739 1104 1770; x_wconf 92' lang='lat' dir='ltr'>nihil</span> <span class='ocrx_word' id='word_1_266' title='bbox 1121 1743 1232 1769; x_wconf 88' lang='lat' dir='ltr'>contra</span> <span class='ocrx_word' id='word_1_267' title='bbox 1255 1737 1353 1768; x_wconf 87' lang='lat' dir='ltr'>fidem</span> <span class='ocrx_word' id='word_1_268' title='bbox 1373 1738 1515 1774; x_wconf 91' lang='lat' dir='ltr'>sustinet,</span> 
     </span>
    </p>
   </div>
   <div class='ocr_carea' id='block_1_8' title="bbox 1543 397 1547 1769">
    <p class='ocr_par' dir='ltr' id='par_1_9' title="bbox 1543 397 1547 1769">
     <span class='ocr_line' id='line_1_41' title="bbox 1543 397 1547 1769; baseline 0 0"><span class='ocrx_word' id='word_1_269' title='bbox 1543 397 1547 1769; x_wconf 95' lang='lat' dir='ltr'> </span> 
     </span>
    </p>
   </div>
   <div class='ocr_carea' id='block_1_9' title="bbox 1119 291 1962 343">
    <p class='ocr_par' dir='ltr' id='par_1_10' title="bbox 1119 291 1962 343">
     <span class='ocr_line' id='line_1_42' title="bbox 1119 291 1962 343; baseline -0.005 -10"><span class='ocrx_word' id='word_1_270' title='bbox 1119 293 1382 343; x_wconf 90' lang='lat' dir='ltr'>QUAESTIO</span> <span class='ocrx_word' id='word_1_271' title='bbox 1411 293 1566 340; x_wconf 90' lang='lat' dir='ltr'>XXVII,</span> <span class='ocrx_word' id='word_1_272' title='bbox 1595 291 1888 330; x_wconf 92' lang='lat' dir='ltr'>ARTICULUS</span> <span class='ocrx_word' id='word_1_273' title='bbox 1915 293 1962 329; x_wconf 92' lang='lat' dir='ltr'>III</span> 
     </span>
    </p>
   </div>
   <div class='ocr_carea' id='block_1_10' title="bbox 1568 369 2630 676">
    <p class='ocr_par' dir='ltr' id='par_1_11' title="bbox 1568 369 2630 576">
     <span class='ocr_line' id='line_1_43' title="bbox 1569 369 2630 409; baseline 0.002 -9"><span class='ocrx_word' id='word_1_274' title='bbox 1569 375 1600 400; x_wconf 93' lang='lat' dir='ltr'>et</span> <span class='ocrx_word' id='word_1_275' title='bbox 1623 370 1811 409; x_wconf 86' lang='lat' dir='ltr'>Apostolica</span> <span class='ocrx_word' id='word_1_276' title='bbox 1833 369 1931 400; x_wconf 89' lang='lat' dir='ltr'>Sedes</span> <span class='ocrx_word' id='word_1_277' title='bbox 1955 369 2109 405; x_wconf 85' lang='lat' dir='ltr'>decrevit,</span> <span class='ocrx_word' id='word_1_278' title='bbox 2134 369 2239 400; x_wconf 89' lang='lat' dir='ltr'>donec</span> <span class='ocrx_word' id='word_1_279' title='bbox 2261 369 2357 401; x_wconf 86' lang='lat' dir='ltr'>fuerit</span> <span class='ocrx_word' id='word_1_280' title='bbox 2380 369 2537 407; x_wconf 86' lang='lat' dir='ltr'>decisum,</span> <span class='ocrx_word' id='word_1_281' title='bbox 2561 370 2630 402; x_wconf 87' lang='lat' dir='ltr'>abs-</span> 
     </span>
     <span class='ocr_line' id='line_1_44' title="bbox 1569 414 2630 465; baseline 0.002 -21"><span class='ocrx_word' id='word_1_282' title='bbox 1569 423 1633 454; x_wconf 85' lang='lat' dir='ltr'>que</span> <span class='ocrx_word' id='word_1_283' title='bbox 1665 414 1801 444; x_wconf 87' lang='lat' dir='ltr'>haeresis</span> <span class='ocrx_word' id='word_1_284' title='bbox 1826 414 2030 454; x_wconf 87' lang='lat' dir='ltr'>criminisque</span> <span class='ocrx_word' id='word_1_285' title='bbox 2065 414 2135 444; x_wconf 90' lang='lat' dir='ltr'>labe</span> <span class='ocrx_word' id='word_1_286' title='bbox 2171 419 2340 454; x_wconf 88' lang='lat' dir='ltr'>utramque</span> <span class='ocrx_word' id='word_1_287' title='bbox 2371 414 2630 465; x_wconf 65' lang='lat' dir='ltr'>contradictionis</span> 
     </span>
     <span class='ocr_line' id='line_1_45' title="bbox 1569 458 2630 498; baseline 0.003 -11"><span class='ocrx_word' id='word_1_288' title='bbox 1569 463 1691 498; x_wconf 86' lang='lat' dir='ltr'>partem</span> <span class='ocrx_word' id='word_1_289' title='bbox 1713 458 1814 488; x_wconf 88' lang='lat' dir='ltr'>teneri</span> <span class='ocrx_word' id='word_1_290' title='bbox 1831 467 1941 498; x_wconf 88' lang='lat' dir='ltr'>posse:</span> <span class='ocrx_word' id='word_1_291' title='bbox 1973 466 2187 498; x_wconf 84' lang='lat' dir='ltr'>unaquaeque</span> <span class='ocrx_word' id='word_1_292' title='bbox 2209 458 2374 497; x_wconf 89' lang='lat' dir='ltr'>provincia</span> <span class='ocrx_word' id='word_1_293' title='bbox 2397 458 2430 489; x_wconf 86' lang='lat' dir='ltr'>in</span> <span class='ocrx_word' id='word_1_294' title='bbox 2452 467 2512 489; x_wconf 81' lang='lat' dir='ltr'>suo</span> <span class='ocrx_word' id='word_1_295' title='bbox 2535 468 2630 490; x_wconf 80' lang='lat' dir='ltr'>sensu</span> 
     </span>
     <span class='ocr_line' id='line_1_46' title="bbox 1568 501 2630 542; baseline 0.003 -10"><span class='ocrx_word' id='word_1_296' title='bbox 1568 501 1724 537; x_wconf 85' lang='lat' dir='ltr'>abundet,</span> <span class='ocrx_word' id='word_1_297' title='bbox 1746 501 1848 532; x_wconf 91' lang='lat' dir='ltr'>modo</span> <span class='ocrx_word' id='word_1_298' title='bbox 1870 507 2020 542; x_wconf 87' lang='lat' dir='ltr'>prompta</span> <span class='ocrx_word' id='word_1_299' title='bbox 2042 501 2082 532; x_wconf 91' lang='lat' dir='ltr'>sit</span> <span class='ocrx_word' id='word_1_300' title='bbox 2105 502 2266 532; x_wconf 84' lang='lat' dir='ltr'>Ecclesiae</span> <span class='ocrx_word' id='word_1_301' title='bbox 2295 507 2423 533; x_wconf 84' lang='lat' dir='ltr'>sanctae</span> <span class='ocrx_word' id='word_1_302' title='bbox 2451 501 2630 535; x_wconf 81' lang='lat' dir='ltr'>definitioni</span> 
     </span>
     <span class='ocr_line' id='line_1_47' title="bbox 1569 546 1707 576; baseline -0.007 0"><span class='ocrx_word' id='word_1_303' title='bbox 1569 546 1707 576; x_wconf 90' lang='lat' dir='ltr'>subesse.</span> 
     </span>
    </p>

    <p class='ocr_par' dir='ltr' id='par_1_12' title="bbox 1570 588 2630 676">
     <span class='ocr_line' id='line_1_48' title="bbox 1624 588 2630 631; baseline 0.002 -12"><span class='ocrx_word' id='word_1_304' title='bbox 1624 589 1692 619; x_wconf 87' lang='lat' dir='ltr'>VII.</span> <span class='ocrx_word' id='word_1_305' title='bbox 1717 589 1906 630; x_wconf 88' lang='lat' dir='ltr'>Scripsimus</span> <span class='ocrx_word' id='word_1_306' title='bbox 1922 588 1963 620; x_wconf 88' lang='lat' dir='ltr'>de</span> <span class='ocrx_word' id='word_1_307' title='bbox 1985 589 2045 620; x_wconf 89' lang='lat' dir='ltr'>hac</span> <span class='ocrx_word' id='word_1_308' title='bbox 2067 589 2197 620; x_wconf 87' lang='lat' dir='ltr'>materia</span> <span class='ocrx_word' id='word_1_309' title='bbox 2219 590 2422 621; x_wconf 86' lang='lat' dir='ltr'>tractatulum</span> <span class='ocrx_word' id='word_1_310' title='bbox 2436 588 2598 631; x_wconf 77' lang='lat' dir='ltr'>quendam</span> <span class='ocrx_word' id='word_1_311' title='bbox 2613 591 2630 608; x_wconf 76' lang='grc'><strong>’</strong></span> 
     </span>
     <span class='ocr_line' id='line_1_49' title="bbox 1570 632 2629 676; baseline 0.002 -12"><span class='ocrx_word' id='word_1_312' title='bbox 1570 632 1610 664; x_wconf 91' lang='lat' dir='ltr'>ad</span> <span class='ocrx_word' id='word_1_313' title='bbox 1632 633 1779 664; x_wconf 90' lang='lat' dir='ltr'>Leonem</span> <span class='ocrx_word' id='word_1_314' title='bbox 1793 634 1832 670; x_wconf 92' lang='lat' dir='ltr'>X,</span> <span class='ocrx_word' id='word_1_315' title='bbox 1849 632 2041 664; x_wconf 85' lang='lat' dir='ltr'>Pontificem</span> <span class='ocrx_word' id='word_1_316' title='bbox 2054 633 2240 670; x_wconf 87' lang='lat' dir='ltr'>Maximum,</span> <span class='ocrx_word' id='word_1_317' title='bbox 2257 634 2313 675; x_wconf 81' lang='lat' dir='ltr'>qui</span> <span class='ocrx_word' id='word_1_318' title='bbox 2326 634 2407 666; x_wconf 71' lang='lat' dir='ltr'>vivit</span> <span class='ocrx_word' id='word_1_319' title='bbox 2424 639 2456 665; x_wconf 77' lang='lat' dir='ltr'>er</span> <span class='ocrx_word' id='word_1_320' title='bbox 2470 639 2589 676; x_wconf 76' lang='lat' dir='ltr'>regnat</span> <span class='ocrx_word' id='word_1_321' title='bbox 2602 635 2629 665; x_wconf 71' lang='lat'>*-</span> 
     </span>
    </p>
   </div>
   <div class='ocr_carea' id='block_1_11' title="bbox 2656 593 2781 672">
    <p class='ocr_par' dir='ltr' id='par_1_13' title="bbox 2656 593 2781 672">
     <span class='ocr_line' id='line_1_50' title="bbox 2658 593 2781 616; baseline 0 0"><span class='ocrx_word' id='word_1_322' title='bbox 2658 593 2668 604; x_wconf 79' lang='lat'>⁸</span> <span class='ocrx_word' id='word_1_323' title='bbox 2687 593 2742 616; x_wconf 65' lang='lat'>0¹</span> <span class='ocrx_word' id='word_1_324' title='bbox 2776 609 2781 616; x_wconf 59' lang='lat'><em>0</em></span> 
     </span>
     <span class='ocr_line' id='line_1_51' title="bbox 2656 618 2779 672; baseline -0.016 -1"><span class='ocrx_word' id='word_1_325' title='bbox 2656 618 2779 672; x_wconf 40' lang='lat' dir='ltr'>lii·</span> 
     </span>
    </p>
   </div>
   <div class='ocr_carea' id='block_1_12' title="bbox 2652 0 2872 648">
    <p class='ocr_par' dir='ltr' id='par_1_14' title="bbox 2652 0 2872 648">
     <span class='ocr_line' id='line_1_52' title="bbox 2652 0 2872 648; baseline 0 3322"><span class='ocrx_word' id='word_1_326' title='bbox 2652 0 2872 648; x_wconf 95' lang='lat' dir='ltr'> </span> 
     </span>
    </p>
   </div>
   <div class='ocr_carea' id='block_1_13' title="bbox 2759 594 2782 610">
    <p class='ocr_par' dir='ltr' id='par_1_15' title="bbox 2759 587 2782 610">
     <span class='ocr_line' id='line_1_53' title="bbox 2759 594 2782 610; baseline 0 0"><span class='ocrx_word' id='word_1_327' title='bbox 2759 594 2782 610; x_wconf 53' lang='lat' dir='ltr'>a·</span> 
     </span>
    </p>
   </div>
   <div class='ocr_carea' id='block_1_14' title="bbox 1570 670 2781 762">
    <p class='ocr_par' dir='ltr' id='par_1_16' title="bbox 1570 670 2781 763">
     <span class='ocr_line' id='line_1_54' title="bbox 1570 670 2781 711; baseline 0.002 -3"><span class='ocrx_word' id='word_1_328' title='bbox 1570 678 1611 708; x_wconf 90' lang='lat' dir='ltr'>Et</span> <span class='ocrx_word' id='word_1_329' title='bbox 1634 677 1707 708; x_wconf 90' lang='lat' dir='ltr'>ideo</span> <span class='ocrx_word' id='word_1_330' title='bbox 1732 683 1778 708; x_wconf 87' lang='lat' dir='ltr'>sat</span> <span class='ocrx_word' id='word_1_331' title='bbox 1800 678 1840 708; x_wconf 90' lang='lat' dir='ltr'>sit</span> <span class='ocrx_word' id='word_1_332' title='bbox 1862 677 1914 708; x_wconf 86' lang='lat' dir='ltr'>hic</span> <span class='ocrx_word' id='word_1_333' title='bbox 1937 678 2102 708; x_wconf 82' lang='lat' dir='ltr'>monuisse</span> <span class='ocrx_word' id='word_1_334' title='bbox 2125 686 2238 708; x_wconf 88' lang='lat' dir='ltr'>omnes</span> <span class='ocrx_word' id='word_1_335' title='bbox 2261 678 2301 709; x_wconf 88' lang='lat' dir='ltr'>de</span> <span class='ocrx_word' id='word_1_336' title='bbox 2319 687 2354 709; x_wconf 89' lang='lat' dir='ltr'>re</span> <span class='ocrx_word' id='word_1_337' title='bbox 2368 679 2428 709; x_wconf 86' lang='lat' dir='ltr'>hac</span> <span class='ocrx_word' id='word_1_338' title='bbox 2443 678 2631 711; x_wconf 72' lang='lat' dir='ltr'>disserentes</span> <span class='ocrx_word' id='word_1_339' title='bbox 2657 671 2731 711; x_wconf 56' lang='grc' dir='ltr'>ΕΜ·</span> <span class='ocrx_word' id='word_1_340' title='bbox 2745 670 2781 706; x_wconf 57' lang='grc' dir='ltr'><em>ἶ</em></span> 
     </span>
     <span class='ocr_line' id='line_1_55' title="bbox 1571 711 2769 762; baseline 0.003 -10"><span class='ocrx_word' id='word_1_341' title='bbox 1571 727 1626 752; x_wconf 89' lang='lat' dir='ltr'>aut</span> <span class='ocrx_word' id='word_1_342' title='bbox 1647 721 1876 762; x_wconf 87' lang='lat' dir='ltr'>praedicantes,</span> <span class='ocrx_word' id='word_1_343' title='bbox 1900 726 1936 751; x_wconf 92' lang='lat' dir='ltr'>ut</span> <span class='ocrx_word' id='word_1_344' title='bbox 1957 721 2162 752; x_wconf 84' lang='lat' dir='ltr'>meminerint</span> <span class='ocrx_word' id='word_1_345' title='bbox 2184 731 2218 752; x_wconf 86' lang='lat' dir='ltr'>se</span> <span class='ocrx_word' id='word_1_346' title='bbox 2239 731 2308 753; x_wconf 89' lang='lat' dir='ltr'>non</span> <span class='ocrx_word' id='word_1_347' title='bbox 2331 721 2372 755; x_wconf 89' lang='lat' dir='ltr'>de</span> <span class='ocrx_word' id='word_1_348' title='bbox 2393 721 2469 754; x_wconf 82' lang='lat' dir='ltr'>fidei</span> <span class='ocrx_word' id='word_1_349' title='bbox 2487 731 2631 755; x_wconf 75' lang='lat' dir='ltr'>necesse-</span> <span class='ocrx_word' id='word_1_350' title='bbox 2657 711 2769 755; x_wconf 50' lang='lat' dir='ltr'>lib-102</span> 
     </span>
    </p>
   </div>
   <div class='ocr_carea' id='block_1_15' title="bbox 1570 764 2634 1470">
    <p class='ocr_par' dir='ltr' id='par_1_17' title="bbox 1570 764 2634 1470">
     <span class='ocr_line' id='line_1_56' title="bbox 1571 764 2631 808; baseline 0.003 -13"><span class='ocrx_word' id='word_1_351' title='bbox 1571 766 1640 801; x_wconf 86' lang='lat' dir='ltr'>riis,</span> <span class='ocrx_word' id='word_1_352' title='bbox 1671 765 1727 796; x_wconf 89' lang='lat' dir='ltr'>sed</span> <span class='ocrx_word' id='word_1_353' title='bbox 1750 764 1789 796; x_wconf 91' lang='lat' dir='ltr'>de</span> <span class='ocrx_word' id='word_1_354' title='bbox 1812 765 2031 805; x_wconf 91' lang='lat' dir='ltr'>probabilibus</span> <span class='ocrx_word' id='word_1_355' title='bbox 2053 770 2203 796; x_wconf 87' lang='lat' dir='ltr'>tractare:</span> <span class='ocrx_word' id='word_1_356' title='bbox 2236 772 2349 797; x_wconf 86' lang='lat' dir='ltr'>neutra</span> <span class='ocrx_word' id='word_1_357' title='bbox 2378 765 2542 808; x_wconf 14' lang='lat' dir='ltr'>siquidem,</span> <span class='ocrx_word' id='word_1_358' title='bbox 2559 775 2631 807; x_wconf 80' lang='lat' dir='ltr'>pars</span> 
     </span>
     <span class='ocr_line' id='line_1_57' title="bbox 1571 808 2632 842; baseline 0.002 -2"><span class='ocrx_word' id='word_1_359' title='bbox 1571 809 1646 840; x_wconf 87' lang='lat' dir='ltr'>fidei</span> <span class='ocrx_word' id='word_1_360' title='bbox 1669 809 1871 840; x_wconf 87' lang='lat' dir='ltr'>documentis</span> <span class='ocrx_word' id='word_1_361' title='bbox 1894 808 2086 840; x_wconf 86' lang='lat' dir='ltr'>adversatur.</span> <span class='ocrx_word' id='word_1_362' title='bbox 2113 809 2197 841; x_wconf 88' lang='lat' dir='ltr'>Nam</span> <span class='ocrx_word' id='word_1_363' title='bbox 2219 810 2245 840; x_wconf 92' lang='lat' dir='ltr'>si</span> <span class='ocrx_word' id='word_1_364' title='bbox 2267 815 2393 842; x_wconf 88' lang='lat' dir='ltr'>tenetur</span> <span class='ocrx_word' id='word_1_365' title='bbox 2415 810 2546 842; x_wconf 81' lang='lat' dir='ltr'>Beatam</span> <span class='ocrx_word' id='word_1_366' title='bbox 2560 810 2632 841; x_wconf 81' lang='lat' dir='ltr'>vir-</span> 
     </span>
     <span class='ocr_line' id='line_1_58' title="bbox 1570 853 2632 895; baseline 0.002 -11"><span class='ocrx_word' id='word_1_367' title='bbox 1570 854 1678 894; x_wconf 91' lang='lat' dir='ltr'>ginem</span> <span class='ocrx_word' id='word_1_368' title='bbox 1702 853 1894 884; x_wconf 81' lang='lat' dir='ltr'>contraxisse</span> <span class='ocrx_word' id='word_1_369' title='bbox 1917 853 2070 893; x_wconf 85' lang='lat' dir='ltr'>originale</span> <span class='ocrx_word' id='word_1_370' title='bbox 2093 859 2272 894; x_wconf 87' lang='lat' dir='ltr'>peccatum,</span> <span class='ocrx_word' id='word_1_371' title='bbox 2288 860 2325 886; x_wconf 92' lang='lat' dir='ltr'>ut</span> <span class='ocrx_word' id='word_1_372' title='bbox 2339 854 2446 886; x_wconf 85' lang='lat' dir='ltr'>Sancti</span> <span class='ocrx_word' id='word_1_373' title='bbox 2462 859 2494 886; x_wconf 87' lang='lat' dir='ltr'>et</span> <span class='ocrx_word' id='word_1_374' title='bbox 2508 854 2632 895; x_wconf 81' lang='lat' dir='ltr'>antiqui</span> 
     </span>
     <span class='ocr_line' id='line_1_59' title="bbox 1571 897 2632 934; baseline 0.002 -6"><span class='ocrx_word' id='word_1_375' title='bbox 1571 897 1720 928; x_wconf 90' lang='lat' dir='ltr'>doctores</span> <span class='ocrx_word' id='word_1_376' title='bbox 1734 903 1854 934; x_wconf 89' lang='lat' dir='ltr'>tenent,</span> <span class='ocrx_word' id='word_1_377' title='bbox 1871 903 1995 928; x_wconf 87' lang='lat' dir='ltr'>constat</span> <span class='ocrx_word' id='word_1_378' title='bbox 2011 898 2120 928; x_wconf 89' lang='lat' dir='ltr'>omnia</span> <span class='ocrx_word' id='word_1_379' title='bbox 2142 908 2286 929; x_wconf 87' lang='lat' dir='ltr'>consona</span> <span class='ocrx_word' id='word_1_380' title='bbox 2299 899 2445 933; x_wconf 87' lang='lat' dir='ltr'>inveniri.</span> <span class='ocrx_word' id='word_1_381' title='bbox 2467 899 2502 930; x_wconf 87' lang='lat' dir='ltr'>Si</span> <span class='ocrx_word' id='word_1_382' title='bbox 2523 904 2632 933; x_wconf 81' lang='lat' dir='ltr'>autem</span> 
     </span>
     <span class='ocr_line' id='line_1_60' title="bbox 1571 941 2632 983; baseline 0.002 -11"><span class='ocrx_word' id='word_1_383' title='bbox 1571 947 1696 972; x_wconf 90' lang='lat' dir='ltr'>tenetur</span> <span class='ocrx_word' id='word_1_384' title='bbox 1719 942 1850 972; x_wconf 88' lang='lat' dir='ltr'>Beatam</span> <span class='ocrx_word' id='word_1_385' title='bbox 1873 941 2048 982; x_wconf 84' lang='lat' dir='ltr'>Virginem,</span> <span class='ocrx_word' id='word_1_386' title='bbox 2071 951 2139 973; x_wconf 90' lang='lat' dir='ltr'>non</span> <span class='ocrx_word' id='word_1_387' title='bbox 2163 951 2201 973; x_wconf 89' lang='lat' dir='ltr'>ex</span> <span class='ocrx_word' id='word_1_388' title='bbox 2219 943 2251 973; x_wconf 80' lang='lat' dir='ltr'>vi</span> <span class='ocrx_word' id='word_1_389' title='bbox 2266 943 2499 983; x_wconf 83' lang='lat' dir='ltr'>conceptionis,</span> <span class='ocrx_word' id='word_1_390' title='bbox 2522 942 2578 974; x_wconf 81' lang='lat' dir='ltr'>sed</span> <span class='ocrx_word' id='word_1_391' title='bbox 2593 952 2632 975; x_wconf 83' lang='lat' dir='ltr'>ex</span> 
     </span>
     <span class='ocr_line' id='line_1_61' title="bbox 1570 981 2632 1026; baseline 0.004 -11"><span class='ocrx_word' id='word_1_392' title='bbox 1570 986 1669 1026; x_wconf 84' lang='lat' dir='ltr'>gratia</span> <span class='ocrx_word' id='word_1_393' title='bbox 1691 986 1939 1025; x_wconf 85' lang='lat' dir='ltr'>singularissima</span> <span class='ocrx_word' id='word_1_394' title='bbox 1960 986 1994 1016; x_wconf 90' lang='lat' dir='ltr'>in</span> <span class='ocrx_word' id='word_1_395' title='bbox 2017 986 2088 1026; x_wconf 91' lang='lat' dir='ltr'>ipso</span> <span class='ocrx_word' id='word_1_396' title='bbox 2106 987 2237 1018; x_wconf 85' lang='lat' dir='ltr'>instanti</span> <span class='ocrx_word' id='word_1_397' title='bbox 2258 981 2429 1018; x_wconf 81' lang='lat' dir='ltr'>infusionis</span> <span class='ocrx_word' id='word_1_398' title='bbox 2443 987 2568 1020; x_wconf 80' lang='lat' dir='ltr'>animae</span> <span class='ocrx_word' id='word_1_399' title='bbox 2582 987 2632 1023; x_wconf 70' lang='lat' dir='ltr'>in-</span> 
     </span>
     <span class='ocr_line' id='line_1_62' title="bbox 1571 1029 2634 1072; baseline 0.003 -12"><span class='ocrx_word' id='word_1_400' title='bbox 1571 1029 1641 1061; x_wconf 92' lang='lat' dir='ltr'>fusa</span> <span class='ocrx_word' id='word_1_401' title='bbox 1664 1029 1709 1060; x_wconf 90' lang='lat' dir='ltr'>illi</span> <span class='ocrx_word' id='word_1_402' title='bbox 1732 1031 1866 1066; x_wconf 88' lang='lat' dir='ltr'>animae,</span> <span class='ocrx_word' id='word_1_403' title='bbox 1889 1036 2121 1070; x_wconf 87' lang='lat' dir='ltr'>praeservatam</span> <span class='ocrx_word' id='word_1_404' title='bbox 2145 1030 2184 1061; x_wconf 91' lang='lat' dir='ltr'>ab</span> <span class='ocrx_word' id='word_1_405' title='bbox 2208 1031 2352 1071; x_wconf 86' lang='lat' dir='ltr'>originali</span> <span class='ocrx_word' id='word_1_406' title='bbox 2374 1035 2519 1072; x_wconf 74' lang='lat' dir='ltr'>peccam,</span> <span class='ocrx_word' id='word_1_407' title='bbox 2543 1029 2634 1072; x_wconf 72' lang='lat' dir='ltr'>quod</span> 
     </span>
     <span class='ocr_line' id='line_1_63' title="bbox 1570 1073 2632 1114; baseline 0.003 -10"><span class='ocrx_word' id='word_1_408' title='bbox 1570 1079 1648 1105; x_wconf 89' lang='lat' dir='ltr'>tunc</span> <span class='ocrx_word' id='word_1_409' title='bbox 1670 1074 1852 1104; x_wconf 85' lang='lat' dir='ltr'>incurrisset</span> <span class='ocrx_word' id='word_1_410' title='bbox 1874 1074 1935 1104; x_wconf 90' lang='lat' dir='ltr'>nisi</span> <span class='ocrx_word' id='word_1_411' title='bbox 1952 1073 2006 1105; x_wconf 89' lang='lat' dir='ltr'>illa</span> <span class='ocrx_word' id='word_1_412' title='bbox 2020 1074 2118 1114; x_wconf 85' lang='lat' dir='ltr'>gratia</span> <span class='ocrx_word' id='word_1_413' title='bbox 2133 1074 2288 1106; x_wconf 85' lang='lat' dir='ltr'>affuisset:</span> <span class='ocrx_word' id='word_1_414' title='bbox 2311 1075 2392 1107; x_wconf 80' lang='lat' dir='ltr'>nihil</span> <span class='ocrx_word' id='word_1_415' title='bbox 2409 1081 2521 1106; x_wconf 83' lang='lat' dir='ltr'>contra</span> <span class='ocrx_word' id='word_1_416' title='bbox 2534 1073 2632 1114; x_wconf 67' lang='lat' dir='ltr'>fidam</span> 
     </span>
     <span class='ocr_line' id='line_1_64' title="bbox 1570 1117 2633 1160; baseline 0.004 -12"><span class='ocrx_word' id='word_1_417' title='bbox 1570 1124 1706 1155; x_wconf 87' lang='lat' dir='ltr'>tenetur,</span> <span class='ocrx_word' id='word_1_418' title='bbox 1731 1117 1786 1149; x_wconf 91' lang='lat' dir='ltr'>sed</span> <span class='ocrx_word' id='word_1_419' title='bbox 1809 1118 1954 1159; x_wconf 89' lang='lat' dir='ltr'>specialis</span> <span class='ocrx_word' id='word_1_420' title='bbox 1977 1117 2094 1149; x_wconf 89' lang='lat' dir='ltr'>modus</span> <span class='ocrx_word' id='word_1_421' title='bbox 2117 1118 2293 1150; x_wconf 89' lang='lat' dir='ltr'>redimendi</span> <span class='ocrx_word' id='word_1_422' title='bbox 2313 1128 2350 1150; x_wconf 88' lang='lat' dir='ltr'>ac</span> <span class='ocrx_word' id='word_1_423' title='bbox 2366 1118 2507 1151; x_wconf 81' lang='lat' dir='ltr'>salvandi</span> <span class='ocrx_word' id='word_1_424' title='bbox 2524 1127 2633 1160; x_wconf 57' lang='lat' dir='ltr'>apae·-</span> 
     </span>
     <span class='ocr_line' id='line_1_65' title="bbox 1571 1162 2632 1204; baseline 0.003 -12"><span class='ocrx_word' id='word_1_425' title='bbox 1571 1168 1642 1193; x_wconf 87' lang='lat' dir='ltr'>cato</span> <span class='ocrx_word' id='word_1_426' title='bbox 1665 1162 1810 1202; x_wconf 87' lang='lat' dir='ltr'>originali</span> <span class='ocrx_word' id='word_1_427' title='bbox 1834 1162 1961 1193; x_wconf 87' lang='lat' dir='ltr'>Christo</span> <span class='ocrx_word' id='word_1_428' title='bbox 1980 1163 2160 1194; x_wconf 85' lang='lat' dir='ltr'>attribuitur</span> <span class='ocrx_word' id='word_1_429' title='bbox 2183 1168 2329 1204; x_wconf 91' lang='lat' dir='ltr'>respectu</span> <span class='ocrx_word' id='word_1_430' title='bbox 2348 1172 2423 1195; x_wconf 88' lang='lat' dir='ltr'>suae</span> <span class='ocrx_word' id='word_1_431' title='bbox 2438 1163 2557 1195; x_wconf 72' lang='lat' dir='ltr'>matris.</span> <span class='ocrx_word' id='word_1_432' title='bbox 2576 1162 2632 1195; x_wconf 67' lang='lat' dir='ltr'>rSric</span> 
     </span>
     <span class='ocr_line' id='line_1_66' title="bbox 1571 1206 2631 1248; baseline 0.002 -11"><span class='ocrx_word' id='word_1_433' title='bbox 1571 1207 1658 1237; x_wconf 89' lang='lat' dir='ltr'>enim</span> <span class='ocrx_word' id='word_1_434' title='bbox 1681 1207 1750 1247; x_wconf 89' lang='lat' dir='ltr'>ipsa</span> <span class='ocrx_word' id='word_1_435' title='bbox 1771 1207 1869 1237; x_wconf 88' lang='lat' dir='ltr'>Beata</span> <span class='ocrx_word' id='word_1_436' title='bbox 1883 1206 1982 1247; x_wconf 87' lang='lat' dir='ltr'>Virgo</span> <span class='ocrx_word' id='word_1_437' title='bbox 2005 1206 2142 1247; x_wconf 81' lang='lat' dir='ltr'>indiguit</span> <span class='ocrx_word' id='word_1_438' title='bbox 2163 1207 2276 1238; x_wconf 86' lang='lat' dir='ltr'>redimi</span> <span class='ocrx_word' id='word_1_439' title='bbox 2292 1213 2324 1238; x_wconf 91' lang='lat' dir='ltr'>et</span> <span class='ocrx_word' id='word_1_440' title='bbox 2338 1207 2448 1238; x_wconf 87' lang='lat' dir='ltr'>salvari</span> <span class='ocrx_word' id='word_1_441' title='bbox 2464 1217 2483 1239; x_wconf 80' lang='lat' dir='ltr'>a</span> <span class='ocrx_word' id='word_1_442' title='bbox 2497 1211 2631 1248; x_wconf 73' lang='lat' dir='ltr'>peceato</span> 
     </span>
     <span class='ocr_line' id='line_1_67' title="bbox 1570 1250 2631 1292; baseline 0.001 -11"><span class='ocrx_word' id='word_1_443' title='bbox 1570 1260 1628 1291; x_wconf 90' lang='lat' dir='ltr'>per</span> <span class='ocrx_word' id='word_1_444' title='bbox 1650 1250 1831 1290; x_wconf 85' lang='lat' dir='ltr'>Christum:</span> <span class='ocrx_word' id='word_1_445' title='bbox 1867 1251 2022 1291; x_wconf 71' lang='lat' dir='ltr'>quoniam</span> <span class='ocrx_word' id='word_1_446' title='bbox 2045 1252 2113 1291; x_wconf 85' lang='lat' dir='ltr'>ipsa</span> <span class='ocrx_word' id='word_1_447' title='bbox 2141 1257 2220 1282; x_wconf 91' lang='lat' dir='ltr'>tunc</span> <span class='ocrx_word' id='word_1_448' title='bbox 2241 1252 2424 1283; x_wconf 88' lang='lat' dir='ltr'>incurrisset</span> <span class='ocrx_word' id='word_1_449' title='bbox 2445 1257 2631 1292; x_wconf 71' lang='lat' dir='ltr'>peccatum,</span> 
     </span>
     <span class='ocr_line' id='line_1_68' title="bbox 1570 1295 2631 1336; baseline 0.002 -11"><span class='ocrx_word' id='word_1_450' title='bbox 1570 1295 1631 1326; x_wconf 89' lang='lat' dir='ltr'>nisi</span> <span class='ocrx_word' id='word_1_451' title='bbox 1653 1305 1772 1325; x_wconf 90' lang='lat' dir='ltr'>munus</span> <span class='ocrx_word' id='word_1_452' title='bbox 1794 1295 1912 1335; x_wconf 85' lang='lat' dir='ltr'>gratiae</span> <span class='ocrx_word' id='word_1_453' title='bbox 1927 1296 2170 1335; x_wconf 84' lang='lat' dir='ltr'>praevenientis,</span> <span class='ocrx_word' id='word_1_454' title='bbox 2193 1305 2261 1327; x_wconf 89' lang='lat' dir='ltr'>non</span> <span class='ocrx_word' id='word_1_455' title='bbox 2276 1301 2423 1336; x_wconf 90' lang='lat' dir='ltr'>tempore</span> <span class='ocrx_word' id='word_1_456' title='bbox 2438 1295 2495 1327; x_wconf 89' lang='lat' dir='ltr'>sed</span> <span class='ocrx_word' id='word_1_457' title='bbox 2509 1301 2631 1333; x_wconf 54' lang='lat' dir='ltr'>nanta,</span> 
     </span>
     <span class='ocr_line' id='line_1_69' title="bbox 1571 1336 2632 1382; baseline 0.004 -13"><span class='ocrx_word' id='word_1_458' title='bbox 1571 1338 1720 1370; x_wconf 86' lang='lat' dir='ltr'>affuisset.</span> <span class='ocrx_word' id='word_1_459' title='bbox 1744 1339 1786 1369; x_wconf 90' lang='lat' dir='ltr'>Et</span> <span class='ocrx_word' id='word_1_460' title='bbox 1807 1340 1850 1370; x_wconf 90' lang='lat' dir='ltr'>ita</span> <span class='ocrx_word' id='word_1_461' title='bbox 1873 1340 1992 1380; x_wconf 86' lang='lat' dir='ltr'>puritas</span> <span class='ocrx_word' id='word_1_462' title='bbox 2015 1339 2084 1370; x_wconf 88' lang='lat' dir='ltr'>eius</span> <span class='ocrx_word' id='word_1_463' title='bbox 2106 1338 2166 1370; x_wconf 85' lang='lat' dir='ltr'>fuit</span> <span class='ocrx_word' id='word_1_464' title='bbox 2188 1341 2326 1371; x_wconf 79' lang='lat' dir='ltr'>maxima</span> <span class='ocrx_word' id='word_1_465' title='bbox 2344 1340 2403 1371; x_wconf 92' lang='lat' dir='ltr'>sub</span> <span class='ocrx_word' id='word_1_466' title='bbox 2420 1336 2632 1382; x_wconf 62' lang='lat' dir='ltr'>Chxisto,7qui</span> 
     </span>
     <span class='ocr_line' id='line_1_70' title="bbox 1570 1382 2632 1425; baseline 0.003 -11"><span class='ocrx_word' id='word_1_467' title='bbox 1570 1383 1661 1414; x_wconf 92' lang='lat' dir='ltr'>nullo</span> <span class='ocrx_word' id='word_1_468' title='bbox 1684 1383 1785 1414; x_wconf 93' lang='lat' dir='ltr'>modo</span> <span class='ocrx_word' id='word_1_469' title='bbox 1809 1382 1946 1424; x_wconf 80' lang='lat' dir='ltr'>indiguit</span> <span class='ocrx_word' id='word_1_470' title='bbox 1967 1383 2091 1420; x_wconf 88' lang='lat' dir='ltr'>redimi,</span> <span class='ocrx_word' id='word_1_471' title='bbox 2115 1384 2172 1424; x_wconf 89' lang='lat' dir='ltr'>qui</span> <span class='ocrx_word' id='word_1_472' title='bbox 2195 1394 2233 1415; x_wconf 87' lang='lat' dir='ltr'>ex</span> <span class='ocrx_word' id='word_1_473' title='bbox 2255 1385 2287 1415; x_wconf 85' lang='lat' dir='ltr'>vi</span> <span class='ocrx_word' id='word_1_474' title='bbox 2309 1393 2386 1415; x_wconf 90' lang='lat' dir='ltr'>suae</span> <span class='ocrx_word' id='word_1_475' title='bbox 2409 1385 2632 1425; x_wconf 75' lang='lat' dir='ltr'>conceptionis</span> 
     </span>
     <span class='ocr_line' id='line_1_71' title="bbox 1570 1427 2634 1470; baseline 0.003 -12"><span class='ocrx_word' id='word_1_476' title='bbox 1570 1427 1631 1458; x_wconf 91' lang='lat' dir='ltr'>fuit</span> <span class='ocrx_word' id='word_1_477' title='bbox 1654 1433 1791 1458; x_wconf 87' lang='lat' dir='ltr'>sanctus.</span> <span class='ocrx_word' id='word_1_478' title='bbox 1822 1428 1962 1468; x_wconf 86' lang='lat' dir='ltr'>Fuitque</span> <span class='ocrx_word' id='word_1_479' title='bbox 1984 1428 2018 1458; x_wconf 91' lang='lat' dir='ltr'>in</span> <span class='ocrx_word' id='word_1_480' title='bbox 2041 1427 2138 1459; x_wconf 84' lang='lat' dir='ltr'>Beata</span> <span class='ocrx_word' id='word_1_481' title='bbox 2160 1428 2291 1469; x_wconf 87' lang='lat' dir='ltr'>Virgine</span> <span class='ocrx_word' id='word_1_482' title='bbox 2313 1428 2400 1470; x_wconf 84' lang='lat' dir='ltr'>quod</span> <span class='ocrx_word' id='word_1_483' title='bbox 2422 1427 2565 1461; x_wconf 70' lang='lat' dir='ltr'>animate</span> <span class='ocrx_word' id='word_1_484' title='bbox 2585 1434 2634 1461; x_wconf 72' lang='lat' dir='ltr'>est</span> 
     </span>
    </p>
   </div>
   <div class='ocr_carea' id='block_1_16' title="bbox 1569 1472 2671 1513">
    <p class='ocr_par' dir='ltr' id='par_1_18' title="bbox 1569 1472 2671 1513">
     <span class='ocr_line' id='line_1_72' title="bbox 1569 1472 2671 1513; baseline 0.002 -11"><span class='ocrx_word' id='word_1_485' title='bbox 1569 1473 1656 1512; x_wconf 89' lang='lat' dir='ltr'>prius</span> <span class='ocrx_word' id='word_1_486' title='bbox 1679 1478 1804 1507; x_wconf 90' lang='lat' dir='ltr'>natura,</span> <span class='ocrx_word' id='word_1_487' title='bbox 1828 1475 1896 1503; x_wconf 87' lang='lat' dir='ltr'>non</span> <span class='ocrx_word' id='word_1_488' title='bbox 1919 1477 2083 1512; x_wconf 88' lang='lat' dir='ltr'>tempore,</span> <span class='ocrx_word' id='word_1_489' title='bbox 2113 1481 2211 1512; x_wconf 91' lang='lat' dir='ltr'>quam</span> <span class='ocrx_word' id='word_1_490' title='bbox 2233 1472 2320 1513; x_wconf 84' lang='lat' dir='ltr'>quod</span> <span class='ocrx_word' id='word_1_491' title='bbox 2341 1472 2512 1513; x_wconf 68' lang='lat' dir='ltr'>spirituale</span> <span class='ocrx_word' id='word_1_492' title='bbox 2535 1473 2630 1508; x_wconf 66' lang='lat'>081⁹:</span> <span class='ocrx_word' id='word_1_493' title='bbox 2659 1475 2671 1487; x_wconf 74' lang='lat'>⁶</span> 
     </span>
    </p>
   </div>
   <div class='ocr_carea' id='block_1_17' title="bbox 1571 1516 2632 1558">
    <p class='ocr_par' dir='ltr' id='par_1_19' title="bbox 1571 1516 2632 1558">
     <span class='ocr_line' id='line_1_73' title="bbox 1571 1516 2632 1558; baseline 0.003 -12"><span class='ocrx_word' id='word_1_494' title='bbox 1571 1517 1726 1556; x_wconf 86' lang='lat' dir='ltr'>quoniam</span> <span class='ocrx_word' id='word_1_495' title='bbox 1749 1516 1868 1547; x_wconf 88' lang='lat' dir='ltr'>infusio</span> <span class='ocrx_word' id='word_1_496' title='bbox 1892 1517 2008 1556; x_wconf 84' lang='lat' dir='ltr'>gratiae</span> <span class='ocrx_word' id='word_1_497' title='bbox 2031 1516 2065 1547; x_wconf 88' lang='lat' dir='ltr'>in</span> <span class='ocrx_word' id='word_1_498' title='bbox 2088 1517 2187 1557; x_wconf 90' lang='lat' dir='ltr'>ipsius</span> <span class='ocrx_word' id='word_1_499' title='bbox 2208 1517 2314 1548; x_wconf 89' lang='lat' dir='ltr'>anima</span> <span class='ocrx_word' id='word_1_500' title='bbox 2336 1517 2492 1558; x_wconf 86' lang='lat' dir='ltr'>supponit</span> <span class='ocrx_word' id='word_1_501' title='bbox 2511 1516 2632 1558; x_wconf 80' lang='lat' dir='ltr'>produ—</span> 
     </span>
    </p>
   </div>
   <div class='ocr_carea' id='block_1_18' title="bbox 2657 750 2680 774">
    <p class='ocr_par' dir='ltr' id='par_1_20' title="bbox 2657 750 2680 774">
     <span class='ocr_line' id='line_1_74' title="bbox 2657 750 2680 774; baseline 0 0"><span class='ocrx_word' id='word_1_502' title='bbox 2657 750 2680 774; x_wconf 80' lang='lat'>8.</span> 
     </span>
    </p>
   </div>
   <div class='ocr_carea' id='block_1_19' title="bbox 1571 1552 2841 1616">
    <p class='ocr_par' dir='ltr' id='par_1_21' title="bbox 1571 1552 2841 1616">
     <span class='ocr_line' id='line_1_75' title="bbox 1571 1552 2841 1616; baseline 0.001 -25"><span class='ocrx_word' id='word_1_503' title='bbox 1571 1561 1713 1592; x_wconf 87' lang='lat' dir='ltr'>ctionem</span> <span class='ocrx_word' id='word_1_504' title='bbox 1736 1561 1875 1598; x_wconf 89' lang='lat' dir='ltr'>animae;</span> <span class='ocrx_word' id='word_1_505' title='bbox 1901 1561 2056 1601; x_wconf 88' lang='lat' dir='ltr'>quamvis,</span> <span class='ocrx_word' id='word_1_506' title='bbox 2080 1566 2117 1591; x_wconf 91' lang='lat' dir='ltr'>ut</span> <span class='ocrx_word' id='word_1_507' title='bbox 2139 1560 2261 1592; x_wconf 89' lang='lat' dir='ltr'>dictum</span> <span class='ocrx_word' id='word_1_508' title='bbox 2281 1566 2336 1598; x_wconf 88' lang='lat' dir='ltr'>est,</span> <span class='ocrx_word' id='word_1_509' title='bbox 2353 1561 2536 1602; x_wconf 80' lang='lat' dir='ltr'>praeveniat</span> <span class='ocrx_word' id='word_1_510' title='bbox 2555 1569 2634 1603; x_wconf 70' lang='lat' dir='ltr'>pec-</span> <span class='ocrx_word' id='word_1_511' title='bbox 2667 1586 2670 1587; x_wconf 17' lang='grc' dir='ltr'><em>γ</em></span> <span class='ocrx_word' id='word_1_512' title='bbox 2714 1558 2772 1616; x_wconf 61' lang='lat' dir='ltr'>&#39;5ss</span> <span class='ocrx_word' id='word_1_513' title='bbox 2831 1552 2841 1556; x_wconf 22' lang='grc' dir='ltr'>Ν</span> 
     </span>
    </p>
   </div>
   <div class='ocr_carea' id='block_1_20' title="bbox 1570 1604 2633 1778">
    <p class='ocr_par' dir='ltr' id='par_1_22' title="bbox 1570 1604 2633 1778">
     <span class='ocr_line' id='line_1_76' title="bbox 1571 1604 2633 1646; baseline 0.003 -11"><span class='ocrx_word' id='word_1_514' title='bbox 1571 1605 1631 1635; x_wconf 90' lang='lat' dir='ltr'>cati</span> <span class='ocrx_word' id='word_1_515' title='bbox 1654 1605 1824 1641; x_wconf 86' lang='lat' dir='ltr'>maculam,</span> <span class='ocrx_word' id='word_1_516' title='bbox 1848 1614 1931 1645; x_wconf 90' lang='lat' dir='ltr'>quae</span> <span class='ocrx_word' id='word_1_517' title='bbox 1954 1610 2031 1636; x_wconf 91' lang='lat' dir='ltr'>tunc</span> <span class='ocrx_word' id='word_1_518' title='bbox 2046 1604 2236 1636; x_wconf 88' lang='lat' dir='ltr'>incurrenda</span> <span class='ocrx_word' id='word_1_519' title='bbox 2253 1610 2319 1636; x_wconf 89' lang='lat' dir='ltr'>erat</span> <span class='ocrx_word' id='word_1_520' title='bbox 2340 1605 2402 1636; x_wconf 88' lang='lat' dir='ltr'>nisi</span> <span class='ocrx_word' id='word_1_521' title='bbox 2424 1606 2524 1646; x_wconf 79' lang='lat' dir='ltr'>gratia</span> <span class='ocrx_word' id='word_1_522' title='bbox 2542 1604 2633 1641; x_wconf 77' lang='lat' dir='ltr'>illam</span> 
     </span>
     <span class='ocr_line' id='line_1_77' title="bbox 1570 1648 2632 1690; baseline 0.002 -11"><span class='ocrx_word' id='word_1_523' title='bbox 1570 1648 1775 1689; x_wconf 90' lang='lat' dir='ltr'>impedisset;</span> <span class='ocrx_word' id='word_1_524' title='bbox 1798 1667 1821 1672; x_wconf 90' lang='lat'>-</span> <span class='ocrx_word' id='word_1_525' title='bbox 1843 1649 2015 1689; x_wconf 88' lang='lat' dir='ltr'>probabilis</span> <span class='ocrx_word' id='word_1_526' title='bbox 2036 1648 2182 1689; x_wconf 87' lang='lat' dir='ltr'>profecto</span> <span class='ocrx_word' id='word_1_527' title='bbox 2206 1650 2333 1690; x_wconf 86' lang='lat' dir='ltr'>opinio,</span> <span class='ocrx_word' id='word_1_528' title='bbox 2357 1650 2419 1680; x_wconf 88' lang='lat' dir='ltr'>nisi</span> <span class='ocrx_word' id='word_1_529' title='bbox 2442 1649 2632 1683; x_wconf 78' lang='lat' dir='ltr'>Sanctorum</span> 
     </span>
     <span class='ocr_line' id='line_1_78' title="bbox 1571 1692 2633 1734; baseline 0.001 -10"><span class='ocrx_word' id='word_1_530' title='bbox 1571 1693 1778 1733; x_wconf 89' lang='lat' dir='ltr'>antiquorum</span> <span class='ocrx_word' id='word_1_531' title='bbox 1801 1693 1971 1724; x_wconf 87' lang='lat' dir='ltr'>auctoritas</span> <span class='ocrx_word' id='word_1_532' title='bbox 1994 1694 2148 1730; x_wconf 85' lang='lat' dir='ltr'>obstaret,</span> <span class='ocrx_word' id='word_1_533' title='bbox 2172 1693 2269 1734; x_wconf 86' lang='lat' dir='ltr'>longe</span> <span class='ocrx_word' id='word_1_534' title='bbox 2291 1693 2541 1734; x_wconf 80' lang='lat' dir='ltr'>probabiliorem</span> <span class='ocrx_word' id='word_1_535' title='bbox 2562 1692 2633 1727; x_wconf 80' lang='lat' dir='ltr'>red-</span> 
     </span>
     <span class='ocr_line' id='line_1_79' title="bbox 1572 1737 2090 1778; baseline 0 -10"><span class='ocrx_word' id='word_1_536' title='bbox 1572 1737 1650 1768; x_wconf 90' lang='lat' dir='ltr'>dens</span> <span class='ocrx_word' id='word_1_537' title='bbox 1673 1738 1862 1768; x_wconf 88' lang='lat' dir='ltr'>contrariam</span> <span class='ocrx_word' id='word_1_538' title='bbox 1885 1738 2090 1778; x_wconf 88' lang='lat' dir='ltr'>positionem.</span> 
     </span>
    </p>
   </div>
   <div class='ocr_carea' id='block_1_21' title="bbox 790 1918 2300 2055">
    <p class='ocr_par' dir='ltr' id='par_1_23' title="bbox 790 1918 2300 2055">
     <span class='ocr_line' id='line_1_80' title="bbox 1256 1918 1831 1961; baseline -0.002 0"><span class='ocrx_word' id='word_1_539' title='bbox 1256 1918 1573 1961; x_wconf 89' lang='lat' dir='ltr'>ARTICULUS</span> <span class='ocrx_word' id='word_1_540' title='bbox 1602 1919 1831 1961; x_wconf 89' lang='lat' dir='ltr'>TERTIUS</span> 
     </span>
     <span class='ocr_line' id='line_1_81' title="bbox 790 2018 2300 2055; baseline -0.003 -1"><span class='ocrx_word' id='word_1_541' title='bbox 790 2022 946 2055; x_wconf 84' lang='lat' dir='ltr'><strong>UTRUM</strong></span> <span class='ocrx_word' id='word_1_542' title='bbox 970 2022 1117 2053; x_wconf 85' lang='lat' dir='ltr'><strong>BEATA</strong></span> <span class='ocrx_word' id='word_1_543' title='bbox 1140 2021 1275 2053; x_wconf 80' lang='lat' dir='ltr'>V1RGo</span> <span class='ocrx_word' id='word_1_544' title='bbox 1299 2021 1459 2052; x_wconf 86' lang='lat' dir='ltr'>FUERIT</span> <span class='ocrx_word' id='word_1_545' title='bbox 1483 2021 1731 2052; x_wconf 88' lang='lat' dir='ltr'><strong>EMUNDATA</strong></span> <span class='ocrx_word' id='word_1_546' title='bbox 1753 2021 1809 2051; x_wconf 85' lang='lat' dir='ltr'>AB</span> <span class='ocrx_word' id='word_1_547' title='bbox 1834 2019 2100 2051; x_wconf 81' lang='lat' dir='ltr'>INFECTIONE</span> <span class='ocrx_word' id='word_1_548' title='bbox 2123 2018 2300 2050; x_wconf 84' lang='lat' dir='ltr'>FOMITIS</span> 
     </span>
    </p>
   </div>
   <div class='ocr_carea' id='block_1_22' title="bbox 761 2107 2325 2177">
    <p class='ocr_par' dir='ltr' id='par_1_24' title="bbox 761 2107 2325 2177">
     <span class='ocr_line' id='line_1_82' title="bbox 761 2107 2325 2142; baseline -0.002 -6"><span class='ocrx_word' id='word_1_549' title='bbox 761 2111 835 2141; x_wconf 82' lang='lat' dir='ltr'>Infra,</span> <span class='ocrx_word' id='word_1_550' title='bbox 856 2117 902 2136; x_wconf 77' lang='lat' dir='ltr'>an.</span> <span class='ocrx_word' id='word_1_551' title='bbox 920 2118 946 2142; x_wconf 88' lang='lat'>4,</span> <span class='ocrx_word' id='word_1_552' title='bbox 965 2110 997 2135; x_wconf 80' lang='lat' dir='ltr'>ad</span> <span class='ocrx_word' id='word_1_553' title='bbox 1018 2116 1047 2141; x_wconf 82' lang='lat'>1;</span> <span class='ocrx_word' id='word_1_554' title='bbox 1067 2114 1113 2134; x_wconf 78' lang='lat' dir='ltr'>art.</span> <span class='ocrx_word' id='word_1_555' title='bbox 1134 2108 1157 2140; x_wconf 88' lang='lat'>5,</span> <span class='ocrx_word' id='word_1_556' title='bbox 1177 2109 1208 2133; x_wconf 81' lang='lat' dir='ltr'>ad</span> <span class='ocrx_word' id='word_1_557' title='bbox 1229 2116 1258 2139; x_wconf 85' lang='lat'>2;</span> <span class='ocrx_word' id='word_1_558' title='bbox 1277 2109 1308 2133; x_wconf 86' lang='lat'>111</span> <span class='ocrx_word' id='word_1_559' title='bbox 1328 2108 1411 2138; x_wconf 77' lang='lat' dir='ltr'>Sent„</span> <span class='ocrx_word' id='word_1_560' title='bbox 1431 2107 1490 2133; x_wconf 82' lang='lat' dir='ltr'>dist.</span> <span class='ocrx_word' id='word_1_561' title='bbox 1509 2115 1546 2137; x_wconf 82' lang='grc' dir='ltr'>ιιι,</span> <span class='ocrx_word' id='word_1_562' title='bbox 1565 2115 1610 2140; x_wconf 92' lang='lat' dir='ltr'>qu.</span> <span class='ocrx_word' id='word_1_563' title='bbox 1628 2115 1646 2138; x_wconf 84' lang='lat'>1,</span> <span class='ocrx_word' id='word_1_564' title='bbox 1666 2112 1712 2132; x_wconf 82' lang='lat' dir='ltr'>art.</span> <span class='ocrx_word' id='word_1_565' title='bbox 1732 2114 1756 2139; x_wconf 87' lang='lat'>2,</span> <span class='ocrx_word' id='word_1_566' title='bbox 1775 2107 1825 2140; x_wconf 73' lang='lat' dir='ltr'>qu’</span> <span class='ocrx_word' id='word_1_567' title='bbox 1846 2113 1856 2132; x_wconf 73' lang='grc' dir='ltr'><strong>ι</strong></span> <span class='ocrx_word' id='word_1_568' title='bbox 1867 2115 1875 2138; x_wconf 86' lang='lat'>;</span> <span class='ocrx_word' id='word_1_569' title='bbox 1895 2107 1998 2139; x_wconf 64' lang='grc' dir='ltr'><em>Εαφοε.</em></span> <span class='ocrx_word' id='word_1_570' title='bbox 2012 2107 2120 2139; x_wconf 78' lang='lat' dir='ltr'>primae</span> <span class='ocrx_word' id='word_1_571' title='bbox 2132 2107 2224 2139; x_wconf 76' lang='lat' dir='ltr'>partis</span> <span class='ocrx_word' id='word_1_572' title='bbox 2242 2110 2325 2136; x_wconf 78' lang='lat' dir='ltr'>text.‚·</span> 
     </span>
     <span class='ocr_line' id='line_1_83' title="bbox 1113 2143 1974 2177; baseline -0.003 -7"><span class='ocrx_word' id='word_1_573' title='bbox 1113 2145 1256 2177; x_wconf 83' lang='lat' dir='ltr'>Compend.</span> <span class='ocrx_word' id='word_1_574' title='bbox 1280 2144 1377 2175; x_wconf 70' lang='lat'>771201„</span> <span class='ocrx_word' id='word_1_575' title='bbox 1396 2151 1452 2176; x_wconf 89' lang='lat' dir='ltr'>cap.</span> <span class='ocrx_word' id='word_1_576' title='bbox 1471 2150 1572 2174; x_wconf 87' lang='lat' dir='ltr'>ccxxrv,</span> <span class='ocrx_word' id='word_1_577' title='bbox 1591 2150 1688 2174; x_wconf 86' lang='lat' dir='ltr'>ccxxv;</span> <span class='ocrx_word' id='word_1_578' title='bbox 1709 2143 1739 2167; x_wconf 88' lang='lat' dir='ltr'>In</span> <span class='ocrx_word' id='word_1_579' title='bbox 1761 2143 1863 2173; x_wconf 71' lang='lat' dir='ltr'>Ierem„</span> <span class='ocrx_word' id='word_1_580' title='bbox 1883 2150 1939 2175; x_wconf 87' lang='lat' dir='ltr'>cap.</span> <span class='ocrx_word' id='word_1_581' title='bbox 1957 2150 1974 2167; x_wconf 83' lang='lat'>1.</span> 
     </span>
    </p>
   </div>
   <div class='ocr_carea' id='block_1_23' title="bbox 469 2263 654 2447">
    <p class='ocr_par' dir='ltr' id='par_1_25' title="bbox 469 2263 654 2447">
     <span class='ocr_line' id='line_1_84' title="bbox 469 2263 654 2351; baseline 0 0"><span class='ocrx_word' id='word_1_582' title='bbox 469 2263 654 2351; x_wconf 95' lang='lat' dir='ltr'>   </span> 
     </span>
     <span class='ocr_line' id='line_1_85' title="bbox 469 2351 561 2447; baseline 0 -31"><span class='ocrx_word' id='word_1_583' title='bbox 469 2351 561 2447; x_wconf 95' lang='lat' dir='ltr'>   </span> 
     </span>
    </p>
   </div>
   <div class='ocr_carea' id='block_1_24' title="bbox 458 2241 1522 3505">
    <p class='ocr_par' dir='ltr' id='par_1_26' title="bbox 458 2241 1518 2708">
     <span class='ocr_line' id='line_1_86' title="bbox 664 2241 1515 2291; baseline -0.007 -7"><span class='ocrx_word' id='word_1_584' title='bbox 664 2260 686 2284; x_wconf 88' lang='lat' dir='ltr'>D</span> <span class='ocrx_word' id='word_1_585' title='bbox 714 2257 872 2283; x_wconf 68' lang='lat' dir='ltr'>”ri-:nrum</span> <span class='ocrx_word' id='word_1_586' title='bbox 894 2257 946 2282; x_wconf 78' lang='lat' dir='ltr'>sm</span> <span class='ocrx_word' id='word_1_587' title='bbox 965 2255 1201 2281; x_wconf 73' lang='lat' dir='ltr'>paocanrrua.</span> <span class='ocrx_word' id='word_1_588' title='bbox 1228 2242 1390 2279; x_wconf 89' lang='lat' dir='ltr'>Videtur</span> <span class='ocrx_word' id='word_1_589' title='bbox 1408 2241 1515 2291; x_wconf 93' lang='lat' dir='ltr'>quod</span> 
     </span>
     <span class='ocr_line' id='line_1_87' title="bbox 579 2291 1515 2352; baseline -0.006 -15"><span class='ocrx_word' id='word_1_590' title='bbox 579 2291 645 2352; x_wconf 54' lang='lat' dir='ltr'>”CE&#39;Q</span> <span class='ocrx_word' id='word_1_591' title='bbox 665 2301 782 2337; x_wconf 90' lang='lat' dir='ltr'>Beata</span> <span class='ocrx_word' id='word_1_592' title='bbox 799 2298 916 2347; x_wconf 86' lang='lat' dir='ltr'>Virgo</span> <span class='ocrx_word' id='word_1_593' title='bbox 936 2309 1016 2334; x_wconf 91' lang='lat' dir='ltr'>non</span> <span class='ocrx_word' id='word_1_594' title='bbox 1035 2296 1146 2334; x_wconf 82' lang='lat' dir='ltr'>fuerit</span> <span class='ocrx_word' id='word_1_595' title='bbox 1165 2295 1375 2333; x_wconf 90' lang='lat' dir='ltr'>emundata</span> <span class='ocrx_word' id='word_1_596' title='bbox 1394 2295 1443 2332; x_wconf 91' lang='lat' dir='ltr'>ab</span> <span class='ocrx_word' id='word_1_597' title='bbox 1462 2294 1515 2331; x_wconf 93' lang='lat' dir='ltr'>in-</span> 
     </span>
     <span class='ocr_line' id='line_1_88' title="bbox 468 2329 1516 2403; baseline -0.006 -13"><span class='ocrx_word' id='word_1_598' title='bbox 468 2350 511 2394; x_wconf 80' lang='lat'>‘¹</span> <span class='ocrx_word' id='word_1_599' title='bbox 530 2329 638 2403; x_wconf 40' lang='lat' dir='ltr'>«twa</span> <span class='ocrx_word' id='word_1_600' title='bbox 665 2352 826 2390; x_wconf 80' lang='lat' dir='ltr'>sectione</span> <span class='ocrx_word' id='word_1_601' title='bbox 854 2350 1006 2388; x_wconf 89' lang='lat' dir='ltr'>fomitis.</span> <span class='ocrx_word' id='word_1_602' title='bbox 1038 2349 1144 2388; x_wconf 89' lang='lat' dir='ltr'>Sicut</span> <span class='ocrx_word' id='word_1_603' title='bbox 1163 2348 1266 2386; x_wconf 92' lang='lat' dir='ltr'>enim</span> <span class='ocrx_word' id='word_1_604' title='bbox 1286 2360 1415 2398; x_wconf 90' lang='lat' dir='ltr'>poena</span> <span class='ocrx_word' id='word_1_605' title='bbox 1442 2347 1516 2385; x_wconf 93' lang='lat' dir='ltr'>ori-</span> 
     </span>
     <span class='ocr_line' id='line_1_89' title="bbox 488 2382 1517 2454; baseline -0.005 -12"><span class='ocrx_word' id='word_1_606' title='bbox 488 2382 797 2454; x_wconf 46' lang='lat' dir='ltr'>ssffiXginalis</span> <span class='ocrx_word' id='word_1_607' title='bbox 824 2403 969 2454; x_wconf 87' lang='lat' dir='ltr'>peccati</span> <span class='ocrx_word' id='word_1_608' title='bbox 997 2411 1052 2440; x_wconf 88' lang='lat' dir='ltr'>est</span> <span class='ocrx_word' id='word_1_609' title='bbox 1079 2403 1223 2449; x_wconf 85' lang='lat' dir='ltr'>fomes,</span> <span class='ocrx_word' id='word_1_610' title='bbox 1253 2401 1321 2451; x_wconf 92' lang='lat' dir='ltr'>qui</span> <span class='ocrx_word' id='word_1_611' title='bbox 1348 2400 1517 2438; x_wconf 89' lang='lat' dir='ltr'>consistit</span> 
     </span>
     <span class='ocr_line' id='line_1_90' title="bbox 458 2453 1517 2497; baseline -0.006 -1"><span class='ocrx_word' id='word_1_612' title='bbox 458 2458 497 2495; x_wconf 91' lang='lat' dir='ltr'>in</span> <span class='ocrx_word' id='word_1_613' title='bbox 524 2458 746 2495; x_wconf 88' lang='lat' dir='ltr'>inferiorum</span> <span class='ocrx_word' id='word_1_614' title='bbox 774 2457 916 2495; x_wconf 89' lang='lat' dir='ltr'>virium</span> <span class='ocrx_word' id='word_1_615' title='bbox 944 2456 1150 2494; x_wconf 90' lang='lat' dir='ltr'>rebellione</span> <span class='ocrx_word' id='word_1_616' title='bbox 1178 2455 1227 2492; x_wconf 90' lang='lat' dir='ltr'>ad</span> <span class='ocrx_word' id='word_1_617' title='bbox 1247 2454 1446 2497; x_wconf 84' lang='lat' dir='ltr'>rationem,</span> <span class='ocrx_word' id='word_1_618' title='bbox 1467 2453 1517 2491; x_wconf 88' lang='lat' dir='ltr'>ita</span> 
     </span>
     <span class='ocr_line' id='line_1_91' title="bbox 459 2509 1516 2560; baseline -0.006 -11"><span class='ocrx_word' id='word_1_619' title='bbox 459 2511 571 2548; x_wconf 86' lang='lat' dir='ltr'>etiam</span> <span class='ocrx_word' id='word_1_620' title='bbox 599 2523 725 2560; x_wconf 89' lang='lat' dir='ltr'>poena</span> <span class='ocrx_word' id='word_1_621' title='bbox 753 2510 941 2559; x_wconf 90' lang='lat' dir='ltr'>originalis</span> <span class='ocrx_word' id='word_1_622' title='bbox 964 2509 1108 2559; x_wconf 88' lang='lat' dir='ltr'>peccati</span> <span class='ocrx_word' id='word_1_623' title='bbox 1136 2516 1191 2546; x_wconf 89' lang='lat' dir='ltr'>est</span> <span class='ocrx_word' id='word_1_624' title='bbox 1218 2520 1335 2554; x_wconf 83' lang='lat' dir='ltr'>mors,</span> <span class='ocrx_word' id='word_1_625' title='bbox 1354 2515 1393 2544; x_wconf 89' lang='lat' dir='ltr'>et</span> <span class='ocrx_word' id='word_1_626' title='bbox 1420 2514 1516 2544; x_wconf 88' lang='lat' dir='ltr'>cete-</span> 
     </span>
     <span class='ocr_line' id='line_1_92' title="bbox 459 2559 1518 2613; baseline -0.006 -11"><span class='ocrx_word' id='word_1_627' title='bbox 459 2577 522 2601; x_wconf 89' lang='lat' dir='ltr'>rae</span> <span class='ocrx_word' id='word_1_628' title='bbox 541 2562 786 2613; x_wconf 90' lang='lat' dir='ltr'>poenalitates</span> <span class='ocrx_word' id='word_1_629' title='bbox 814 2564 1042 2613; x_wconf 88' lang='lat' dir='ltr'>corporales.</span> <span class='ocrx_word' id='word_1_630' title='bbox 1074 2562 1150 2600; x_wconf 91' lang='lat' dir='ltr'>Sed</span> <span class='ocrx_word' id='word_1_631' title='bbox 1170 2562 1287 2599; x_wconf 89' lang='lat' dir='ltr'>Beata</span> <span class='ocrx_word' id='word_1_632' title='bbox 1304 2559 1421 2609; x_wconf 86' lang='lat' dir='ltr'>Virgo</span> <span class='ocrx_word' id='word_1_633' title='bbox 1449 2560 1518 2597; x_wconf 87' lang='lat' dir='ltr'>fuit</span> 
     </span>
     <span class='ocr_line' id='line_1_93' title="bbox 460 2612 1515 2665; baseline -0.004 -11"><span class='ocrx_word' id='word_1_634' title='bbox 460 2617 627 2654; x_wconf 89' lang='lat' dir='ltr'>subiecta</span> <span class='ocrx_word' id='word_1_635' title='bbox 662 2616 886 2654; x_wconf 91' lang='lat' dir='ltr'>huiusmodi</span> <span class='ocrx_word' id='word_1_636' title='bbox 922 2614 1225 2665; x_wconf 90' lang='lat' dir='ltr'>poenalitatibus.</span> <span class='ocrx_word' id='word_1_637' title='bbox 1264 2615 1366 2662; x_wconf 89' lang='lat' dir='ltr'>Ergo</span> <span class='ocrx_word' id='word_1_638' title='bbox 1403 2612 1515 2650; x_wconf 88' lang='lat' dir='ltr'>etiarn</span> 
     </span>
     <span class='ocr_line' id='line_1_94' title="bbox 460 2667 1329 2708; baseline -0.003 -1"><span class='ocrx_word' id='word_1_639' title='bbox 460 2671 581 2708; x_wconf 87' lang='lat' dir='ltr'>fomes</span> <span class='ocrx_word' id='word_1_640' title='bbox 608 2670 656 2707; x_wconf 88' lang='lat' dir='ltr'>ab</span> <span class='ocrx_word' id='word_1_641' title='bbox 685 2682 729 2707; x_wconf 90' lang='lat' dir='ltr'>ea</span> <span class='ocrx_word' id='word_1_642' title='bbox 756 2669 917 2707; x_wconf 91' lang='lat' dir='ltr'>totaliter</span> <span class='ocrx_word' id='word_1_643' title='bbox 944 2676 1114 2706; x_wconf 89' lang='lat' dir='ltr'>remotus</span> <span class='ocrx_word' id='word_1_644' title='bbox 1142 2679 1223 2705; x_wconf 92' lang='lat' dir='ltr'>non</span> <span class='ocrx_word' id='word_1_645' title='bbox 1251 2667 1329 2705; x_wconf 85' lang='lat' dir='ltr'>fuit.</span> 
     </span>
    </p>

    <p class='ocr_par' dir='ltr' id='par_1_27' title="bbox 462 2720 1519 3034">
     <span class='ocr_line' id='line_1_95' title="bbox 515 2720 1516 2769; baseline -0.004 -9"><span class='ocrx_word' id='word_1_646' title='bbox 515 2735 549 2759; x_wconf 89' lang='lat'>2.</span> <span class='ocrx_word' id='word_1_647' title='bbox 579 2724 814 2769; x_wconf 73' lang='lat' dir='ltr'>PRAETEREA,</span> <span class='ocrx_word' id='word_1_648' title='bbox 844 2723 873 2759; x_wconf 88' lang='grc' dir='ltr'>ΙΙ</span> <span class='ocrx_word' id='word_1_649' title='bbox 906 2723 991 2759; x_wconf 90' lang='lat' dir='ltr'>Cor.</span> <span class='ocrx_word' id='word_1_650' title='bbox 1019 2734 1064 2758; x_wconf 79' lang='grc' dir='ltr'>ΧΠ</span> <span class='ocrx_word' id='word_1_651' title='bbox 1089 2721 1109 2743; x_wconf 78' lang='grc'><em>*</em></span> <span class='ocrx_word' id='word_1_652' title='bbox 1137 2720 1290 2758; x_wconf 90' lang='lat' dir='ltr'>dicitur:</span> <span class='ocrx_word' id='word_1_653' title='bbox 1328 2722 1448 2758; x_wconf 83' lang='lat' dir='ltr'>Virtus</span> <span class='ocrx_word' id='word_1_654' title='bbox 1479 2721 1516 2756; x_wconf 88' lang='lat' dir='ltr'>in</span> 
     </span>
     <span class='ocr_line' id='line_1_96' title="bbox 462 2772 1518 2825; baseline -0.004 -12"><span class='ocrx_word' id='word_1_655' title='bbox 462 2777 672 2824; x_wconf 85' lang='lat' dir='ltr'>infirmitate</span> <span class='ocrx_word' id='word_1_656' title='bbox 705 2778 914 2825; x_wconf 74' lang='lat' dir='ltr'>perficitur.-</span> <span class='ocrx_word' id='word_1_657' title='bbox 950 2782 986 2811; x_wconf 90' lang='lat' dir='ltr'>et</span> <span class='ocrx_word' id='word_1_658' title='bbox 1020 2774 1190 2823; x_wconf 89' lang='lat' dir='ltr'>loquitur</span> <span class='ocrx_word' id='word_1_659' title='bbox 1222 2774 1270 2811; x_wconf 92' lang='lat' dir='ltr'>de</span> <span class='ocrx_word' id='word_1_660' title='bbox 1298 2772 1518 2810; x_wconf 84' lang='lat' dir='ltr'>infirmitate</span> 
     </span>
     <span class='ocr_line' id='line_1_97' title="bbox 462 2826 1519 2877; baseline -0.003 -12"><span class='ocrx_word' id='word_1_661' title='bbox 462 2828 612 2875; x_wconf 87' lang='lat' dir='ltr'>fomitis,</span> <span class='ocrx_word' id='word_1_662' title='bbox 631 2829 845 2866; x_wconf 89' lang='lat' dir='ltr'>secundum</span> <span class='ocrx_word' id='word_1_663' title='bbox 865 2840 983 2877; x_wconf 89' lang='lat' dir='ltr'>quam</span> <span class='ocrx_word' id='word_1_664' title='bbox 1002 2827 1216 2877; x_wconf 89' lang='lat' dir='ltr'>patiebatur</span> <span class='ocrx_word' id='word_1_665' title='bbox 1233 2826 1419 2864; x_wconf 87' lang='lat' dir='ltr'>stimulum</span> <span class='ocrx_word' id='word_1_666' title='bbox 1439 2838 1519 2862; x_wconf 88' lang='lat' dir='ltr'>car-</span> 
     </span>
     <span class='ocr_line' id='line_1_98' title="bbox 463 2877 1518 2930; baseline -0.003 -12"><span class='ocrx_word' id='word_1_667' title='bbox 463 2883 519 2918; x_wconf 89' lang='lat' dir='ltr'>nis</span> <span class='ocrx_word' id='word_1_668' title='bbox 531 2880 562 2918; x_wconf 68' lang='lat'>³¹².</span> <span class='ocrx_word' id='word_1_669' title='bbox 584 2881 660 2918; x_wconf 90' lang='lat' dir='ltr'>Sed</span> <span class='ocrx_word' id='word_1_670' title='bbox 679 2881 772 2918; x_wconf 85' lang='lat' dir='ltr'>nihil</span> <span class='ocrx_word' id='word_1_671' title='bbox 791 2881 897 2930; x_wconf 91' lang='lat' dir='ltr'>quod</span> <span class='ocrx_word' id='word_1_672' title='bbox 916 2880 1077 2930; x_wconf 88' lang='lat' dir='ltr'>pertinet</span> <span class='ocrx_word' id='word_1_673' title='bbox 1096 2880 1144 2917; x_wconf 89' lang='lat' dir='ltr'>ad</span> <span class='ocrx_word' id='word_1_674' title='bbox 1159 2879 1432 2929; x_wconf 87' lang='lat' dir='ltr'>perfectionem</span> <span class='ocrx_word' id='word_1_675' title='bbox 1446 2877 1518 2915; x_wconf 92' lang='lat' dir='ltr'>vir-</span> 
     </span>
     <span class='ocr_line' id='line_1_99' title="bbox 462 2933 1519 2982; baseline -0.003 -11"><span class='ocrx_word' id='word_1_676' title='bbox 462 2933 560 2981; x_wconf 85' lang='lat' dir='ltr'>tutis,</span> <span class='ocrx_word' id='word_1_677' title='bbox 576 2934 643 2971; x_wconf 86' lang='lat' dir='ltr'>fuit</span> <span class='ocrx_word' id='word_1_678' title='bbox 663 2935 800 2971; x_wconf 87' lang='lat' dir='ltr'>Beatae</span> <span class='ocrx_word' id='word_1_679' title='bbox 815 2933 959 2982; x_wconf 83' lang='lat' dir='ltr'>Virgini</span> <span class='ocrx_word' id='word_1_680' title='bbox 979 2933 1296 2970; x_wconf 90' lang='lat' dir='ltr'>subtrahendum.</span> <span class='ocrx_word' id='word_1_681' title='bbox 1318 2933 1419 2980; x_wconf 90' lang='lat' dir='ltr'>Ergo</span> <span class='ocrx_word' id='word_1_682' title='bbox 1439 2943 1519 2968; x_wconf 89' lang='lat' dir='ltr'>non</span> 
     </span>
     <span class='ocr_line' id='line_1_100' title="bbox 463 2985 1517 3034; baseline -0.003 -10"><span class='ocrx_word' id='word_1_683' title='bbox 463 2987 531 3024; x_wconf 89' lang='lat' dir='ltr'>fuit</span> <span class='ocrx_word' id='word_1_684' title='bbox 558 2987 695 3024; x_wconf 91' lang='lat' dir='ltr'>Beatae</span> <span class='ocrx_word' id='word_1_685' title='bbox 717 2987 861 3034; x_wconf 87' lang='lat' dir='ltr'>Virgini</span> <span class='ocrx_word' id='word_1_686' title='bbox 889 2986 1048 3024; x_wconf 89' lang='lat' dir='ltr'>totaliter</span> <span class='ocrx_word' id='word_1_687' title='bbox 1075 2985 1357 3023; x_wconf 86' lang='lat' dir='ltr'>subtrahendus</span> <span class='ocrx_word' id='word_1_688' title='bbox 1383 2985 1517 3021; x_wconf 85' lang='lat' dir='ltr'>fomes.</span> 
     </span>
    </p>

    <p class='ocr_par' dir='ltr' id='par_1_28' title="bbox 466 3037 1522 3392">
     <span class='ocr_line' id='line_1_101' title="bbox 519 3037 1519 3088; baseline -0.002 -12"><span class='ocrx_word' id='word_1_689' title='bbox 519 3039 551 3075; x_wconf 84' lang='lat'>3.</span> <span class='ocrx_word' id='word_1_690' title='bbox 587 3040 827 3084; x_wconf 75' lang='lat' dir='ltr'>PRAETEREA‚</span> <span class='ocrx_word' id='word_1_691' title='bbox 865 3040 1128 3076; x_wconf 89' lang='lat' dir='ltr'>Damascenus</span> <span class='ocrx_word' id='word_1_692' title='bbox 1165 3038 1254 3076; x_wconf 91' lang='lat' dir='ltr'>dicit</span> <span class='ocrx_word' id='word_1_693' title='bbox 1280 3038 1300 3060; x_wconf 72' lang='lat'>’¹‘</span> <span class='ocrx_word' id='word_1_694' title='bbox 1337 3037 1444 3088; x_wconf 93' lang='lat' dir='ltr'>quod</span> <span class='ocrx_word' id='word_1_695' title='bbox 1481 3037 1519 3074; x_wconf 92' lang='lat' dir='ltr'>in</span> 
     </span>
     <span class='ocr_line' id='line_1_102' title="bbox 466 3091 1522 3141; baseline -0.001 -13"><span class='ocrx_word' id='word_1_696' title='bbox 466 3092 579 3129; x_wconf 87' lang='lat' dir='ltr'>Beata</span> <span class='ocrx_word' id='word_1_697' title='bbox 592 3091 744 3139; x_wconf 88' lang='lat' dir='ltr'>Virgine</span> <span class='ocrx_word' id='word_1_698' title='bbox 761 3097 777 3113; x_wconf 82' lang='lat'>‘²</span> <span class='ocrx_word' id='word_1_699' title='bbox 790 3094 997 3141; x_wconf 82' lang='lat' dir='ltr'>supervenit</span> <span class='ocrx_word' id='word_1_700' title='bbox 1012 3093 1165 3141; x_wconf 84' lang='lat' dir='ltr'>Spiritus</span> <span class='ocrx_word' id='word_1_701' title='bbox 1180 3093 1334 3129; x_wconf 86' lang='lat' dir='ltr'>Sanctus</span> <span class='ocrx_word' id='word_1_702' title='bbox 1347 3102 1522 3141; x_wconf 82' lang='lat' dir='ltr'>purgans</span> 
     </span>
     <span class='ocr_line' id='line_1_103' title="bbox 466 3143 1520 3193; baseline -0.001 -12"><span class='ocrx_word' id='word_1_703' title='bbox 466 3156 566 3190; x_wconf 89' lang='lat' dir='ltr'>eam,</span> <span class='ocrx_word' id='word_1_704' title='bbox 599 3152 685 3181; x_wconf 90' lang='lat' dir='ltr'>ante</span> <span class='ocrx_word' id='word_1_705' title='bbox 722 3144 1010 3193; x_wconf 90' lang='lat' dir='ltr'>conceptionem</span> <span class='ocrx_word' id='word_1_706' title='bbox 1046 3143 1128 3181; x_wconf 92' lang='lat' dir='ltr'>Filii</span> <span class='ocrx_word' id='word_1_707' title='bbox 1164 3144 1248 3181; x_wconf 89' lang='lat' dir='ltr'>Dei.</span> <span class='ocrx_word' id='word_1_708' title='bbox 1286 3144 1406 3191; x_wconf 89' lang='lat' dir='ltr'>Quod</span> <span class='ocrx_word' id='word_1_709' title='bbox 1440 3155 1520 3180; x_wconf 91' lang='lat' dir='ltr'>non</span> 
     </span>
     <span class='ocr_line' id='line_1_104' title="bbox 466 3196 1520 3245; baseline 0.001 -12"><span class='ocrx_word' id='word_1_710' title='bbox 466 3204 588 3244; x_wconf 91' lang='lat' dir='ltr'>potest</span> <span class='ocrx_word' id='word_1_711' title='bbox 614 3196 766 3243; x_wconf 89' lang='lat' dir='ltr'>intelligi</span> <span class='ocrx_word' id='word_1_712' title='bbox 793 3196 865 3232; x_wconf 87' lang='lat' dir='ltr'>nisi</span> <span class='ocrx_word' id='word_1_713' title='bbox 892 3197 939 3233; x_wconf 91' lang='lat' dir='ltr'>de</span> <span class='ocrx_word' id='word_1_714' title='bbox 968 3197 1190 3245; x_wconf 87' lang='lat' dir='ltr'>purgatione</span> <span class='ocrx_word' id='word_1_715' title='bbox 1210 3209 1232 3234; x_wconf 91' lang='lat' dir='ltr'>a</span> <span class='ocrx_word' id='word_1_716' title='bbox 1250 3197 1398 3234; x_wconf 89' lang='lat' dir='ltr'>fomite:</span> <span class='ocrx_word' id='word_1_717' title='bbox 1428 3208 1520 3234; x_wconf 87' lang='lat' dir='ltr'>nam</span> 
     </span>
     <span class='ocr_line' id='line_1_105' title="bbox 467 3248 1520 3296; baseline 0.001 -11"><span class='ocrx_word' id='word_1_718' title='bbox 467 3256 663 3296; x_wconf 89' lang='lat' dir='ltr'>peccatum</span> <span class='ocrx_word' id='word_1_719' title='bbox 693 3260 771 3284; x_wconf 89' lang='lat' dir='ltr'>non</span> <span class='ocrx_word' id='word_1_720' title='bbox 800 3248 893 3293; x_wconf 90' lang='lat' dir='ltr'>fecit,</span> <span class='ocrx_word' id='word_1_721' title='bbox 913 3256 954 3284; x_wconf 91' lang='lat' dir='ltr'>ut</span> <span class='ocrx_word' id='word_1_722' title='bbox 982 3249 1214 3296; x_wconf 89' lang='lat' dir='ltr'>Augustinus</span> <span class='ocrx_word' id='word_1_723' title='bbox 1237 3249 1336 3295; x_wconf 90' lang='lat' dir='ltr'>dicit,</span> <span class='ocrx_word' id='word_1_724' title='bbox 1358 3249 1396 3286; x_wconf 92' lang='lat' dir='ltr'>in</span> <span class='ocrx_word' id='word_1_725' title='bbox 1424 3249 1520 3286; x_wconf 90' lang='lat' dir='ltr'>libro</span> 
     </span>
     <span class='ocr_line' id='line_1_106' title="bbox 468 3300 1517 3350; baseline 0.002 -13"><span class='ocrx_word' id='word_1_726' title='bbox 468 3301 511 3337; x_wconf 88' lang='lat' dir='ltr'>de</span> <span class='ocrx_word' id='word_1_727' title='bbox 538 3302 686 3338; x_wconf 84' lang='lat' dir='ltr'>Natura</span> <span class='ocrx_word' id='word_1_728' title='bbox 712 3306 744 3337; x_wconf 89' lang='lat' dir='ltr'>et</span> <span class='ocrx_word' id='word_1_729' title='bbox 767 3301 897 3337; x_wconf 84' lang='lat' dir='ltr'>Gratia</span> <span class='ocrx_word' id='word_1_730' title='bbox 915 3300 945 3336; x_wconf 75' lang='lat'>²¹².</span> <span class='ocrx_word' id='word_1_731' title='bbox 976 3301 1076 3349; x_wconf 85' lang='lat' dir='ltr'>Ergo</span> <span class='ocrx_word' id='word_1_732' title='bbox 1096 3313 1164 3350; x_wconf 90' lang='lat' dir='ltr'>per</span> <span class='ocrx_word' id='word_1_733' title='bbox 1182 3301 1517 3339; x_wconf 89' lang='lat' dir='ltr'>sanctificationem</span> 
     </span>
     <span class='ocr_line' id='line_1_107' title="bbox 468 3351 1411 3392; baseline 0.002 -3"><span class='ocrx_word' id='word_1_734' title='bbox 468 3352 505 3389; x_wconf 91' lang='lat' dir='ltr'>in</span> <span class='ocrx_word' id='word_1_735' title='bbox 534 3360 640 3390; x_wconf 90' lang='lat' dir='ltr'>utero</span> <span class='ocrx_word' id='word_1_736' title='bbox 669 3364 747 3389; x_wconf 91' lang='lat' dir='ltr'>non</span> <span class='ocrx_word' id='word_1_737' title='bbox 775 3351 843 3389; x_wconf 86' lang='lat' dir='ltr'>fuit</span> <span class='ocrx_word' id='word_1_738' title='bbox 870 3351 984 3389; x_wconf 88' lang='lat' dir='ltr'>libere</span> <span class='ocrx_word' id='word_1_739' title='bbox 1013 3353 1196 3390; x_wconf 86' lang='lat' dir='ltr'>mundata</span> <span class='ocrx_word' id='word_1_740' title='bbox 1223 3367 1245 3391; x_wconf 88' lang='lat' dir='ltr'>a</span> <span class='ocrx_word' id='word_1_741' title='bbox 1270 3355 1411 3392; x_wconf 88' lang='lat' dir='ltr'>fomite.</span> 
     </span>
    </p>

    <p class='ocr_par' dir='ltr' id='par_1_29' title="bbox 465 3404 1520 3505">
     <span class='ocr_line' id='line_1_108' title="bbox 522 3404 1520 3452; baseline 0.002 -10"><span class='ocrx_word' id='word_1_742' title='bbox 522 3405 594 3442; x_wconf 81' lang='lat' dir='ltr'>SED</span> <span class='ocrx_word' id='word_1_743' title='bbox 623 3417 766 3442; x_wconf 76' lang='lat' dir='ltr'>CONTRA</span> <span class='ocrx_word' id='word_1_744' title='bbox 794 3416 858 3442; x_wconf 82' lang='lat' dir='ltr'>EST</span> <span class='ocrx_word' id='word_1_745' title='bbox 886 3404 992 3452; x_wconf 90' lang='lat' dir='ltr'>quod</span> <span class='ocrx_word' id='word_1_746' title='bbox 1021 3404 1157 3442; x_wconf 91' lang='lat' dir='ltr'>dicitur</span> <span class='ocrx_word' id='word_1_747' title='bbox 1179 3407 1283 3443; x_wconf 86' lang='lat' dir='ltr'>Cant.</span> <span class='ocrx_word' id='word_1_748' title='bbox 1305 3419 1338 3443; x_wconf 78' lang='lat' dir='ltr'>iv</span> <span class='ocrx_word' id='word_1_749' title='bbox 1356 3406 1393 3444; x_wconf 55' lang='lat'>*2</span> <span class='ocrx_word' id='word_1_750' title='bbox 1428 3409 1520 3444; x_wconf 87' lang='lat' dir='ltr'>Tota</span> 
     </span>
     <span class='ocr_line' id='line_1_109' title="bbox 465 3457 1518 3505; baseline 0.004 -13"><span class='ocrx_word' id='word_1_751' title='bbox 465 3457 622 3505; x_wconf 85' lang='lat' dir='ltr'>pulchra</span> <span class='ocrx_word' id='word_1_752' title='bbox 650 3470 698 3502; x_wconf 81' lang='lat' dir='ltr'>es,</span> <span class='ocrx_word' id='word_1_753' title='bbox 726 3460 848 3494; x_wconf 87' lang='lat' dir='ltr'>amica</span> <span class='ocrx_word' id='word_1_754' title='bbox 876 3469 971 3501; x_wconf 86' lang='lat' dir='ltr'>mea,</span> <span class='ocrx_word' id='word_1_755' title='bbox 1000 3462 1032 3492; x_wconf 83' lang='lat' dir='ltr'>et</span> <span class='ocrx_word' id='word_1_756' title='bbox 1059 3458 1206 3494; x_wconf 88' lang='lat' dir='ltr'>macula</span> <span class='ocrx_word' id='word_1_757' title='bbox 1236 3471 1308 3495; x_wconf 88' lang='lat' dir='ltr'>non</span> <span class='ocrx_word' id='word_1_758' title='bbox 1331 3465 1381 3495; x_wconf 83' lang='lat' dir='ltr'>est</span> <span class='ocrx_word' id='word_1_759' title='bbox 1409 3461 1445 3496; x_wconf 88' lang='lat' dir='ltr'>in</span> <span class='ocrx_word' id='word_1_760' title='bbox 1474 3465 1518 3496; x_wconf 86' lang='lat' dir='ltr'>te.</span> 
     </span>
    </p>
   </div>
   <div class='ocr_carea' id='block_1_25' title="bbox 524 3598 1360 3631">
    <p class='ocr_par' dir='ltr' id='par_1_30' title="bbox 524 3598 1360 3631">
     <span class='ocr_line' id='line_1_110' title="bbox 524 3598 1360 3631; baseline 0.002 -8"><span class='ocrx_word' id='word_1_761' title='bbox 524 3599 551 3630; x_wconf 81' lang='grc' dir='ltr'>α)</span> <span class='ocrx_word' id='word_1_762' title='bbox 571 3598 653 3623; x_wconf 77' lang='lat' dir='ltr'>Beata</span> <span class='ocrx_word' id='word_1_763' title='bbox 678 3599 791 3630; x_wconf 68' lang='lat' dir='ltr'>Virgine.</span> <span class='ocrx_word' id='word_1_764' title='bbox 808 3613 827 3618; x_wconf 86' lang='lat'>-</span> <span class='ocrx_word' id='word_1_765' title='bbox 846 3598 955 3624; x_wconf 81' lang='lat' dir='ltr'>Beatam</span> <span class='ocrx_word' id='word_1_766' title='bbox 980 3598 1112 3631; x_wconf 78' lang='lat' dir='ltr'>Virginem</span> <span class='ocrx_word' id='word_1_767' title='bbox 1133 3599 1204 3623; x_wconf 79' lang='lat' dir='ltr'>tertia</span> <span class='ocrx_word' id='word_1_768' title='bbox 1224 3605 1324 3631; x_wconf 79' lang='lat' dir='ltr'>praeter</span> <span class='ocrx_word' id='word_1_769' title='bbox 1343 3601 1360 3625; x_wconf 89' lang='lat'>1.</span> 
     </span>
    </p>
   </div>
   <div class='ocr_carea' id='block_1_26' title="bbox 1571 2238 2761 2293">
    <p class='ocr_par' dir='ltr' id='par_1_31' title="bbox 1571 2222 2761 2293">
     <span class='ocr_line' id='line_1_111' title="bbox 1571 2238 2761 2293; baseline 0.003 -15"><span class='ocrx_word' id='word_1_770' title='bbox 1571 2241 1714 2278; x_wconf 88' lang='lat' dir='ltr'>Fomes</span> <span class='ocrx_word' id='word_1_771' title='bbox 1741 2248 1872 2278; x_wconf 87' lang='lat' dir='ltr'>autem</span> <span class='ocrx_word' id='word_1_772' title='bbox 1900 2240 1949 2277; x_wconf 89' lang='lat' dir='ltr'>ad</span> <span class='ocrx_word' id='word_1_773' title='bbox 1977 2240 2172 2287; x_wconf 85' lang='lat' dir='ltr'>maculam</span> <span class='ocrx_word' id='word_1_774' title='bbox 2198 2238 2370 2288; x_wconf 89' lang='lat' dir='ltr'>pertinet,</span> <span class='ocrx_word' id='word_1_775' title='bbox 2395 2239 2536 2283; x_wconf 62' lang='lat' dir='ltr'>saltem,</span> <span class='ocrx_word' id='word_1_776' title='bbox 2555 2250 2635 2291; x_wconf 69' lang='lat' dir='ltr'>cat-</span> <span class='ocrx_word' id='word_1_777' title='bbox 2672 2238 2761 2293; x_wconf 44' lang='lat' dir='ltr'>&#39;‘&#39;ss&#39;</span> 
     </span>
    </p>
   </div>
   <div class='ocr_carea' id='block_1_27' title="bbox 1570 2290 2635 2502">
    <p class='ocr_par' dir='ltr' id='par_1_32' title="bbox 1570 2290 2609 2342">
     <span class='ocr_line' id='line_1_112' title="bbox 1570 2290 2609 2342; baseline -0.002 -11"><span class='ocrx_word' id='word_1_778' title='bbox 1570 2293 1640 2331; x_wconf 90' lang='lat' dir='ltr'>nis.</span> <span class='ocrx_word' id='word_1_779' title='bbox 1671 2294 1773 2342; x_wconf 87' lang='lat' dir='ltr'>Ergo</span> <span class='ocrx_word' id='word_1_780' title='bbox 1801 2293 1842 2338; x_wconf 88' lang='lat' dir='ltr'>in</span> <span class='ocrx_word' id='word_1_781' title='bbox 1869 2294 1987 2330; x_wconf 89' lang='lat' dir='ltr'>Beata</span> <span class='ocrx_word' id='word_1_782' title='bbox 2013 2291 2167 2341; x_wconf 86' lang='lat' dir='ltr'>Virgine</span> <span class='ocrx_word' id='word_1_783' title='bbox 2193 2292 2318 2330; x_wconf 83' lang='lat' dir='ltr'>fomes</span> <span class='ocrx_word' id='word_1_784' title='bbox 2345 2303 2426 2329; x_wconf 90' lang='lat' dir='ltr'>non</span> <span class='ocrx_word' id='word_1_785' title='bbox 2452 2290 2532 2330; x_wconf 79' lang='lat' dir='ltr'>fuit.</span> <span class='ocrx_word' id='word_1_786' title='bbox 2607 2340 2609 2342; x_wconf 66' lang='lat'>‚</span> 
     </span>
    </p>

    <p class='ocr_par' dir='ltr' id='par_1_33' title="bbox 1570 2342 2635 2502">
     <span class='ocr_line' id='line_1_113' title="bbox 1623 2342 2634 2395; baseline -0.002 -11"><span class='ocrx_word' id='word_1_787' title='bbox 1623 2348 1848 2385; x_wconf 60' lang='lat' dir='ltr'>Responm-:o</span> <span class='ocrx_word' id='word_1_788' title='bbox 1881 2358 2063 2384; x_wconf 67' lang='lat' dir='ltr'>monimum</span> <span class='ocrx_word' id='word_1_789' title='bbox 2095 2345 2203 2395; x_wconf 92' lang='lat' dir='ltr'>quod</span> <span class='ocrx_word' id='word_1_790' title='bbox 2230 2345 2330 2383; x_wconf 87' lang='lat' dir='ltr'>circa</span> <span class='ocrx_word' id='word_1_791' title='bbox 2356 2345 2433 2382; x_wconf 87' lang='lat' dir='ltr'>hoc</span> <span class='ocrx_word' id='word_1_792' title='bbox 2466 2350 2556 2383; x_wconf 84' lang='lat' dir='ltr'>sunt</span> <span class='ocrx_word' id='word_1_793' title='bbox 2579 2342 2634 2389; x_wconf 78' lang='lat' dir='ltr'>di-</span> 
     </span>
     <span class='ocr_line' id='line_1_114' title="bbox 1570 2396 2634 2449; baseline -0.001 -12"><span class='ocrx_word' id='word_1_794' title='bbox 1570 2412 1704 2438; x_wconf 89' lang='lat' dir='ltr'>versae</span> <span class='ocrx_word' id='word_1_795' title='bbox 1737 2399 1951 2449; x_wconf 90' lang='lat' dir='ltr'>opiniones.</span> <span class='ocrx_word' id='word_1_796' title='bbox 1991 2398 2163 2446; x_wconf 83' lang='lat' dir='ltr'>Quidam</span> <span class='ocrx_word' id='word_1_797' title='bbox 2190 2397 2296 2436; x_wconf 89' lang='lat' dir='ltr'>enim</span> <span class='ocrx_word' id='word_1_798' title='bbox 2322 2397 2500 2436; x_wconf 84' lang='lat' dir='ltr'>dixerunt</span> <span class='ocrx_word' id='word_1_799' title='bbox 2525 2396 2634 2448; x_wconf 66' lang='lat' dir='ltr'>quud</span> 
     </span>
     <span class='ocr_line' id='line_1_115' title="bbox 1571 2448 2635 2502; baseline 0 -12"><span class='ocrx_word' id='word_1_800' title='bbox 1571 2452 1610 2489; x_wconf 91' lang='lat' dir='ltr'>in</span> <span class='ocrx_word' id='word_1_801' title='bbox 1638 2453 1721 2502; x_wconf 91' lang='lat' dir='ltr'>ipsa</span> <span class='ocrx_word' id='word_1_802' title='bbox 1749 2452 2045 2490; x_wconf 88' lang='lat' dir='ltr'>sanctificatione</span> <span class='ocrx_word' id='word_1_803' title='bbox 2078 2452 2217 2489; x_wconf 83' lang='lat' dir='ltr'>Beatae</span> <span class='ocrx_word' id='word_1_804' title='bbox 2244 2450 2428 2499; x_wconf 85' lang='lat' dir='ltr'>Virginis,</span> <span class='ocrx_word' id='word_1_805' title='bbox 2457 2460 2536 2501; x_wconf 79' lang='lat' dir='ltr'>qua</span> <span class='ocrx_word' id='word_1_806' title='bbox 2564 2448 2635 2490; x_wconf 77' lang='lat' dir='ltr'>fuit</span> 
     </span>
    </p>
   </div>
   <div class='ocr_carea' id='block_1_28' title="bbox 1571 2502 2662 2552">
    <p class='ocr_par' dir='ltr' id='par_1_34' title="bbox 1571 2502 2662 2552">
     <span class='ocr_line' id='line_1_116' title="bbox 1571 2502 2662 2552; baseline -0.002 -9"><span class='ocrx_word' id='word_1_807' title='bbox 1571 2506 1803 2544; x_wconf 87' lang='lat' dir='ltr'>sanctificata</span> <span class='ocrx_word' id='word_1_808' title='bbox 1829 2505 1869 2543; x_wconf 93' lang='lat' dir='ltr'>in</span> <span class='ocrx_word' id='word_1_809' title='bbox 1897 2513 2023 2552; x_wconf 90' lang='lat' dir='ltr'>utero,</span> <span class='ocrx_word' id='word_1_810' title='bbox 2051 2503 2225 2542; x_wconf 77' lang='lat' dir='ltr'>totaliter</span> <span class='ocrx_word' id='word_1_811' title='bbox 2238 2502 2308 2541; x_wconf 86' lang='lat' dir='ltr'>fuit</span> <span class='ocrx_word' id='word_1_812' title='bbox 2335 2503 2369 2541; x_wconf 91' lang='lat' dir='ltr'>ei</span> <span class='ocrx_word' id='word_1_813' title='bbox 2395 2504 2520 2542; x_wconf 86' lang='lat' dir='ltr'>fomes</span> <span class='ocrx_word' id='word_1_814' title='bbox 2545 2502 2634 2542; x_wconf 73' lang='lat' dir='ltr'>sub·</span> <span class='ocrx_word' id='word_1_815' title='bbox 2657 2519 2662 2524; x_wconf 86' lang='lat'><strong>·</strong></span> 
     </span>
    </p>
   </div>
   <div class='ocr_carea' id='block_1_29' title="bbox 1571 2555 2636 2662">
    <p class='ocr_par' dir='ltr' id='par_1_35' title="bbox 1571 2555 2636 2662">
     <span class='ocr_line' id='line_1_117' title="bbox 1571 2555 2636 2607; baseline -0.001 -11"><span class='ocrx_word' id='word_1_816' title='bbox 1571 2567 1721 2596; x_wconf 90' lang='lat' dir='ltr'>tractus.</span> <span class='ocrx_word' id='word_1_817' title='bbox 1751 2582 1777 2586; x_wconf 97' lang='lat'>—</span> <span class='ocrx_word' id='word_1_818' title='bbox 1806 2558 1979 2606; x_wconf 90' lang='lat' dir='ltr'>Quidam</span> <span class='ocrx_word' id='word_1_819' title='bbox 2010 2569 2104 2595; x_wconf 91' lang='lat' dir='ltr'>vero</span> <span class='ocrx_word' id='word_1_820' title='bbox 2141 2557 2274 2595; x_wconf 90' lang='lat' dir='ltr'>dicunt</span> <span class='ocrx_word' id='word_1_821' title='bbox 2309 2556 2418 2607; x_wconf 91' lang='lat' dir='ltr'>quod</span> <span class='ocrx_word' id='word_1_822' title='bbox 2453 2555 2636 2597; x_wconf 79' lang='lat' dir='ltr'>remansit</span> 
     </span>
     <span class='ocr_line' id='line_1_118' title="bbox 1571 2607 2635 2662; baseline -0.002 -13"><span class='ocrx_word' id='word_1_823' title='bbox 1571 2613 1695 2650; x_wconf 90' lang='lat' dir='ltr'>fomes</span> <span class='ocrx_word' id='word_1_824' title='bbox 1723 2620 1913 2662; x_wconf 90' lang='lat' dir='ltr'>quantum</span> <span class='ocrx_word' id='word_1_825' title='bbox 1941 2611 1990 2649; x_wconf 90' lang='lat' dir='ltr'>ad</span> <span class='ocrx_word' id='word_1_826' title='bbox 2017 2611 2094 2649; x_wconf 91' lang='lat' dir='ltr'>hoc</span> <span class='ocrx_word' id='word_1_827' title='bbox 2110 2610 2228 2660; x_wconf 75' lang='lat' dir='ltr'>&#39;quod</span> <span class='ocrx_word' id='word_1_828' title='bbox 2254 2609 2341 2647; x_wconf 83' lang='lat' dir='ltr'>facit</span> <span class='ocrx_word' id='word_1_829' title='bbox 2372 2607 2635 2651; x_wconf 78' lang='lat' dir='ltr'>difficultatem</span> 
     </span>
    </p>
   </div>
   <div class='ocr_carea' id='block_1_30' title="bbox 1572 2645 2754 2719">
    <p class='ocr_par' dir='ltr' id='par_1_36' title="bbox 1572 2645 2763 2719">
     <span class='ocr_line' id='line_1_119' title="bbox 1572 2645 2754 2719; baseline -0.003 -16"><span class='ocrx_word' id='word_1_830' title='bbox 1572 2666 1621 2703; x_wconf 90' lang='lat' dir='ltr'>ad</span> <span class='ocrx_word' id='word_1_831' title='bbox 1649 2666 1810 2713; x_wconf 89' lang='lat' dir='ltr'>bonum,</span> <span class='ocrx_word' id='word_1_832' title='bbox 1831 2665 2003 2702; x_wconf 85' lang='lat' dir='ltr'>sublatus</span> <span class='ocrx_word' id='word_1_833' title='bbox 2021 2672 2151 2719; x_wconf 81' lang='lat' dir='ltr'>tamen</span> <span class='ocrx_word' id='word_1_834' title='bbox 2178 2662 2247 2701; x_wconf 86' lang='lat' dir='ltr'>fuit</span> <span class='ocrx_word' id='word_1_835' title='bbox 2264 2670 2455 2713; x_wconf 88' lang='lat' dir='ltr'>quantum</span> <span class='ocrx_word' id='word_1_836' title='bbox 2481 2662 2532 2701; x_wconf 89' lang='lat' dir='ltr'>ad</span> <span class='ocrx_word' id='word_1_837' title='bbox 2557 2663 2635 2701; x_wconf 86' lang='lat' dir='ltr'>hoc</span> <span class='ocrx_word' id='word_1_838' title='bbox 2686 2677 2697 2691; x_wconf 61' lang='lat'>⁷</span> <span class='ocrx_word' id='word_1_839' title='bbox 2718 2645 2754 2699; x_wconf 40' lang='lat' dir='ltr'>Ts-&gt;</span> 
     </span>
    </p>
   </div>
   <div class='ocr_carea' id='block_1_31' title="bbox 1572 2714 2636 3350">
    <p class='ocr_par' dir='ltr' id='par_1_37' title="bbox 1572 2714 2636 3286">
     <span class='ocr_line' id='line_1_120' title="bbox 1572 2714 2634 2768; baseline -0.003 -12"><span class='ocrx_word' id='word_1_840' title='bbox 1572 2719 1679 2768; x_wconf 89' lang='lat' dir='ltr'>quod</span> <span class='ocrx_word' id='word_1_841' title='bbox 1715 2718 1802 2756; x_wconf 87' lang='lat' dir='ltr'>facit</span> <span class='ocrx_word' id='word_1_842' title='bbox 1835 2717 2064 2768; x_wconf 86' lang='lat' dir='ltr'>pronitatem</span> <span class='ocrx_word' id='word_1_843' title='bbox 2100 2717 2151 2754; x_wconf 87' lang='lat' dir='ltr'>ad</span> <span class='ocrx_word' id='word_1_844' title='bbox 2187 2717 2346 2754; x_wconf 88' lang='lat' dir='ltr'>malum.</span> <span class='ocrx_word' id='word_1_845' title='bbox 2375 2738 2402 2743; x_wconf 95' lang='lat'><em>-</em></span> <span class='ocrx_word' id='word_1_846' title='bbox 2429 2714 2503 2754; x_wconf 86' lang='lat' dir='ltr'>Alii</span> <span class='ocrx_word' id='word_1_847' title='bbox 2538 2726 2634 2754; x_wconf 82' lang='lat' dir='ltr'>vero</span> 
     </span>
     <span class='ocr_line' id='line_1_121' title="bbox 1572 2769 2634 2821; baseline -0.002 -13"><span class='ocrx_word' id='word_1_848' title='bbox 1572 2772 1704 2808; x_wconf 87' lang='lat' dir='ltr'>dicunt</span> <span class='ocrx_word' id='word_1_849' title='bbox 1731 2772 1838 2821; x_wconf 91' lang='lat' dir='ltr'>quod</span> <span class='ocrx_word' id='word_1_850' title='bbox 1858 2771 2028 2808; x_wconf 89' lang='lat' dir='ltr'>sublatus</span> <span class='ocrx_word' id='word_1_851' title='bbox 2054 2770 2124 2808; x_wconf 87' lang='lat' dir='ltr'>fuit</span> <span class='ocrx_word' id='word_1_852' title='bbox 2141 2770 2264 2807; x_wconf 87' lang='lat' dir='ltr'>fornes</span> <span class='ocrx_word' id='word_1_853' title='bbox 2292 2769 2524 2819; x_wconf 85' lang='lat' dir='ltr'>inquantum</span> <span class='ocrx_word' id='word_1_854' title='bbox 2547 2776 2634 2821; x_wconf 79' lang='lat' dir='ltr'>per-</span> 
     </span>
     <span class='ocr_line' id='line_1_122' title="bbox 1572 2818 2635 2874; baseline -0.002 -13"><span class='ocrx_word' id='word_1_855' title='bbox 1572 2824 1664 2861; x_wconf 91' lang='lat' dir='ltr'>tinet</span> <span class='ocrx_word' id='word_1_856' title='bbox 1691 2825 1739 2862; x_wconf 90' lang='lat' dir='ltr'>ad</span> <span class='ocrx_word' id='word_1_857' title='bbox 1768 2823 2056 2874; x_wconf 86' lang='lat' dir='ltr'>corruptionem</span> <span class='ocrx_word' id='word_1_858' title='bbox 2091 2835 2300 2873; x_wconf 89' lang='lat' dir='ltr'>personae,</span> <span class='ocrx_word' id='word_1_859' title='bbox 2327 2829 2444 2872; x_wconf 90' lang='lat' dir='ltr'>prout</span> <span class='ocrx_word' id='word_1_860' title='bbox 2476 2818 2635 2872; x_wconf 81' lang='lat' dir='ltr'>impellit</span> 
     </span>
     <span class='ocr_line' id='line_1_123' title="bbox 1573 2875 2635 2915; baseline -0.003 0"><span class='ocrx_word' id='word_1_861' title='bbox 1573 2878 1622 2915; x_wconf 88' lang='lat' dir='ltr'>ad</span> <span class='ocrx_word' id='word_1_862' title='bbox 1649 2879 1799 2915; x_wconf 90' lang='lat' dir='ltr'>malum</span> <span class='ocrx_word' id='word_1_863' title='bbox 1827 2885 1862 2914; x_wconf 90' lang='lat' dir='ltr'>et</span> <span class='ocrx_word' id='word_1_864' title='bbox 1889 2876 2151 2914; x_wconf 83' lang='lat' dir='ltr'>difficultatem</span> <span class='ocrx_word' id='word_1_865' title='bbox 2184 2875 2271 2913; x_wconf 88' lang='lat' dir='ltr'>facit</span> <span class='ocrx_word' id='word_1_866' title='bbox 2297 2875 2346 2913; x_wconf 87' lang='lat' dir='ltr'>ad</span> <span class='ocrx_word' id='word_1_867' title='bbox 2374 2875 2543 2913; x_wconf 89' lang='lat' dir='ltr'>bonum:</span> <span class='ocrx_word' id='word_1_868' title='bbox 2568 2886 2635 2913; x_wconf 25' lang='lat' dir='ltr'>*re-</span> 
     </span>
     <span class='ocr_line' id='line_1_124' title="bbox 1573 2926 2634 2980; baseline -0.002 -13"><span class='ocrx_word' id='word_1_869' title='bbox 1573 2930 1713 2967; x_wconf 91' lang='lat' dir='ltr'>mansit</span> <span class='ocrx_word' id='word_1_870' title='bbox 1739 2938 1868 2967; x_wconf 90' lang='lat' dir='ltr'>tamen</span> <span class='ocrx_word' id='word_1_871' title='bbox 1896 2930 2126 2980; x_wconf 90' lang='lat' dir='ltr'>inquantum</span> <span class='ocrx_word' id='word_1_872' title='bbox 2159 2927 2320 2979; x_wconf 90' lang='lat' dir='ltr'>pertinet</span> <span class='ocrx_word' id='word_1_873' title='bbox 2347 2929 2396 2966; x_wconf 86' lang='lat' dir='ltr'>ad</span> <span class='ocrx_word' id='word_1_874' title='bbox 2423 2926 2634 2979; x_wconf 85' lang='lat' dir='ltr'>corruptio-</span> 
     </span>
     <span class='ocr_line' id='line_1_125' title="bbox 1573 2979 2634 3033; baseline -0.002 -13"><span class='ocrx_word' id='word_1_875' title='bbox 1573 2995 1665 3020; x_wconf 91' lang='lat' dir='ltr'>nem</span> <span class='ocrx_word' id='word_1_876' title='bbox 1693 2991 1862 3027; x_wconf 89' lang='lat' dir='ltr'>naturae,</span> <span class='ocrx_word' id='word_1_877' title='bbox 1884 2990 1999 3033; x_wconf 91' lang='lat' dir='ltr'>prout</span> <span class='ocrx_word' id='word_1_878' title='bbox 2026 2981 2165 3020; x_wconf 90' lang='lat' dir='ltr'>scilicet</span> <span class='ocrx_word' id='word_1_879' title='bbox 2191 2989 2248 3020; x_wconf 88' lang='lat' dir='ltr'>est</span> <span class='ocrx_word' id='word_1_880' title='bbox 2273 2993 2390 3019; x_wconf 82' lang='lat' dir='ltr'>causa</span> <span class='ocrx_word' id='word_1_881' title='bbox 2410 2979 2634 3019; x_wconf 76' lang='lat' dir='ltr'>traducendi</span> 
     </span>
     <span class='ocr_line' id='line_1_126' title="bbox 1575 3031 2634 3086; baseline -0.002 -13"><span class='ocrx_word' id='word_1_882' title='bbox 1575 3036 1754 3084; x_wconf 90' lang='lat' dir='ltr'>originale</span> <span class='ocrx_word' id='word_1_883' title='bbox 1789 3044 1991 3086; x_wconf 89' lang='lat' dir='ltr'>peccatum</span> <span class='ocrx_word' id='word_1_884' title='bbox 2026 3036 2066 3074; x_wconf 90' lang='lat' dir='ltr'>in</span> <span class='ocrx_word' id='word_1_885' title='bbox 2100 3036 2261 3085; x_wconf 85' lang='lat' dir='ltr'>prolem.</span> <span class='ocrx_word' id='word_1_886' title='bbox 2291 3057 2316 3061; x_wconf 97' lang='lat'><em>-</em></span> <span class='ocrx_word' id='word_1_887' title='bbox 2343 3033 2416 3072; x_wconf 91' lang='lat' dir='ltr'>Alii</span> <span class='ocrx_word' id='word_1_888' title='bbox 2450 3045 2544 3072; x_wconf 87' lang='lat' dir='ltr'>vero</span> <span class='ocrx_word' id='word_1_889' title='bbox 2577 3031 2634 3072; x_wconf 87' lang='lat' dir='ltr'>di-</span> 
     </span>
     <span class='ocr_line' id='line_1_127' title="bbox 1575 3085 2634 3139; baseline -0.002 -13"><span class='ocrx_word' id='word_1_890' title='bbox 1575 3097 1666 3127; x_wconf 91' lang='lat' dir='ltr'>cunt</span> <span class='ocrx_word' id='word_1_891' title='bbox 1693 3090 1800 3139; x_wconf 90' lang='lat' dir='ltr'>quod</span> <span class='ocrx_word' id='word_1_892' title='bbox 1828 3089 1868 3126; x_wconf 91' lang='lat' dir='ltr'>in</span> <span class='ocrx_word' id='word_1_893' title='bbox 1895 3089 2020 3139; x_wconf 90' lang='lat' dir='ltr'>prima</span> <span class='ocrx_word' id='word_1_894' title='bbox 2047 3087 2344 3126; x_wconf 86' lang='lat' dir='ltr'>sanctificatione</span> <span class='ocrx_word' id='word_1_895' title='bbox 2371 3086 2553 3125; x_wconf 89' lang='lat' dir='ltr'>remansit</span> <span class='ocrx_word' id='word_1_896' title='bbox 2578 3085 2634 3125; x_wconf 86' lang='lat' dir='ltr'>fo-</span> 
     </span>
     <span class='ocr_line' id='line_1_128' title="bbox 1575 3137 2635 3190; baseline -0.004 -10"><span class='ocrx_word' id='word_1_897' title='bbox 1575 3155 1657 3180; x_wconf 91' lang='lat' dir='ltr'>mes</span> <span class='ocrx_word' id='word_1_898' title='bbox 1686 3142 1900 3180; x_wconf 89' lang='lat' dir='ltr'>secundum</span> <span class='ocrx_word' id='word_1_899' title='bbox 1937 3141 2159 3187; x_wconf 88' lang='lat' dir='ltr'>essentiam,</span> <span class='ocrx_word' id='word_1_900' title='bbox 2187 3141 2255 3179; x_wconf 91' lang='lat' dir='ltr'>sed</span> <span class='ocrx_word' id='word_1_901' title='bbox 2282 3140 2417 3190; x_wconf 86' lang='lat' dir='ltr'>ligatus</span> <span class='ocrx_word' id='word_1_902' title='bbox 2442 3138 2512 3178; x_wconf 83' lang='lat' dir='ltr'>fuit</span> <span class='ocrx_word' id='word_1_903' title='bbox 2530 3137 2565 3176; x_wconf 72' lang='grc' dir='ltr'>βε</span> <span class='ocrx_word' id='word_1_904' title='bbox 2594 3137 2635 3186; x_wconf 78' lang='lat' dir='ltr'>in</span> 
     </span>
     <span class='ocr_line' id='line_1_129' title="bbox 1574 3190 2636 3245; baseline -0.002 -13"><span class='ocrx_word' id='word_1_905' title='bbox 1574 3195 1657 3244; x_wconf 85' lang='lat' dir='ltr'>ipsa</span> <span class='ocrx_word' id='word_1_906' title='bbox 1693 3202 1822 3233; x_wconf 88' lang='lat' dir='ltr'>autem</span> <span class='ocrx_word' id='word_1_907' title='bbox 1857 3195 2108 3245; x_wconf 88' lang='lat' dir='ltr'>conceptione</span> <span class='ocrx_word' id='word_1_908' title='bbox 2145 3193 2229 3232; x_wconf 91' lang='lat' dir='ltr'>Filii</span> <span class='ocrx_word' id='word_1_909' title='bbox 2264 3193 2336 3232; x_wconf 92' lang='lat' dir='ltr'>Dei</span> <span class='ocrx_word' id='word_1_910' title='bbox 2371 3192 2441 3231; x_wconf 86' lang='lat' dir='ltr'>fuit</span> <span class='ocrx_word' id='word_1_911' title='bbox 2474 3190 2636 3230; x_wconf 80' lang='lat' dir='ltr'>totaliter</span> 
     </span>
     <span class='ocr_line' id='line_1_130' title="bbox 1575 3248 1757 3286; baseline 0 -1"><span class='ocrx_word' id='word_1_912' title='bbox 1575 3248 1757 3286; x_wconf 88' lang='lat' dir='ltr'>sublatus.</span> 
     </span>
    </p>

    <p class='ocr_par' dir='ltr' id='par_1_38' title="bbox 1627 3296 2634 3350">
     <span class='ocr_line' id='line_1_131' title="bbox 1627 3296 2634 3350; baseline -0.003 -12"><span class='ocrx_word' id='word_1_913' title='bbox 1627 3301 1687 3338; x_wconf 93' lang='lat' dir='ltr'>Ad</span> <span class='ocrx_word' id='word_1_914' title='bbox 1716 3302 1858 3338; x_wconf 89' lang='lat' dir='ltr'>horum</span> <span class='ocrx_word' id='word_1_915' title='bbox 1893 3308 2023 3338; x_wconf 87' lang='lat' dir='ltr'>autem</span> <span class='ocrx_word' id='word_1_916' title='bbox 2060 3300 2308 3347; x_wconf 89' lang='lat' dir='ltr'>intellectum,</span> <span class='ocrx_word' id='word_1_917' title='bbox 2337 3306 2488 3350; x_wconf 91' lang='lat' dir='ltr'>oportet</span> <span class='ocrx_word' id='word_1_918' title='bbox 2514 3296 2634 3336; x_wconf 85' lang='lat' dir='ltr'>con&#39;si·</span> 
     </span>
    </p>
   </div>
   <div class='ocr_carea' id='block_1_32' title="bbox 1575 3349 2634 3403">
    <p class='ocr_par' dir='ltr' id='par_1_39' title="bbox 1575 3349 2702 3403">
     <span class='ocr_line' id='line_1_132' title="bbox 1575 3349 2634 3403; baseline -0.004 -12"><span class='ocrx_word' id='word_1_919' title='bbox 1575 3354 1707 3392; x_wconf 85' lang='lat' dir='ltr'>derare</span> <span class='ocrx_word' id='word_1_920' title='bbox 1735 3354 1842 3403; x_wconf 91' lang='lat' dir='ltr'>quod</span> <span class='ocrx_word' id='word_1_921' title='bbox 1870 3353 1993 3391; x_wconf 88' lang='lat' dir='ltr'>fomes</span> <span class='ocrx_word' id='word_1_922' title='bbox 2020 3353 2115 3391; x_wconf 91' lang='lat' dir='ltr'>nihil</span> <span class='ocrx_word' id='word_1_923' title='bbox 2142 3353 2246 3391; x_wconf 85' lang='lat' dir='ltr'>aliud</span> <span class='ocrx_word' id='word_1_924' title='bbox 2274 3359 2329 3390; x_wconf 87' lang='lat' dir='ltr'>est</span> <span class='ocrx_word' id='word_1_925' title='bbox 2356 3363 2475 3402; x_wconf 90' lang='lat' dir='ltr'>quam</span> <span class='ocrx_word' id='word_1_926' title='bbox 2495 3349 2634 3388; x_wconf 85' lang='lat' dir='ltr'>inordi-</span> 
     </span>
    </p>
   </div>
   <div class='ocr_carea' id='block_1_33' title="bbox 1574 3401 2634 3508">
    <p class='ocr_par' dir='ltr' id='par_1_40' title="bbox 1574 3401 2634 3508">
     <span class='ocr_line' id='line_1_133' title="bbox 1575 3401 2634 3456; baseline -0.004 -12"><span class='ocrx_word' id='word_1_927' title='bbox 1575 3414 1662 3444; x_wconf 87' lang='lat' dir='ltr'>nata</span> <span class='ocrx_word' id='word_1_928' title='bbox 1681 3405 1989 3456; x_wconf 89' lang='lat' dir='ltr'>concupiscentia</span> <span class='ocrx_word' id='word_1_929' title='bbox 2011 3405 2197 3444; x_wconf 90' lang='lat' dir='ltr'>sensibilis</span> <span class='ocrx_word' id='word_1_930' title='bbox 2215 3405 2417 3455; x_wconf 86' lang='lat' dir='ltr'>appetitus,</span> <span class='ocrx_word' id='word_1_931' title='bbox 2433 3401 2634 3443; x_wconf 81' lang='lat' dir='ltr'>habitualis</span> 
     </span>
     <span class='ocr_line' id='line_1_134' title="bbox 1574 3457 2634 3508; baseline -0.003 -12"><span class='ocrx_word' id='word_1_932' title='bbox 1574 3467 1718 3496; x_wconf 86' lang='lat' dir='ltr'>tamen:</span> <span class='ocrx_word' id='word_1_933' title='bbox 1753 3459 1843 3508; x_wconf 86' lang='lat' dir='ltr'>quia</span> <span class='ocrx_word' id='word_1_934' title='bbox 1879 3458 2034 3496; x_wconf 82' lang='lat' dir='ltr'>actualis</span> <span class='ocrx_word' id='word_1_935' title='bbox 2070 3457 2379 3508; x_wconf 88' lang='lat' dir='ltr'>concupiscentia</span> <span class='ocrx_word' id='word_1_936' title='bbox 2414 3465 2470 3495; x_wconf 93' lang='lat' dir='ltr'>est</span> <span class='ocrx_word' id='word_1_937' title='bbox 2506 3463 2634 3494; x_wconf 88' lang='lat' dir='ltr'>motus</span> 
     </span>
    </p>
   </div>
   <div class='ocr_carea' id='block_1_34' title="bbox 1789 3551 1932 3556">
    <p class='ocr_par' dir='ltr' id='par_1_41' title="bbox 1789 3551 1932 3556">
     <span class='ocr_line' id='line_1_135' title="bbox 1789 3551 1932 3556; baseline 0 0"><span class='ocrx_word' id='word_1_938' title='bbox 1789 3551 1932 3556; x_wconf 95' lang='lat' dir='ltr'> </span> 
     </span>
    </p>
   </div>
   <div class='ocr_carea' id='block_1_35' title="bbox 1629 3600 1950 3635">
    <p class='ocr_par' dir='ltr' id='par_1_42' title="bbox 1629 3600 1950 3635">
     <span class='ocr_line' id='line_1_136' title="bbox 1629 3600 1950 3635; baseline 0.003 -9"><span class='ocrx_word' id='word_1_939' title='bbox 1629 3600 1655 3635; x_wconf 75' lang='grc' dir='ltr'>β)</span> <span class='ocrx_word' id='word_1_940' title='bbox 1668 3602 1734 3635; x_wconf 67' lang='lat' dir='ltr'>fua.</span> <span class='ocrx_word' id='word_1_941' title='bbox 1751 3616 1771 3621; x_wconf 91' lang='lat'><em>-</em></span> <span class='ocrx_word' id='word_1_942' title='bbox 1789 3602 1849 3628; x_wconf 87' lang='lat' dir='ltr'>om.</span> <span class='ocrx_word' id='word_1_943' title='bbox 1868 3602 1950 3627; x_wconf 66' lang='lat' dir='ltr'>teni..</span> 
     </span>
    </p>
   </div>
   <div class='ocr_carea' id='block_1_36' title="bbox 2647 648 2872 3970">
    <p class='ocr_par' dir='ltr' id='par_1_43' title="bbox 2647 648 2872 3970">
     <span class='ocr_line' id='line_1_137' title="bbox 2647 648 2872 3970; baseline 0 0"><span class='ocrx_word' id='word_1_944' title='bbox 2647 648 2872 3970; x_wconf 95' lang='lat' dir='ltr'> </span> 
     </span>
    </p>
   </div>
  </div>
 </body>
</html>
