2872 3970
143 815 149 822 ,
172 791 174 797 '
220 793 273 817 ἔμ’),

147 829 153 837 s

115 1761 183 1823 Ῐὶξ’Υ

902 277 1163 324 QUAESTIO
1192 278 1360 324 XLVIII,
1391 278 1680 316 ARTICULUS
1708 280 1722 315 1

302 890 410 916 muniz
444 877 771 915 considerandum
799 886 854 915 est
885 878 933 915 de
962 879 1101 916 effectu
1135 879 1278 928 passio-

302 931 361 968 nis
381 930 520 968 Christi
538 930 568 967 *.
607 931 655 967 Et
679 929 818 980 prim0,
839 931 887 968 de
915 931 1035 968 modo
1067 931 1276 977 efficiendi3

221 983 413 1043 secundo,
424 983 472 1020 de
500 983 584 1033 ipso
614 983 790 1020 effectu*

221 1036 332 1074 Circa
357 1035 528 1085 primum
557 1043 795 1084 quaeruntur
822 1048 898 1073 sex.

273 1088 424 1126 Primo:
453 1095 584 1125 utrum
620 1087 747 1137 passio
787 1088 926 1126 Christi
962 1089 1173 1126 causaverit
1209 1101 1278 1126 no-

325 1148 442 1178 stram
469 1142 632 1178 salutem
658 1153 728 1190 per
754 1142 920 1178 modum
947 1141 1082 1178 meriti.

272 1193 471 1232 Secundo:
500 1201 631 1230 utrum
658 1205 728 1242 per
755 1194 920 1230 modum
947 1194 1217 1232 satisfactionis.

223 504 291 598 :3:517
312 536 328 587 ς’
394 550 398 551 f
596 533 1007 619 QUAESTIO
1046 545 2037 626 QUADRAGESIMAOCTAVA-

127 640 163 674 ”
270 655 321 719 θ’(
347 665 350 671 ³
670 662 754 724 DE
786 663 963 703 MODO
997 663 1337 725 EFFICIENDI
1369 665 1679 706 PASSIONIS
1714 666 1950 707 CHRISTI

1058 778 1094 803 IN
1121 778 1187 803 SEX
1213 778 1412 804 ARTICULOS
1438 779 1550 805 DIVISA

1383 880 1536 918 Tertio:
1566 889 1696 918 utrum
1725 893 1794 931 per
1821 883 1984 919 modum
2012 882 2194 920 sacrificii.

1385 943 1551 989 Quarto:
1582 951 1713 980 utrum
1740 956 1809 992 per
1836 944 2000 980 modum
2029 944 2310 994 redemptionis.

1385 1005 1549 1052 Quinto:
1571 1012 1700 1042 utrum
1720 1017 1801 1042 esse
1816 1005 2115 1054 Redemptorem
2130 1005 2174 1042 sit
2188 1006 2387 1055 proprium

1439 1070 1588 1107 Christi.

1385 1133 1520 1170 Sexto:
1548 1140 1679 1170 utrum
1707 1133 1917 1170 causaverit
1945 1133 2124 1170 effectum
2152 1142 2301 1171 nostrae
2330 1147 2386 1171 sa-

1438 1193 1524 1230 lutis
1551 1206 1620 1243 per
1647 1194 1811 1231 modum
1838 1193 2071 1231 efficientiae.

1025 1311 1342 1353 ARTICULUS
1373 1311 1579 1353 PRIMUS

428 1402 586 1434 UTRUM
607 1401 753 1434 PAss10
778 1401 951 1434 CHRISTI
975 1402 1250 1434 CAUSAVEmT
1274 1403 1484 1434 NOSTRAM
1507 1402 1713 1434 SALUTEM
1736 1403 1818 1433 PER
1841 1402 2004 1434 MODUM
2028 1403 2177 1433 MERITI

768 1481 842 1511 Infra.
861 1486 908 1507 art.
927 1480 952 1511 6,
971 1482 1003 1506 ad
1024 1481 1053 1513 3;
1074 1481 1115 1506 De
1139 1482 1229 1511 Verit„
1248 1489 1292 1514 qu.
1313 1478 1378 1512 xxvi,
1398 1487 1444 1507 nrt.
1462 1480 1487 1511 6.
1506 1482 1537 1506 ad
1557 1482 1595 1512 4¹¹²
1613 1481 1640 1506 {n
1659 1482 1834 1507 contrarium.

266 1584 361 1621 ἥρ.

243 1593 416 1712 ΝΑ,

425 1581 448 1606 ι)
476 1581 611 1607 patmum
636 1581 687 1606 stc
716 1581 953 1607 PRocEmTUR.
983 1570 1143 1607 Videtur
1169 1570 1276 1619 quod

224 1736 232 1745 ¹
253 1725 255 1728 ’
277 1716 371 1756 -Ἧῶ
386 1716 531 1764 χ«<ε>.ῑιίιῑῑ
549 1727 735 1776 principia
754 1739 834 1764 non
853 1735 942 1764 sunt
960 1727 999 1764 in
1028 1727 1150 1764 nobis.
1181 1729 1276 1764 Nul-

214 1780 275 1817 lus
302 1786 432 1817 autem
460 1787 629 1817 meretur
655 1781 718 1816 vel
745 1780 923 1817 laudatur
949 1780 1021 1817 nisi
1048 1792 1118 1829 per
1144 1780 1183 1817 id
1211 1793 1276 1817 cu-

213 1831 274 1870 ius
301 1832 534 1882 principium
562 1840 618 1869 est
643 1832 683 1869 in
711 1832 806 1881 ipso.
846 1834 947 1880 Ergo
980 1833 1106 1881 passio
1137 1833 1276 1870 Christi

213 1884 308 1922 nihil
335 1893 391 1922 est
418 1892 575 1934 operata
601 1897 672 1934 per
697 1886 863 1922 modum
891 1884 1026 1922 meriti.

248 1948 304 1974 .2.
333 1939 571 1984 Pus-mm,
601 1937 774 1975 Christus
801 1938 850 1974 ab
878 1937 984 1974 initio
1020 1949 1111 1974 suae
1139 1949 1275 1975 conce-

212 1989 353 2040 ptionis
370 1990 511 2027 meruit
528 1998 565 2027 et
592 1989 663 2027 sibi
682 1998 718 2027 et
745 1990 868 2036 nobis,
889 1998 931 2027 ut
957 2002 1073 2039 supra
1090 1990 1110 2012 *
1129 1990 1274 2027 dictum

213 2051 279 2081 oet.
308 2043 386 2081 Sed
404 2043 647 2093 superfluum
667 2051 722 2080 est
740 2043 878 2080 iterum
898 2048 916 2064 ‘²
944 2043 1082 2080 mereri
1101 2043 1139 2079 id
1167 2044 1274 2092 quod

212 2094 304 2134 alias
330 2103 534 2133 meruerat.
563 2096 666 2143 Ergo
695 2094 868 2132 Christus
895 2107 965 2144 per
991 2107 1103 2132 suam
1130 2095 1274 2144 passio·

212 2160 304 2186 nem
331 2160 412 2186 non
440 2148 580 2185 meruit
607 2156 779 2185 nostram
806 2149 979 2185 salutem.

214 2213 218 2218 ’
266 2201 301 2238 3.
331 2201 564 2247 PRAETEREA,
584 2200 691 2238 radix
718 2200 893 2238 merendi
927 2208 982 2237 est
1009 2201 1153 2238 caritas.
1197 2201 1273 2238 Sed

110 2270 121 2283 ³
211 2253 346 2292 caritas
374 2253 514 2291 Christi
532 2265 612 2290 non
638 2253 708 2290 fuit
725 2253 846 2302 magis
869 2261 1112 2301 augmentata
1130 2253 1170 2290 in
1188 2265 1273 2302 pas-

212 2306 326 2344 sione.
347 2318 465 2356 quam
496 2313 593 2343 ante.
623 2306 725 2353 Ergo
754 2318 834 2343 non
862 2306 982 2354 magis
1009 2305 1149 2343 meruit
1177 2307 1272 2343 salu-

211 2361 288 2397 tem
317 2366 489 2397 nostram
517 2358 698 2408 patiendo
726 2371 845 2408 quam
873 2366 960 2396 ante
987 2359 1135 2396 fecerat.

266 2412 340 2450 SED
362 2423 507 2449 con-rm
526 2423 591 2448 ssT
619 2412 738 2460 quod,
759 2423 875 2460 super
902 2411 994 2448 illud
1022 2412 1180 2461 Philipp.
1202 2423 1222 2448 11
1236 2411 1271 2458 ³⁸,

119 2492 128 2501 ,-
160 2445 182 2511 ξ’
211 2466 371 2515 Propoer
397 2465 505 2514 -quod
519 2470 568 2510 xet
595 2465 696 2502 Deus
731 2465 906 2502 exaltavit
933 2464 1036 2501 illum
1065 2472 1133 2501 etc.
1146 2493 1155 2510 ,
1185 2464 1274 2501 dicit

122 2517 124 2519 ’
165 2530 187 2539 -·
211 2516 448 2566 Augustinus
461 2516 496 2553 *ε
516 2518 722 2554 Humilitas
733 2518 917 2567 passionis
936 2517 1111 2554 claritatis
1129 2523 1180 2554 est
1197 2529 1272 2554 me-

213 2571 343 2608 ritum:
368 2571 518 2607 claritas
544 2570 756 2607 humilitatis
778 2576 828 2606 est
845 2572 1065 2619 praemium.
1096 2570 1172 2607 Sed
1191 2569 1272 2619 ipse

212 2622 437 2660 clarificatus
456 2630 511 2659 est
534 2634 616 2659 non
642 2624 769 2660 solum
787 2622 827 2659 in
847 2622 985 2671 seipso,
1006 2622 1074 2659 sed
1099 2622 1211 2659 etiam
1232 2622 1271 2659 in

213 2675 292 2713 suis
308 2674 499 2722 fidelibus,
519 2683 561 2712 ut
587 2675 668 2724 ipse
694 2674 794 2721 dicit,
815 2676 917 2712 Ioan.
938 2687 1007 2712 xvu
1026 2675 1057 2711 ²⁸.
1087 2675 1188 2723 Ergo
1216 2675 1271 2712 vi-

213 2727 325 2766 detur
342 2728 449 2777 quod
467 2727 549 2777 ipse
569 2728 708 2765 meruit
727 2729 889 2765 salutem
908 2739 1070 2764 suorum
1084 2727 1270 2765 fidelium.

265 2781 488 2818 RESPONDEO
525 2792 706 2818 DICENDUM
742 2781 867 2830 quod,
896 2781 993 2818 sicut
1029 2793 1145 2830 supra
1165 2780 1184 2802 *
1217 2780 1271 2818 di-

212 2841 319 2871 ctum
337 2841 404 2880 est,
425 2833 577 2870 Christo
597 2833 684 2870 data
711 2841 767 2870 est
786 2833 903 2881 gratia
921 2845 1001 2870 non
1030 2835 1157 2870 solum
1176 2833 1272 2870 sicut

212 2884 392 2934 singulari
419 2898 618 2935 personae,
638 2886 706 2923 sed
725 2886 956 2935 inquantum
975 2894 1030 2923 est
1057 2894 1172 2935 caput
1200 2886 1270 2923 Ec-

212 2938 359 2986 clesiae,
387 2946 431 2976 ut
458 2938 597 2976 scilicet
624 2939 672 2976 ab
700 2938 784 2988 ipso
813 2939 1044 2976 redundaret
1072 2939 1121 2975 ad
1148 2949 1270 2975 mem-

265 3050 294 3084 α)
312 3051 417 3077 iterum.
434 3066 454 3071 -
470 3051 584 3084 aliquem
607 3051 702 3077 iterum
722 3051 750 3076 Ρ.
767 3065 788 3070 —-
804 3052 872 3077 alias
891 3051 950 3083 F.;G
969 3055 1032 3077 ante
1050 3053 1074 3076 H
1094 3057 1120 3077 et
1138 3052 1271 3082 editiones,

212 3086 288 3112 aliud
305 3087 348 3112 ed.
364 3094 391 3116 a,
409 3086 478 3112 alius
497 3086 584 3112 ceteri.

265 3121 291 3156 β)
309 3122 382 3154 quod
395 3121 514 3153 passio...
527 3122 561 3146 ab
575 3122 737 3147 interioria·
717 3122 821 3154 -quod
834 3122 927 3154 passio
946 3121 1102 3153 inquantum
1120 3121 1272 3146 huiusmodi

196 3166 198 3168 ’
212 3163 264 3184 non
279 3160 318 3183 est
336 3157 474 3182 meritoria
492 3157 555 3190 quia
573 3157 650 3182 habet
663 3157 826 3188 principium
839 3157 873 3181 ab
886 3156 1028 3182 exteriori.
1047 3157 1101 3181 Sed
1114 3157 1270 3197 inquantum

211 3195 252 3218 est
273 3195 412 3224 acceptata
435 3199 487 3224 per
509 3191 672 3216 voluntatem
695 3190 788 3227 (Sed...
806 3191 919 3217 sustinet
943 3196 971 3215 ut
994 3198 1042 3215 nos
1061 3191 1091 3225 P)
1110 3191 1148 3216 sic
1175 3195 1214 3216 est
1237 3192 1270 3216 ab

1329 1570 1408 1607 bra.
1439 1570 1487 1606 Et
1515 1569 1601 1606 ideo
1631 1581 1749 1618 opera
1777 1570 1915 1606 Christi
1943 1571 2019 1607 hoc
2046 1571 2165 1608 modo
2185 1583 2224 1608 se
2244 1573 2385 1610 habent

425 1621 554 1671 passio
584 1622 722 1659 Christi
750 1634 831 1659 non
868 1622 1079 1660 causaverit
1106 1630 1276 1660 nostram
1329 1630 1408 1659 tam
1435 1623 1484 1659 ad
1513 1634 1552 1658 se
1585 1634 1705 1671 quam
1732 1623 1781 1659 ad
1813 1634 1882 1659 sua
1913 1623 2098 1669 membra,
2128 1623 2223 1660 sicut
2251 1637 2290 1662 se
2318 1627 2384 1663 ha-

252 1676 354 1718 rar<
366 1657 397 1712 ‘6
426 1676 589 1712 salutem
609 1687 678 1724 per
695 1675 860 1712 modum
879 1675 1015 1712 meriti.
1046 1675 1276 1712 Passionum
1329 1675 1420 1711 bent
1447 1687 1565 1723 opera
1601 1675 1754 1711 alterius
1790 1675 1958 1711 hominis
1985 1675 2024 1711 in
2051 1676 2168 1723 gratia
2194 1678 2384 1715 constituti

1329 1727 1377 1764 ad
1405 1727 1545 1786 ipsum.
1575 1727 1819 1764 Manifestum
1851 1735 1905 1764 est
1928 1735 2056 1764 autem
2085 1729 2191 1787 quod
2210 1730 2384 1778 quicum-

1328 1792 1404 1828 que
1423 1780 1463 1816 in
1481 1779 1597 1827 gratia
1616 1779 1840 1816 constitutus
1859 1787 2015 1828 propter
2033 1780 2211 1818 iustitiam
2234 1782 2382 1830 patitur,

1328 1845 1375 1869 ex
1403 1832 1581 1881 hOC1pso
1601 1839 1769 1869 meretur
1796 1831 1866 1868 sibi
1894 1834 2071 1869 salutem:
2102 1834 2316 1872 secundum
2343 1835 2383 1872 il—

1328 1885 1395 1921 lud
1414 1885 1548 1921 Matth.
1569 1897 1593 1921 v
1611 1884 1650 1920 *τ
1679 1886 1788 1921 Beati
1813 1886 1876 1933 qui
1887 1887 2178 1933 persecutionem
2193 1889 2385 1935 patiuntur
2412 1899 2420 1908 ·

1322 1944 1478 1987 propter
1505 1939 1686 1974 iustitiam.
1717 1937 1827 1974 Unde
1857 1936 2029 1974 Christus
2057 1950 2137 1974 non
2162 1940 2289 1976 solum
2316 1952 2385 1989 per

1328 2001 1440 2027 suam
1473 1989 1694 2038 passionem
1722 1989 1810 2035 sibi,
1840 1990 1908 2026 sed
1944 1990 2057 2027 etiam
2093 1990 2274 2028 omnibus
2307 1993 2383 2030 suis

1327 2042 1512 2079 membris
1540 2042 1680 2079 meruit
1707 2043 1879 2079 salutem.

1380 2097 1437 2132 An
1457 2107 1592 2132 PRIMUM
1618 2107 1716 2132 ERGO
1737 2107 1918 2132 monimum
1945 2095 2052 2144 quod
2075 2096 2201 2145 passio
2222 2097 2383 2147 inquan-

1326 2155 1410 2185 tum
1425 2147 1678 2193 huiusmodi,
1707 2147 1822 2184 habet
1853 2147 2085 2196 principium
2119 2149 2167 2185 ab
2195 2151 2380 2189 exteriori.

1327 2201 1405 2238 Sed
1432 2200 1648 2237 secundum
1667 2200 1775 2248 quod
1794 2211 1880 2236 eam
1907 2200 2043 2248 aliquis
2062 2202 2274 2239 voluntarie
2302 2216 2381 2240 sus·

1325 2253 1430 2300 tinet,
1458 2253 1573 2289 habet
1599 2251 1831 2301 principium
1859 2252 1907 2288 ab
1934 2252 2146 2290 interioriss.

1378 2307 1435 2343 An
1464 2317 1652 2342 SECUNDUM
1679 2316 1859 2342 mCENDUM
1887 2305 1994 2364 quod
2027 2305 2199 2343 Christus
2231 2319 2253 2344 a
2279 2309 2380 2357 prin-

1326 2358 1426 2408 cipio
1446 2370 1538 2395 suae
1558 2356 1817 2406 conceptionis
1836 2357 1975 2394 meruit
2002 2357 2113 2395 nobis
2131 2360 2292 2397 salutem
2320 2373 2380 2398 ae-

1325 2419 1490 2448 ternam:
1521 2410 1588 2447 sed
1616 2422 1662 2446 ex
1685 2417 1791 2459 parte
1818 2417 1947 2446 nostra
1974 2418 2080 2447 erant
2105 2410 2380 2460 impedimenta

1326 2464 1536 2513 quaedam,
1566 2463 1706 2511 quibus
1743 2462 2049 2511 impediebamur
2080 2464 2264 2513 consequi
2292 2466 2378 2503 effe-

1325 2525 1430 2554 ctum
1449 2515 1760 2565 praecedentium
1778 2514 2014 2552 meritorum.
2044 2515 2167 2560 Unde,
2187 2517 2236 2553 ad
2254 2529 2378 2555 remo-

1325 2569 1498 2607 vendum
1517 2568 1578 2605 illa
1594 2567 1878 2617 impedimenta,
1894 2567 2061 2616 oportuit
2077 2568 2270 2606 Christum
2288 2571 2376 2619 pati,

1325 2630 1368 2660 ut
1395 2634 1511 2671 supra
1528 2621 1549 2643 '¹‘
1576 2620 1721 2658 dictum
1749 2627 1814 2657 est.

1378 2676 1439 2711 Αι)
1453 2685 1611 2711 TER-rum
1625 2685 1805 2710 memnon
1824 2674 1931 2722 quod
1948 2673 2074 2723 passio
2091 2674 2227 2711 Christi
2246 2675 2378 2712 habuit

1325 2727 1493 2776 aliquem
1521 2726 1701 2763 effectum
1729 2738 1847 2775 quem
1875 2738 1953 2763 non
1982 2726 2199 2763 habuerunt
2225 2739 2377 2776 praece—

1325 2779 1453 2817 dentia
1480 2778 1629 2825 merita,
1658 2790 1738 2815 non
1765 2786 1921 2827 propter
1952 2778 2140 2815 maiorem
2168 2779 2375 2828 caritatem,

1325 2833 1392 2869 sed
1419 2839 1575 2881 propter
1600 2843 1720 2879 genus
1748 2830 1885 2880 operis,
1905 2831 2011 2879 quod
2039 2838 2118 2868 erat
2144 2832 2377 2870 conveniens

1323 2884 1387 2922 tali
1414 2884 1584 2930 effectui:
1624 2891 1666 2920 ut
1692 2891 1793 2932 patet
1825 2895 1872 2919 ex
1899 2882 2108 2920 rationibus
2141 2895 2255 2932 supra
2274 2884 2294 2906 ³⁸
2321 2884 2376 2922 in-

1324 2937 1446 2974 ductis
1477 2937 1525 2973 de
1553 2935 1818 2972 convenientia
1845 2935 2030 2984 passionis
2059 2935 2208 2973 Christi.

1323 3051 1446 3076 interiori
1468 3049 1603 3081 principio
1630 3048 1679 3080 (sic
1702 3051 1741 3073 est
1764 3048 1797 3072 ab
1822 3047 1946 3072 interiori
1968 3048 2130 3080 principium
2149 3049 2172 3079 b,
2191 3050 2229 3075 sic
2249 3050 2327 3076 habet
2344 3051 2377 3076 ab

1322 3085 1445 3111 interiori
1467 3084 1631 3116 principium
1650 3090 1672 3112 c,
1692 3083 1730 3107 sic
1754 3083 1831 3107 habet
1854 3082 2016 3114 principium
2042 3084 2075 3108 ab
2097 3084 2220 3109 interiori
2238 3084 2267 3118 Ρ)
2286 3088 2312 3110 et
2329 3085 2377 3110 hoc

1323 3121 1402 3146 modo
1419 3123 1459 3144 est
1478 3118 1616 3144 meritoria
1639 3118 1711 3142 tertia
1729 3124 1829 3149 praeter
1847 3118 1869 3146 1.
1884 3118 1928 3150 qui
1947 3117 2024 3142 habet
2041 3126 2125 3151 usque
2144 3120 2175 3144 ad
2194 3120 2227 3144 ab
2245 3121 2378 3146 exteriori

1323 3161 1352 3180 ut
1369 3163 1416 3179 nos
1436 3159 1462 3179 et
1480 3159 1563 3179 cetera
1582 3161 1634 3178 om.
1654 3154 1716 3177 Post
1734 3153 1865 3178 exteriori
1883 3158 1909 3177 et
1927 3153 2050 3178 interiori
2067 3153 2086 3178 F
2105 3154 2173 3179 addit
2186 3158 2276 3186 parte.

885 3269 1225 3302 Commentaria·
1239 3269 1491 3302 Oardjnalis
1512 3268 1713 3300 Caietam

143 3356 380 3426 Ttwws
409 3351 511 3382 clarus
538 3355 585 3381 est
611 3350 824 3381 recolentibus
846 3351 880 3380 in
903 3359 969 3389 quo
1001 3349 1144 3379 consistit
1166 3349 1270 3379 meriti

273 3395 371 3425 mdo·
386 3395 506 3426 scilicet
525 3393 614 3435 quod
629 3393 767 3424 vindicet
785 3394 844 3424 sibi
864 3403 902 3424 ex
922 3392 1028 3423 debito
1048 3393 1226 3432 praemium
1241 3393 1268 3422 ἦ

170 3427 257 3474 ‘'sst
275 3439 446 3478 propterea
466 3439 649 3479 passionem
665 3437 790 3468 Christi
811 3437 936 3488 operari
967 3441 1108 3467 nostram
1135 3436 1269 3466 salutern

215 3489 273 3522 per
293 3481 429 3513 modum
450 3483 563 3518 meriti,
581 3487 627 3512 est
648 3482 772 3521 operari
794 3482 839 3511 sic
861 3485 898 3510 ut
920 3479 1096 3510 secundum
1118 3479 1268 3510 iustitiam

211 3518 368 3590 Q
389 3526 447 3559 sibi
469 3530 576 3557 nostra
599 3526 692 3556 salus.

238 3566 309 3601 flu
328 3576 465 3610 corpore
494 3569 616 3601 articuli
638 3569 733 3600 unica
756 3574 803 3599 est
825 3568 990 3599 conclusio
1014 3567 1196 3597 affirmative
1219 3576 1267 3597 re·
1292 3589 1295 3608 ε

1323 3347 1484 3388 spondens
1521 3348 1681 3387 quaesito:
1715 3347 1860 3378 Christus
1892 3357 1954 3387 per
1981 3357 2072 3378 suam
2095 3348 2280 3387 passionem
2310 3357 2374 3379 non

1322 3392 1427 3422 solum
1455 3391 1515 3422 sibi
1546 3392 1671 3427 meruit,
1694 3391 1750 3422 sed
1779 3391 1924 3421 omnibus
1954 3392 2022 3422 suis
2053 3392 2200 3422 membris
2228 3392 2373 3422 salutem.

1322 3435 1485 3466 Probatur.
1514 3435 1641 3466 Christo
1665 3435 1736 3465 data
1758 3441 1805 3466 est
1826 3436 1924 3475 gratia
1950 3444 2017 3465 non
2040 3435 2146 3465 solum
2169 3441 2205 3465 ut
2227 3435 2374 3475 singulari

1321 3488 1486 3530 personae,
1502 3478 1559 3509 sed
1574 3480 1668 3509 etiam
1683 3484 1719 3509 ut
1735 3479 1830 3519 capiti
1845 3479 2015 3509 Ecclesiae.
2037 3479 2122 3518 Ergo
2146 3488 2243 3519 opera
2259 3478 2374 3509 Christi

1320 3523 1363 3553 ita
1386 3532 1419 3553 se
1442 3523 1559 3553 habent
1581 3528 1646 3553 tam
1662 3522 1701 3552 ad
1717 3532 1750 3553 se
1765 3532 1863 3562 quam
1879 3522 1918 3552 ad
1933 3532 1990 3552 sua
2012 3523 2164 3558 membra,
2181 3523 2262 3553 sicut
2278 3532 2374 3562 opera

1321 3567 1470 3597 alterius'
1463 3576 1495 3597 in
1511 3567 1608 3606 gratia
1631 3567 1794 3597 constituti
1816 3566 1856 3596 ad
1878 3567 2028 3606 seipsum.
2052 3566 2137 3606 Ergo
2153 3566 2296 3597 Christus
2318 3575 2375 3605 per

2436 1898 2492 1919 Vers
2518 1905 2552 1920 ιο.

2406 2628 2414 2637 ·
2423 2627 2537 2654 Quas-vi.
2546 2632 2614 2656 art.3.

2403 2885 2413 2896 ⁸
2426 2885 2484 2906 Ibid.
