2872 3970
35 1043 37 1046 ,
70 1020 118 1040 not.
137 1024 167 1048 ας
182 1021 204 1039 et

76 1049 190 1072 eorporis.

943 280 1205 326 QUAEsrio
1233 281 1301 327 ix,
1331 281 1622 318 ARTICULUS
1651 282 1695 318 111

235 359 520 406 beatitudinem,
541 360 607 396 sed
636 358 744 407 quasi
765 364 782 385 η
810 370 879 407 per
900 357 1173 394 beatitudinem
1202 370 1292 395 con·
1318 382 1320 399 a

234 412 395 449 firmata.

287 466 343 502 AD
370 476 528 502 TERTIUM
552 476 732 501 monimum
760 463 866 511 quod
891 463 1054 510 cognitio
1083 463 1193 500 beata
1212 475 1291 499 non

234 517 277 554 fit
302 529 372 566 per
408 516 574 566 speciem
610 527 710 565 quae
738 515 783 552 sit
811 514 1017 552 similitudo
1055 515 1207 552 divinae
1235 528 1291 551 es-

234 569 374 606 sentiae
393 569 423 615 *,
444 571 505 606 vel
533 581 670 606 eorum
689 580 790 616 quae
817 567 856 604 in
885 567 1014 604 divina
1041 567 1201 604 essentia
1229 580 1291 604 co-

170 642 176 653 ‚
199 642 206 648 ·
232 630 478 670 gnoscuntur,
499 629 542 658 ut
559 629 662 670 patet
677 633 722 657 ex
742 620 800 656 his
820 632 919 668 quae
939 620 979 656 in
998 620 1127 656 Prima
1148 621 1258 656 Parte
1272 620 1292 642 ’¹‘

233 674 332 712 dicta
358 682 465 711 sunt:
497 674 563 710 sed
599 673 681 710 talis
709 672 872 721 cognitio
902 680 956 709 est
981 672 1111 722 'ipsius
1140 672 1291 709 divinae

2332 283 2402 330 143

1347 359 1529 396 essentiae
1558 359 1788 403 immediate,
1809 371 1878 408 per
1905 361 1979 396 hoc
2001 360 2106 408 quod
2135 360 2215 409 ipsa
2244 361 2404 398 essentia

1347 411 1476 448 divina
1504 411 1634 449 unitur
1661 411 1779 448 menti
1808 413 1939 449 beatae
1971 412 2065 449 sicut
2093 412 2319 461 intelligibile
2348 414 2403 450 in-

1346 463 1532 512 telligenti.
1563 465 1674 510 Quae
1695 464 1852 513 quidem
1873 465 2032 501 essentia
2052 465 2181 502 divina
2209 474 2262 502 est
2281 467 2404 503 forma

1347 517 1532 553 excedens
1547 516 1836 566 proportionem
1851 517 2050 554 cuiuslibet
2065 526 2268 555 creaturae.
2292 519 2403 555 Unde

1345 568 1439 605 nihil
1466 569 1643 618 prohibet
1671 569 1776 618 quin,
1806 582 1896 606 curn
1926 571 1998 606 hac
2029 570 2152 607 forma
2180 583 2402 619 superexce-

1345 620 1469 664 dente,
1491 621 1604 658 simul
1632 621 1745 658 insint
1773 622 1945 659 rationali
1973 622 2091 659 menti
2126 623 2269 672 species
2298 623 2403 660 intel-

1346 673 1501 720 ligibiles
1529 674 1837 723 proportionatae
1867 687 1958 712 suae
1987 683 2154 712 naturae.

284 804 311 839 η)
330 805 414 837 quasi.
426 819 445 823 —
458 805 478 829 E
492 810 517 829 et
535 796 622 836 tertia3
641 805 717 837 quasi
736 805 780 829 via
799 803 856 838 (sed
875 805 897 829 Α
910 812 963 830 om.
982 805 1030 829 sed
1047 804 1125 837 quasi
1140 811 1190 837 per
1210 804 1420 838 beatitudinem).

904 883 1238 925 Commentaria
1260 891 1510 925 Oarttinalis
1532 893 1735 926 Caietani

261 983 281 1003 Ν
296 974 390 1004 titulo
405 973 488 1004 tertii
511 973 633 1003 articuli
655 973 786 1012 ponitur
801 971 970 1002 disiunctio
993 972 1203 1002 terminorum
1218 971 1290 1001 illo-

235 985 342 1053 irum,
358 1017 514 1053 videlicet,
531 1016 633 1047 indita
649 1017 699 1047 vel
714 1016 824 1057 infusa
840 1017 866 1052 ἡ
883 1022 919 1046 ut
935 1015 1062 1046 satisfiat
1078 1015 1289 1046 diversimode

229 1061 316 1092 illam
339 1061 580 1102 appellantibus.
605 1060 742 1091 Scientia
757 1059 915 1100 siquidem
930 1061 997 1096 ista,
1015 1060 1090 1100 quia
1105 1059 1198 1090 simul
1215 1069 1290 1089 curn

229 1110 341 1135 natura
361 1106 484 1135 animae
500 1105 600 1140 datur,
625 1104 726 1134 indita
742 1109 888 1134 vocatur:
915 1105 989 1143 quia
1003 1113 1079 1134 vero
1095 1113 1163 1133 non
1182 1103 1291 1143 acqui-

229 1149 316 1185 ritur,
339 1158 400 1179 nec
423 1158 462 1179 ex
483 1150 515 1179 vi
537 1154 667 1179 naturae
679 1149 809 1178 animae
831 1148 933 1188 ipsam
950 1148 1128 1183 comitatur,
1145 1147 1200 1177 sed
1218 1147 1289 1177 Deo

230 1193 290 1223 alia
311 1193 437 1223 actione
460 1197 585 1222 creante
601 1192 739 1222 animam
758 1197 789 1221 et
805 1191 864 1221 alia
879 1192 1005 1222 actione
1019 1191 1173 1221 influente
1189 1191 1290 1221 scien-

229 1237 322 1272 tiam,
346 1237 491 1276 quamvis
513 1236 609 1266 simul
630 1241 776 1275 tempore
799 1236 948 1271 habetur,
976 1234 1050 1265 ideo
1074 1235 1184 1276 infusa
1206 1244 1290 1265 nun-

229 1285 373 1320 cupatur.
397 1280 438 1310 Et
459 1289 568 1310 revera
589 1279 694 1310 infusa
715 1279 859 1309 vocanda
882 1284 938 1314 est,
962 1279 988 1309 si
1010 1280 1138 1319 proprie
1154 1279 1290 1318 loquen—

229 1323 308 1355 dum
323 1329 379 1355 est.
395 1323 594 1364 Angelorum
616 1328 724 1354 autem
739 1323 870 1353 scientia
883 1322 983 1353 indita
997 1324 1125 1363 proprie
1141 1328 1288 1353 vocatur:

229 1369 305 1408 quia
331 1377 439 1398 comes
463 1372 509 1398 est
531 1373 661 1398 naturae
684 1372 720 1396 ut
742 1367 826 1396 illius
848 1367 1025 1406 proprietas
1048 1367 1213 1403 naturalis;
1231 1376 1290 1396 ea-

230 1411 368 1452 demque
391 1412 516 1442 actione
532 1420 596 1451 qua
610 1411 753 1441 Verbum
768 1411 829 1441 Dei
845 1415 929 1440 creat
944 1410 1118 1450 angelicam
1133 1416 1289 1446 naturam,

228 1456 383 1496 imprimit
396 1456 430 1485 in
445 1456 532 1486 illam
547 1455 668 1495 species
684 1454 894 1494 intelligibiles
910 1454 1096 1494 perfectivas
1111 1455 1290 1484 intellectus

229 1500 372 1539 angelici.
387 1499 497 1530 Potest
510 1499 730 1534 nihilominus,
746 1499 844 1538 gratia
858 1499 1017 1534 materiae,
1031 1499 1149 1529 scilicet
1165 1499 1289 1528 animae

229 1543 356 1580 Christi,
381 1543 443 1574 dici
465 1543 596 1574 scientia
618 1542 732 1573 indita:
758 1552 816 1582 pro
834 1548 954 1582 quanto
979 1543 1149 1573 comitatur
1164 1548 1289 1572 natura-

228 1587 298 1618 liter
321 1588 460 1619 animam
483 1587 610 1622 Christi,
633 1596 701 1617 non
724 1592 760 1616 ut
783 1592 934 1622 creatam,
959 1586 1013 1616 sed
1036 1592 1072 1616 ut
1095 1592 1289 1626 assumptam

228 1641 246 1661 a
268 1631 386 1667 Verbo,
414 1632 495 1662 sicut
518 1636 549 1661 et
571 1631 668 1670 gratia
697 1630 873 1660 habitualis.
905 1630 970 1660 Estv
985 1631 1070 1660 enirn
1097 1631 1290 1671 Unigenitus

196 1693 202 1704 ‚
227 1685 247 1705 a
270 1675 368 1706 Patre
384 1676 511 1716 plenus,
535 1685 602 1705 non
626 1675 732 1704 solum
754 1674 892 1715 gratiae,
917 1674 972 1704 sed
995 1674 1139 1704 veritatis
1154 1675 1180 1704 θ.

284 1720 321 1750 11.
345 1719 381 1750 In
404 1727 539 1759 corpore
562 1718 684 1749 articuli
715 1719 811 1748 unica
837 1724 884 1748 est
909 1718 1075 1748 conclusio
1105 1719 1290 1758 responsiva

229 1764 393 1804 quaesito,
427 1763 594 1803 dupliciter
623 1763 764 1802 probata.
801 1762 977 1793 Conclusio
1006 1767 1067 1792 est:
1100 1762 1234 1802 Oportet
1256 1763 1288 1792 in

231 1808 359 1838 Christo
377 1817 502 1848 ponere
524 1807 690 1837 scientiam
713 1806 857 1836 inditam.
881 1806 1036 1836 Probatur
1058 1807 1173 1846 primo,
1192 1816 1229 1835 ex
1244 1807 1290 1836 vi-

227 1850 323 1882 tanda
343 1851 586 1892 imperfectione
609 1856 738 1880 naturae
754 1854 944 1890 assumptae.
969 1850 1110 1880 Decebat
1125 1855 1160 1880 ut
1178 1855 1290 1880 natura

227 1896 368 1926 humana
386 1900 547 1935 assumpta
562 1904 580 1924 a
594 1895 701 1924 Verbo
718 1894 788 1929 Dei,
805 1893 990 1933 imperfecta
1005 1903 1072 1923 non
1089 1898 1179 1923 esset.
1203 1894 1288 1933 Ergo

228 1944 357 1980 oportet
378 1940 412 1970 in
435 1938 562 1969 Christo
593 1947 714 1978 ponere
737 1938 902 1968 scientiam
924 1937 1066 1967 inditam.
1090 1956 1113 1960 -
1134 1937 1291 1968 Probatur

228 1984 467 2024 consequentia.
491 1983 576 2020 Quia
595 1983 683 2012 aliter
704 1982 884 2012 intellectus
907 1982 975 2012 eius
998 1981 1157 2021 possibilis
1179 1981 1290 2012 fuisset

228 2027 441 2068 imperfectus.
465 2027 620 2057 Probatur
642 2027 715 2056 hoc.
746 2026 832 2064 Quia
855 2035 952 2056 omne
984 2025 1073 2065 quod
1099 2031 1146 2056 est
1170 2026 1203 2055 in
1229 2035 1289 2065 po-

227 2071 340 2108 tentia,
364 2077 410 2102 est
431 2070 656 2111 Imperfectum
678 2071 739 2100 nisi
761 2069 929 2100 reducatur
951 2070 984 2099 in
1009 2075 1131 2100 actum:
1161 2068 1216 2100 sed
1241 2071 1290 2100 in-

227 2116 372 2146 tellectus
402 2115 560 2156 possibilis
590 2115 750 2144 humanus
773 2119 820 2144 est
842 2114 876 2144 in
898 2114 1051 2153 potentia,
1076 2118 1107 2143 et
1129 2113 1290 2144 reducitur

227 2161 262 2190 in
284 2165 391 2190 actum
413 2169 470 2199 per
493 2158 614 2198 species
628 2158 855 2198 intelligibiles:
882 2167 957 2197 ergo
981 2162 1063 2188 esset
1085 2157 1289 2197 imperfectus

228 2204 255 2234 si
276 2213 345 2234 non
359 2204 488 2233 haberet
503 2203 624 2242 species
639 2202 866 2241 intelligibiles;
891 2201 980 2241 quod
996 2207 1042 2231 est
1056 2202 1172 2231 habere
1188 2202 1289 2232 scien-

228 2248 306 2278 tiam
327 2247 470 2278 inditam.
493 2246 536 2276 Et
557 2246 620 2276 hoc
637 2246 821 2286 explanatur
835 2246 868 2276 in
884 2246 984 2276 littera
1001 2245 1195 2285 apponendo
1211 2255 1289 2276 con-

229 2292 375 2327 clusioni,
399 2291 588 2331 inquantum
605 2299 668 2330 per
694 2289 827 2320 Verbum
850 2290 913 2319 Dei
936 2290 1108 2329 impressae
1124 2294 1201 2320 sunt
1221 2299 1291 2330 spe-

229 2336 292 2366 cies
315 2335 540 2377 intelligibiles,
557 2340 634 2364 etc.:
659 2339 690 2364 et
713 2334 887 2364 declaratur
903 2343 940 2364 ex
956 2334 1125 2364 subiuncto
1143 2334 1289 2374 exemplo

229 2380 263 2410 in
286 2379 415 2419 angelis.

283 2423 406 2453 Deinde
423 2423 575 2462 probatur
590 2432 608 2452 a
623 2422 727 2458 simili,
746 2432 783 2452 ex
799 2422 984 2452 auctoritate
1001 2421 1180 2461 Augustini.
1202 2422 1291 2453 Sicut

229 2468 262 2497 in
286 2467 404 2507 angelis
427 2467 558 2506 ponitur
573 2466 691 2506 duplex
708 2466 860 2506 cognitio,
884 2466 1039 2496 matutina
1055 2472 1086 2496 et
1101 2467 1288 2506 vespertina,

229 2512 272 2541 ita
294 2512 328 2541 in
351 2511 479 2541 Christo
502 2515 647 2550 utraque.
673 2528 697 2532 —
719 2511 837 2540 Littera
861 2510 943 2539 clara
967 2515 1023 2539 est.

284 2554 422 2586 Adverte
452 2555 504 2585 hic
534 2554 624 2594 quod
652 2560 763 2585 natura
793 2555 934 2584 humana
959 2559 1120 2593 assumpta
1143 2564 1160 2584 a
1182 2554 1289 2585 Verbo

230 2598 324 2629 debet
351 2599 470 2638 absque
500 2598 741 2638 imperfectione
770 2599 849 2638 poni
872 2608 909 2628 ex
932 2603 1020 2637 parte
1043 2599 1176 2628 animae.
1207 2599 1290 2628 Nam

230 2653 268 2672 ex
290 2647 378 2683 parte
401 2643 543 2682 corporis
565 2642 643 2673 nihil
664 2643 811 2683 prohibet
832 2642 1109 2682 imperfectionem
1136 2642 1289 2673 affirmare

229 2687 263 2716 in
285 2686 338 2716 illa
361 2687 394 2716 in
418 2687 467 2716 sui
488 2686 662 2726 principio:
694 2687 769 2726 quia
792 2687 972 2716 minoratus
995 2691 1042 2716 est
1057 2687 1160 2727 paulo
1184 2686 1290 2717 minus

197 2747 202 2752 ·
230 2731 269 2760 ab
293 2730 420 2772 angelis
442 2735 572 2770 propter
595 2739 711 2770 corpus
733 2731 882 2770 passibile
897 2731 924 2760 *ἦ
959 2730 1096 2760 Scientia
1119 2736 1227 2761 autem
1250 2730 1290 2761 ad

230 2775 369 2804 animam
391 2779 522 2814 spectat.

284 2818 336 2849 111.
360 2817 453 2848 Circa
475 2818 698 2858 probationem
729 2818 944 2849 conclusionis
972 2818 1106 2849 dubium
1133 2820 1286 2849 occurrit:

230 2863 306 2903 quia
327 2863 407 2892 ratio
431 2862 523 2892 allata
545 2861 689 2902 procedit
719 2861 758 2892 de
780 2863 925 2902 potentia
946 2862 1081 2892 naturali
1109 2863 1288 2893 intellectus

229 2906 396 2946 possibilis,
421 2915 503 2946 quae
526 2905 687 2946 perficitur
708 2915 765 2946 per
787 2907 907 2946 species
930 2907 1140 2946 intelligibiles
1162 2913 1288 2937 natura-

229 2951 284 2986 les,
309 2950 349 2980 de
372 2950 487 2990 quibus
503 2950 595 2980 allata
609 2949 778 2980 auctoritas
792 2950 978 2990 Philosophi
995 2951 1152 2990 loquitur;
1178 2961 1213 2981 ac
1232 2961 1288 2991 per

229 2995 302 3030 hoc,
327 2993 365 3024 de
388 2993 630 3034 imperfectione
652 2994 795 3024 naturali.
820 2993 996 3024 Conclusio
1017 3000 1123 3024 autem
1146 2994 1289 3034 loquitur

231 3038 270 3068 de
292 3038 423 3068 scientia
441 3043 506 3068 tam
528 3037 662 3068 naturali
678 3046 775 3077 quam
797 3039 947 3068 revelata:
971 3043 1008 3068 ut
1030 3043 1116 3078 patet
1134 3039 1167 3068 in
1182 3039 1286 3078 primo

230 3082 362 3112 articulo
379 3082 573 3122 quaestionis
588 3081 776 3112 undecimae
798 3081 939 3118 inferius,
955 3083 1012 3112 ubi
1027 3082 1067 3112 de
1089 3082 1143 3112 illa
1157 3083 1287 3112 scientia

230 3131 388 3156 tractatur.
408 3125 540 3156 Excedit
555 3135 630 3165 ergo
647 3126 812 3156 conclusio
828 3127 994 3157 rationem.
1015 3127 1118 3157 Immo
1134 3136 1194 3156 nec
1210 3136 1287 3156 con-

230 3175 323 3200 sonat
345 3170 558 3200 conclusioni:
579 3170 663 3209 quia‚
680 3175 716 3199 ut
730 3170 763 3199 in
787 3171 933 3210 sequenti
954 3170 1087 3200 habetur
1110 3170 1243 3200 articulo
1260 3171 1286 3208 f,

195 3212 199 3214 ’
231 3213 357 3244 alterius
372 3214 502 3244 rationis
518 3218 564 3244 est
579 3214 708 3244 scientia
730 3213 834 3243 infusa
857 3213 984 3244 Christo
1005 3214 1043 3244 ab
1066 3214 1119 3244 illa
1141 3223 1223 3254 quae
1243 3219 1288 3244 est

231 3257 390 3293 naturalis,
415 3256 454 3288 de
477 3266 541 3297 qua
563 3257 706 3297 loquitur
728 3257 896 3287 auctoritas
920 3257 1011 3288 allata
1042 3258 1229 3288 Aristotelis.

286 3300 337 3331 Ad
359 3301 422 3331 hoc
445 3301 558 3331 dicitur
581 3301 670 3341 quod
691 3301 804 3341 procul
827 3301 926 3332 dubio
949 3302 1050 3332 littera
1072 3311 1139 3331 non
1155 3306 1289 3330 arctatur

233 3344 273 3375 ad
287 3344 560 3384 imperfectionem
573 3350 604 3375 et
615 3346 790 3385 potentiam
806 3345 980 3375 naturalem
995 3345 1172 3375 intellectus
1188 3345 1288 3383 possi-

233 3389 317 3419 bilis:
333 3388 388 3419 sed
402 3389 436 3419 in
447 3389 614 3419 communi
628 3389 770 3428 loquitur
785 3388 824 3419 de
839 3390 983 3429 potentia
997 3387 1174 3419 intellectus
1189 3388 1288 3417 nostri

234 3431 274 3462 ad
289 3438 395 3462 actum
410 3433 468 3462 sibi
483 3438 785 3468 commensuratum,
799 3438 830 3463 et
844 3433 985 3463 similiter
997 3432 1035 3462 de
1047 3431 1287 3471 imperfectione

233 3476 384 3515 privativa
407 3481 494 3507 actus
516 3477 749 3516 proportionati
771 3477 945 3507 intellectui
968 3477 1108 3506 humano
1136 3474 1286 3514 possibili,

1343 977 1374 1002 et
1396 972 1459 1002 hoc
1483 974 1547 1003 sive
1571 973 1749 1004 secundum
1772 980 1888 1004 statum
1904 980 2044 1011 naturae,
2069 976 2133 1005 sive
2149 975 2326 1006 secundum
2342 981 2403 1006 sta-

1342 1021 1411 1046 tum
1434 1018 1560 1056 gratiae.
1586 1018 1630 1047 Ita
1653 1018 1743 1057 quod
1765 1018 1900 1048 intendit
1922 1019 2023 1049 littera
2047 1019 2145 1059 quod,
2170 1020 2245 1059 quia
2262 1020 2295 1049 in
2311 1020 2402 1050 intel-

1343 1059 1428 1089 lectu
1451 1061 1603 1097 humano,
1624 1061 1801 1092 secundum
1825 1072 1892 1092 esse
1915 1068 2055 1098 naturae,
2076 1069 2122 1093 est
2144 1064 2287 1103 potentia
2310 1069 2401 1093 natu-

1343 1104 1413 1134 ralis
1437 1103 1476 1134 ad
1500 1105 1665 1135 sciendum
1696 1107 1804 1135 omnia
1826 1107 1979 1136 naturalia
2008 1116 2064 1146 per
2088 1112 2175 1137 actus
2199 1117 2402 1137 commensu-

1343 1153 1426 1178 ratos
1450 1148 1524 1184 sibi3
1549 1154 1580 1178 et
1595 1149 1745 1185 similiter,
1763 1149 1939 1180 secundum
1956 1160 2022 1180 esse
2039 1151 2164 1190 gratiae,
2182 1150 2221 1180 ad
2237 1150 2401 1181 sciendum

1343 1192 1451 1221 omnia
1471 1192 1680 1222 ecclesiastica
1694 1202 1751 1232 per
1766 1199 1853 1224 actus
1869 1200 2143 1224 commensuratos
2159 1195 2233 1230 sibi;
2258 1200 2289 1224 et
2305 1204 2401 1224 omne

1344 1235 1433 1275 quod
1463 1242 1509 1265 est
1532 1237 1564 1266 in
1587 1238 1730 1276 potentia
1760 1242 1806 1266 est
1834 1237 2057 1276 imperfectum
2087 1239 2146 1268 nisi
2172 1237 2339 1268 reducatur
2368 1239 2402 1268 in

1343 1285 1467 1309 actum:
1499 1279 1573 1310 ideo
1601 1286 1682 1310 esset
1707 1280 1912 1320 imperfectus
1942 1282 2001 1311 nisi
2027 1287 2165 1321 ponatur
2190 1281 2338 1312 reductus
2369 1283 2401 1311 in

1343 1329 1450 1353 actum
1474 1325 1621 1354 omnium
1644 1325 1905 1364 intelligibilium,
1933 1330 1998 1355 tam
2021 1326 2232 1365 spectantium
2255 1325 2294 1355 ad
2318 1325 2402 1356 ordi-

1342 1377 1417 1397 nem
1439 1373 1569 1398 naturae
1593 1378 1690 1408 quam
1709 1369 1919 1408 spectantium
1936 1369 1975 1399 ad
1990 1369 2135 1399 ordinem
2151 1369 2320 1404 Ecclesiae,
2337 1369 2402 1399 sive

1342 1411 1504 1442 militantis
1527 1413 1592 1442 sive
1616 1413 1848 1452 triumphantis,
1872 1422 1930 1453 per
1953 1418 2040 1443 actus
2063 1414 2323 1453 proportionatos
2342 1414 2402 1453 ipsi

1342 1456 1485 1486 humano
1508 1456 1693 1486 intellectui.

1397 1500 1577 1530 Auctoritas
1601 1505 1707 1530 autem
1731 1501 1907 1531 Aristotelis
1931 1506 1977 1531 est
2000 1501 2091 1531 allata
2114 1501 2230 1531 directe
2254 1500 2292 1531 ad
2308 1510 2402 1532 mon-

1342 1543 1505 1574 strandum
1536 1543 1624 1583 quod
1654 1544 1832 1574 intellectus
1861 1545 2020 1575 humanus
2051 1551 2097 1575 est
2126 1546 2159 1575 in
2189 1546 2332 1585 potentia
2361 1545 2401 1575 ad

1342 1587 1507 1618 sciendum
1534 1589 1642 1618 omnia
1671 1597 1728 1627 per
1754 1589 1874 1628 species
1900 1589 2109 1628 intelligibiles
2136 1594 2171 1619 ut
2197 1595 2285 1619 actus
2312 1599 2401 1619 com-

1342 1637 1540 1662 mensuratos
1557 1632 1631 1661 sibi:
1654 1637 1689 1662 ut
1707 1641 1764 1671 per
1778 1632 1841 1662 hoc
1856 1633 2008 1663 habeatur
2023 1633 2191 1668 intentum,
2212 1633 2300 1672 quod
2320 1634 2400 1663 sicut

1342 1676 1374 1705 in
1399 1685 1465 1705 esse
1488 1676 1622 1706 naturali
1646 1681 1726 1705 esset
1749 1676 1952 1715 imperfectus
1974 1676 2152 1706 intellectus
2174 1677 2234 1706 nisi
2258 1682 2338 1707 esset
2353 1686 2400 1706 re-

1343 1719 1456 1749 ductus
1479 1720 1512 1749 in
1536 1725 1642 1749 actum
1669 1725 1962 1750 commensuratum
1985 1721 2059 1755 sibi,
2090 1721 2208 1750 scilicet
2237 1721 2400 1750 scientiam

1342 1773 1398 1802 per
1421 1763 1557 1802 species,
1583 1769 1880 1802 quantumcumque
1903 1764 2022 1794 illamet
2045 1765 2121 1793 sciat
2143 1764 2176 1793 in
2198 1764 2304 1794 Verbo
2329 1769 2401 1794 actu

1342 1807 1476 1836 omnino
1501 1806 1769 1846 superexcedente
1793 1816 1924 1837 omnem
1940 1807 2122 1837 facultatem
2138 1801 2283 1844 naturae;
2308 1808 2350 1837 ita
2368 1808 2401 1837 in

1342 1860 1409 1880 esse
1433 1850 1645 1880 ecclesiastico
1679 1856 1759 1880 esset
1782 1850 1985 1890 imperfectus
2008 1852 2068 1881 nisi
2091 1857 2199 1881 nosset
2215 1852 2323 1882 omnia
2345 1860 2402 1890 per

1342 1900 1429 1924 actus
1453 1900 1727 1924 commensuratos
1746 1895 1814 1930 sibi,
1839 1900 2135 1934 quantumcumque
2153 1894 2262 1925 eadem
2278 1896 2402 1925 noverit

1341 1939 1374 1968 in
1396 1939 1514 1968 Verbo.
1540 1938 1707 1968 Consonat
1722 1948 1797 1978 ergo
1813 1939 1892 1968 ratio
1909 1939 2118 1974 conclusioni,
2139 1944 2170 1968 et
2192 1940 2305 1978 probat
2320 1948 2400 1975 eam,

1342 1983 1406 2012 sive
1430 1983 1489 2012 ista
1512 1982 1642 2012 scientia
1665 1981 1782 2018 infusa,
1807 1992 1882 2012 cum
1905 1983 1968 2012 suis
1992 1984 2171 2022 speciebus,
2196 1983 2234 2012 sit
2258 1983 2400 2019 alterius,

1341 2027 1406 2056 sive
1430 2025 1573 2056 eiusdem
1594 2026 1723 2056 rationis
1747 2036 1822 2056 cum
1837 2027 1890 2056 illa
1908 2026 1947 2056 de
1964 2036 2027 2066 qua
2042 2027 2184 2066 loquitur
2199 2027 2400 2057 Aristoteles:

1342 2071 1512 2110 quoniam,
1537 2075 1572 2100 ut
1594 2075 1681 2110 patet
1704 2079 1742 2100 ex
1765 2070 1871 2106 dictis,
1902 2080 1970 2100 non
1997 2076 2131 2101 arctatur
2161 2070 2200 2101 ad
2226 2071 2401 2101 naturalem

1341 2114 1522 2149 scientiam
1551 2119 1582 2144 et
1605 2114 1707 2144 multo
1731 2115 1836 2144 minus
1860 2114 1899 2144 ad
1921 2115 2017 2144 talem
2039 2114 2174 2145 modum
2197 2115 2401 2145 naturalitatis

1342 2158 1443 2198 qualis
1474 2163 1520 2187 est
1549 2158 1582 2187 in
1610 2158 1740 2188 scientia
1770 2157 1809 2188 de
1837 2167 1899 2198 qua
1929 2158 2073 2199 loquitur
2098 2159 2292 2188 Aristoteles.
2328 2159 2401 2189 Hoc

1341 2208 1449 2232 autem
1473 2201 1614 2238 dixerim,
1639 2202 1714 2241 quia
1737 2203 1841 2232 anima
1863 2203 1958 2232 habet
1981 2202 2141 2242 duplicem
2161 2203 2324 2232 scientiam
2346 2212 2401 2232 na-

1341 2246 1491 2276 turalem:
1509 2246 1638 2275 alteram
1654 2245 1832 2276 secundum
1847 2251 1964 2276 statum
1976 2247 2211 2276 coniunctionis
2223 2246 2262 2276 ad
2274 2255 2400 2286 corpus,

1342 2289 1380 2320 de
1405 2299 1469 2330 qua
1491 2290 1618 2319 locutus
1642 2295 1688 2319 est
1710 2290 1912 2326 Aristoteles;
1937 2290 2067 2320 alteram
2090 2290 2266 2321 secundum
2285 2296 2401 2320 statum

1342 2334 1547 2374 separationis
1564 2344 1581 2363 a
1597 2343 1742 2373 corpore,
1759 2343 1856 2373 quam
1871 2343 1939 2364 non
1954 2335 2044 2364 novit
2058 2334 2243 2369 Aristoteles
2259 2335 2284 2364 ἥ.
2309 2334 2403 2373 Prae-³

1342 2388 1413 2408 sens
1436 2383 1544 2408 autem
1574 2383 1639 2407 tam
1665 2378 1744 2407 ratio
1776 2387 1873 2417 quam
1904 2378 2068 2408 conclusio
2099 2388 2166 2408 non
2197 2383 2331 2408 arctatur
2361 2377 2400 2408 ad

1342 2427 1449 2453 actum
1468 2427 1762 2452 commensuratum
1777 2427 1906 2452 naturae
1922 2422 2099 2452 intellectus
2114 2422 2272 2462 possibilis
2288 2431 2400 2451 secun-

1343 2466 1420 2496 dum
1435 2467 1532 2496 istum
1544 2466 1594 2496 vel
1606 2466 1697 2495 illum
1709 2471 1840 2495 statum:
1862 2465 1918 2496 sed
1932 2466 1966 2495 in
1978 2467 2144 2496 communi
2155 2465 2399 2504 indistincteque

1343 2510 1382 2540 de
1398 2511 1540 2550 potentia
1551 2510 1729 2540 intellectus
1741 2510 1898 2549 possibilis
1914 2510 2045 2539 humani
2061 2509 2100 2539 ad
2116 2515 2222 2540 actum
2238 2510 2295 2539 sibi
2312 2518 2399 2539 com-

1343 2559 1561 2584 mensuratum
1577 2554 1735 2593 loquitur3
1753 2563 1849 2593 quem
1863 2563 1929 2583 esse
1941 2554 2062 2593 species
2077 2553 2296 2593 intelligibiles,
2310 2562 2347 2582 ex
2360 2562 2398 2582 eo

1343 2598 1432 2639 quod
1443 2599 1476 2628 in
1491 2599 1552 2628 isto
1569 2603 1698 2638 apparet
1713 2603 1805 2634 statu,
1820 2607 1856 2627 ex
1873 2598 2059 2628 auctoritate
2074 2597 2250 2627 Aristotelis
2274 2597 2396 2637 probat.

1398 2643 1450 2672 IV.
1475 2643 1510 2672 In
1533 2642 1740 2681 responsione
1757 2641 1796 2672 ad
1811 2641 1998 2677 secundum,
2015 2641 2156 2672 discerne
2173 2641 2265 2670 verba
2280 2641 2399 2670 litterae

1344 2697 1381 2717 ex
1397 2686 1549 2717 industria
1563 2691 1693 2721 mutata,
1707 2685 1784 2716 dum
1800 2686 1903 2725 primo
1920 2686 2110 2725 proponitur
2126 2685 2264 2724 cognitio
2278 2693 2314 2713 ex
2334 2683 2398 2713 dia-

1342 2731 1456 2762 lectico
1481 2730 1665 2770 syllogismo
1690 2730 1843 2770 acquisita
1862 2735 1898 2759 ut
1913 2730 1972 2764 via,
1989 2729 2046 2759 sub
2063 2729 2192 2759 nomine
2221 2727 2399 2767 opinionis:

1343 2781 1374 2805 et
1397 2774 1511 2805 deinde
1535 2774 1704 2804 resumitur
1731 2773 1841 2804 eadem
1873 2774 2013 2812 cognitio
2037 2778 2072 2802 ut
2095 2780 2307 2810 consequens,
2331 2781 2398 2801 non

1342 2820 1400 2850 sub
1423 2819 1556 2849 nomine
1580 2818 1752 2858 opinionis,
1774 2817 1829 2847 sed
1844 2818 1902 2847 sub
1917 2817 2049 2846 nomine
2064 2815 2268 2856 cognitionis.
2293 2814 2398 2854 Opor-

1341 2864 1402 2894 tuit
1425 2868 1532 2893 autem
1556 2863 1599 2892 sic
1623 2861 1741 2891 dicere:
1767 2861 1842 2900 quia
1865 2870 1939 2890 cum
1962 2860 2091 2890 scientia
2114 2859 2244 2888 alicuius
2268 2859 2398 2888 conclu-

1342 2907 1440 2937 sionis
1469 2915 1537 2936 non
1560 2911 1664 2945 potest
1694 2905 1788 2934 simul
1811 2909 1890 2934 stare
1921 2904 1953 2933 in
1977 2903 2091 2932 eodem
2115 2902 2256 2932 subiecto
2286 2903 2397 2942 opinio

1342 2950 1500 2985 eiusdem;
1532 2948 1587 2979 sed
1610 2949 1691 2978 bene
1717 2953 1822 2987 potest
1845 2947 1984 2986 cognitio
2009 2945 2149 2976 eiusdem
2176 2955 2233 2986 per
2255 2945 2397 2976 medinm

1341 2994 1504 3034 probabile
1528 2998 1607 3022 stare
1630 2992 1663 3021 in
1687 2991 1802 3021 eodem
1823 2991 1976 3020 subiecto.
2001 2989 2097 3019 Addit
2112 2989 2268 3028 siquidem
2285 2990 2396 3029 opinio

1342 3048 1436 3078 super
1459 3037 1676 3076 cognitionem
1698 3044 1755 3074 per
1777 3034 1919 3064 medium
1942 3033 2114 3073 probabile,
2139 3033 2341 3063 formidinem
2363 3034 2397 3063 in

1341 3082 1484 3112 subiecto
1508 3085 1653 3119 respectu
1677 3079 1802 3108 alterius
1825 3079 1936 3117 partis:
1968 3087 2049 3117 quae
2076 3082 2230 3117 repugnat
2253 3078 2396 3108 subiecto

1342 3124 1520 3156 excludenti
1532 3122 1745 3158 formidinem,
1758 3122 1850 3162 quale
1864 3127 1910 3151 est
1921 3122 2022 3151 sciens
2034 3120 2287 3151 demonstrative.
2304 3120 2396 3151 Unde

1342 3169 1482 3208 cognitio
1506 3167 1681 3201 dialectica,
1705 3171 1776 3195 ante
1800 3165 2078 3196 demonstrativam
2101 3165 2219 3195 habens
2242 3165 2397 3195 rationem

1342 3212 1512 3252 opinionis,
1537 3215 1609 3250 post
1625 3209 1902 3240 demonstrativam
1918 3210 2081 3240 scientiam
2104 3218 2170 3239 non
2185 3209 2279 3238 habet
2302 3209 2396 3238 ratio-

1341 3266 1415 3286 nem
1437 3254 1608 3295 opinionis,
1632 3253 1687 3283 sed
1702 3259 1843 3283 remanet
1865 3254 1970 3283 solum
1987 3253 2126 3293 cognitio
2143 3252 2312 3287 dialectica,
2330 3261 2396 3282 ces—

1341 3305 1428 3329 sante
1451 3299 1503 3328 illa
1527 3297 1710 3328 conditione
1734 3297 1910 3327 formidinis
1933 3307 1971 3327 ex
1994 3303 2081 3337 parte
2105 3297 2246 3326 subiecti.

1396 3343 1431 3372 In
1454 3342 1660 3381 responsione
1684 3341 1723 3370 ad
1746 3341 1872 3371 tertium
1897 3341 2038 3371 eiusdem
2054 3341 2184 3375 articuli,
2209 3345 2284 3370 nota
2308 3339 2396 3380 quod

1341 3387 1474 3425 qualiter
1485 3386 1605 3425 species
1617 3384 1739 3415 infusae
1751 3386 1812 3415 sint
1823 3386 1981 3415 humanae
1997 3386 2095 3415 menti
2112 3389 2394 3419 commensuratae,

1340 3429 1469 3459 inferius
1484 3430 1500 3445 ⁴*
1519 3429 1646 3469 patebit.
1671 3429 1814 3466 Qualiter
1829 3434 1935 3459 autem
1952 3429 2056 3459 divina
2073 3429 2205 3458 essentia
2221 3428 2259 3458 sit
2275 3428 2395 3468 species

1341 3472 1599 3513 superexcedens,
1625 3473 1744 3503 clarum
1768 3478 1822 3503 est.

2429 2341 2438 2350 ⁸
2453 2340 2488 2361 Cf.
2503 2339 2532 2361 de
2545 2339 2637 2366 Anima,

2428 2366 2467 2387 lib.
2489 2366 2510 2392 1,
2535 2372 2584 2393 cap.
2607 2372 2637 2391 ιν,

2427 2399 2454 2444 2}
2462 2392 2575 2443 nimii?
2585 2393 2644 2440 ¹02⁰&

2427 2452 2448 2470 v,
2469 2451 2490 2466 n.
2513 2450 2532 2471 2,
2555 2452 2573 2466 s.
2593 2445 2614 2466 T
2631 2462 2637 2466 .

2427 2472 2479 2493 lect.
2493 2478 2516 2492 x.

2423 3428 2434 3438 ⁸
2451 3429 2500 3449 Art.
2520 3436 2542 3454 4,
2562 3429 2633 3450 Com-

2423 3458 2493 3475 ment.
2510 3460 2571 3475 num.
2587 3461 2609 3475 x.
