2872 3970
182 1531 191 1539 ¹·
190 1529 260 1577 ai's'n.
250 1534 303 1555 xxx,
313 1534 392 1550 vem:

181 1559 201 1580 (a
280 1591 295 1607 α

185 1617 274 1639 ‘Interli
269 1623 300 1638 111
308 1616 393 1664 etSOrd.

182 1644 227 1665 Cas
217 1644 264 1665 5510
250 1643 289 1664 od

181 1670 240 1692 titul.
256 1670 349 1691 Psalmi.

281 1698 294 1731 β

182 1797 231 1845 Lura
237 1796 282 1817 11⁸⁸
286 1801 393 1824 ..quxvn

270 1823 336 1847 ad2;
351 1826 394 1844 art

181 1857 206 1878 5;
220 1854 263 1871 art.
278 1852 300 1875 o,
315 1855 363 1877 arg.
374 1855 394 1870 2.

188 2171 197 2181 ⁸
209 2171 275 2192 Ver-s.
294 2177 325 2193 η.

184 2386 195 2396 ⁸
209 2384 274 2406 Vers.
291 2389 326 2410 24.

187 2543 197 2552 ·
210 2543 260 2563 Art.
279 2541 382 2569 praeced

420 302 491 328 110

415 369 589 399 formaliter
607 369 717 399 locum
732 369 848 399 habere
864 374 1010 409 respectu
1026 369 1169 404 alicuius,
1186 368 1382 408 impossibile
1398 377 1480 407 quo-

416 423 480 453 que
504 419 550 443 est
573 419 604 443 et
627 413 687 443 fuit
716 414 749 443 in
772 413 828 443 illo
858 413 969 443 locum
992 413 1107 443 habere
1138 412 1283 442 habitum
1309 411 1409 441 illum.
1445 411 1479 441 ln

415 458 584 497 proposito
607 463 716 488 autern
737 462 844 489 totum
868 457 1055 496 oppositum
1070 456 1230 486 invenitur
1251 461 1399 495 respectu
1414 465 1480 485 rna-

415 501 617 541 gnificentiae
641 507 672 532 et
695 501 780 532 fidei.
816 500 902 538 Quia
924 505 1071 539 respectu
1093 499 1185 535 fidei,
1216 509 1265 530 res
1296 509 1380 539 quae
1407 504 1481 529 sunt

415 546 546 576 materia
562 555 644 585 quae
661 545 843 580 creduntur,
860 545 1065 574 inveniuntur
1081 543 1167 583 apud
1178 543 1376 574 intellectum
1389 543 1481 574 Chri-

416 590 465 625 sti,
489 596 524 620 ut
548 590 695 625 Trinitas,
713 595 783 625 etc.‚
807 588 863 619 sed
885 598 952 618 non
975 589 1034 618 sub
1057 588 1110 618 illa
1130 588 1252 618 ratione
1269 587 1394 617 formali
1417 596 1481 627 qua

417 633 599 669 creduntur,
624 634 698 673 quia
720 643 788 663 non
811 638 847 663 ut
869 642 936 662 non
959 632 1061 662 visae:
1093 632 1168 672 quia
1191 631 1378 662 huiusmodi
1401 632 1480 661 ratio

416 677 557 708 formalis
580 678 672 717 ponit
695 677 972 716 imperfectionem
995 677 1028 706 in
1053 675 1170 706 Christi
1194 676 1308 706 anima.
1344 675 1385 705 Et
1407 675 1480 706 ideo

415 731 476 752 nee
500 722 568 757 fuit,
592 731 652 752 nec
669 731 736 751 esse
755 721 861 760 potuit
876 720 909 750 in
926 719 1054 750 Christo
1070 720 1196 750 habitus
1211 719 1296 750 fidei.
1321 720 1480 759 Respectu

416 771 524 796 autern
548 765 818 805 magnificentiae,
846 774 896 794 res
920 773 1002 804 quae
1026 769 1099 794 sunt
1122 764 1253 794 materia
1275 763 1482 803 magnificen-

416 810 488 845 tiae,
512 815 548 840 ut
569 809 705 845 divitiae,
730 808 910 843 defuerunt,
935 807 989 838 sed
1006 809 1085 838 ratio
1102 808 1244 838 formalis
1260 817 1380 843 earum,
1403 817 1482 848 quo-

416 854 522 889 modo,
547 853 675 888 scilicet,
699 852 838 893 quando,
864 852 930 887 ubi,
953 852 1049 888 sicut,
1069 862 1132 892 pro
1157 861 1234 892 quo,
1252 857 1320 886 etc„
1346 856 1480 892 oportet,

417 897 625 938 exponendae
648 901 759 932 essent,
783 906 850 926 non
874 895 981 926 deerat
1003 897 1111 926 animo
1137 896 1270 926 Christi:
1305 896 1380 936 quia
1403 896 1481 926 haec

416 942 537 972 nullam
564 941 841 981 imperfectionem
870 941 963 980 ponit
986 941 1072 970 intus
1099 941 1131 970 in
1156 940 1261 970 anima
1285 940 1369 976 eius;
1401 940 1482 970 sicut

1115 290 1378 338 QUAESTIO
1407 291 1492 334 Vll,
1526 289 1818 327 ARTICULUS
1845 290 1895 326 IV

1533 377 1593 398 nec
1618 368 1713 398 etiam
1736 367 1878 399 defectus
1901 369 2049 399 materiae
2072 368 2327 408 magnificentiae
2350 369 2546 401 redundabat
2562 372 2596 402 in

1534 412 1674 451 aliquam
1697 411 1974 452 imperfectionem
1997 413 2132 443 animae.
2167 413 2208 443 Et
2230 413 2305 443 ideo
2332 414 2455 453 optime
2481 423 2519 445 ex
2542 415 2597 446 de-

1534 455 1620 486 fectu
1643 456 1760 486 obiecti
1783 455 1924 487 formalis
1947 456 2090 487 desectus
2113 456 2188 487 fidei
2211 457 2382 488 conclusus
2401 463 2464 488 est:
2488 468 2527 490 ex
2541 459 2597 490 de-

1534 499 1621 530 fectu
1644 505 1752 530 autem
1773 500 1924 531 materiae
1939 500 2194 541 magnificentiae
2213 510 2280 531 non
2295 502 2439 542 sequitur
2454 501 2597 534 defectus

1534 543 1789 582 magnificentiae
1812 544 1980 575 interioris.

1590 587 1642 617 ΙΙΙ.
1666 587 1701 617 111
1724 588 1934 628 responsione
1957 588 1998 619 ad
2020 587 2198 619 secundum
2214 588 2356 619 eiusdem
2370 589 2504 626 articuli,
2520 596 2598 621 nota

1534 631 1672 671 glossam
1696 631 1800 667 aliam,
1820 631 1988 672 quomodo
2004 642 2118 663 omnes
2132 633 2274 669 virtutes,
2290 633 2486 664 includendo
2502 634 2598 665 etiam

1535 674 1633 706 fidem
1657 680 1687 705 et
1710 685 1818 715 spem,
1843 675 1971 706 fuerunt
1993 677 2026 707 in
2051 676 2195 707 Christo:
2220 677 2354 713 scilicet,
2379 683 2536 718 quantum
2557 678 2598 709 ad

1535 720 1695 750 meritum.
1719 719 1865 759 Implevit
1879 720 2038 760 siquidem
2054 721 2258 752 excellentius
2273 720 2430 761 quidquid
2445 722 2598 754 meritorii

1535 769 1623 794 actus
1643 769 1690 793 est
1707 769 1772 794 13111
1795 763 1955 794 credendo
1975 773 2073 804 quam
2095 765 2263 805 sperando,
2283 766 2429 805 quamvis
2451 775 2519 797 non
2542 776 2598 798 eo-

1536 807 1609 837 dem
1632 807 1743 843 modo,
1761 807 1836 847 quia
1857 817 1925 838 non
1948 807 2106 839 credendo
2130 815 2185 839 aut
2203 809 2377 850 sperando:
2401 810 2483 841 sicut
2505 810 2599 851 quid-

1536 851 1615 926 quig
1629 852 1795 891 cognoscit
1811 860 1932 889 sensus,
1945 853 2110 892 cognoscit
2125 853 2314 889 intellectus,
2328 853 2383 884 sed
2398 863 2466 884 non
2482 854 2599 886 eodem

1536 905 1591 926 mo
1616 905 1647 926 0.

1200 1089 1517 1133 ARTICULUS
1548 1089 1819 1142 QUARTUS

1138 1183 1295 1214 UTRUM
1319 1183 1362 1213 IN
1387 1182 1576 1214 CHRISTO
1601 1182 1760 1214 FUERIT
1783 1182 1882 1213 SPES

665 1263 740 1294 Infra,
760 1269 805 1288 art.
825 1261 850 1293 6,
869 1263 900 1288 ad
923 1270 950 1293 ις
969 1268 1015 1288 art.
1035 1262 1059 1294 8,
1078 1263 1110 1287 ad
1130 1270 1159 1293 2;
1179 1268 1225 1288 art.

633 1299 663 1324 ΙΙΙ
683 1299 764 1328 sent,

1364 1270 1370 1277 ι
1405 1262 1418 1276 1
1458 1262 1484 1276 Re

785 1299 843 1324 dist.
862 1306 915 1328 xm,
935 1306 978 1331 qu.
997 1305 1014 1330 1,
1034 1303 1080 1324 art.
1101 1305 1124 1328 2.
1143 1303 1193 1331 qu·
1214 1262 1415 1329 1,9admi;¹dislt.
1434 1262 1500 1327 iclxvi:
1520 1305 1564 1330 qu.
1583 1305 1610 1328 11,
1630 1302 1677 1323 art.
1698 1297 1720 1326 5.
1740 1298 1789 1331 qu·
1810 1305 1839 1327 ¹3
1859 1298 1901 1323 De
1922 1298 2012 1328 Ver-ie„
2031 1306 2076 1332 qu.
2093 1306 2159 1331 xxxx,
2178 1304 2224 1325 art.
2243 1307 2269 1332 4,
2288 1300 2320 1325 ad
2340 1299 2388 1332 ¹53

1519 1270 1564 1295 qu.
1582 1269 1639 1293 miv,
1658 1267 1704 1288 art.
1726 1262 1748 1293 5,

1768 1262 1800 1287 ad
1821 1262 1848 1292 ὃς
1873 1262 1908 1287 11·
1927 1262 1989 1292 11¹⁶.
2008 1271 2052 1296 qu.
2070 1271 2140 1293 xvm,
2159 1269 2206 1290 art.
2227 1271 2250 1294 2,
2269 1265 2301 1290 ad
2321 1271 2351 1294 ¹3

758 1334 799 1359 De
824 1334 928 1362 Vir-tut„
947 1342 991 1366 qu.
1010 1341 1044 1364 ιν,
1064 1339 1110 1359 art.
1131 1340 1154 1364 1,
1173 1334 1204 1358 ad
1226 1340 1273 1364 123
1293 1338 1338 1359 art.
1357 1341 1382 1365 4,
1402 1334 1433 1358 ad
1456 1332 1502 1364 16;
1522 1334 1551 1358 In
1572 1333 1670 1359 Psalm.
1689 1333 1744 1365 XV,
1763 1333 1850 1364 XXX;
1868 1333 1913 1358 Ad
1931 1334 2007 1364 Heln,
2025 1341 2080 1367 cap.
2099 1341 2126 1365 11,
2145 1335 2202 1360 lect.
2220 1342 2258 1361 111.

538 1462 543 1469 ⁸
574 1444 588 1448 -‹
630 1434 652 1458 D
676 1433 848 1464 QUARTUM
867 1433 919 1458 515
939 1433 1176 1458 PROCEDITUR.
1196 1420 1358 1458 Videtur
1365 1421 1484 1480 quod
1537 1420 1600 1458 bet
1619 1420 1799 1458 virtutem
1818 1420 1922 1468 fidei,
1938 1433 2019 1459 non
2038 1423 2166 1461 solum
2185 1423 2303 1461 credit
2317 1424 2402 1462 Deo
2421 1425 2469 1462 de
2484 1425 2599 1464 rebus

470 1466 640 1534 ἁῖζῖἣ»
632 1486 671 1511 111
701 1473 852 1511 Christo
880 1473 991 1510 fuerit
1014 1486 1112 1523 spes.
1142 1473 1290 1510 Dicitur
1313 1473 1417 1510 enim
1445 1473 1484 1510 in

507 1544 550 1577 r*
567 1512 821 1576 Psalmo
840 1538 884 1563 ex
904 1539 1070 1576 persona
1093 1526 1243 1573 Christi,
1269 1526 1485 1563 secundum

549 1596 560 1609 ι
587 1548 811 1617 ζ610553111
827 1579 891 1601 ‘²³¹‘-
885 1581 958 1616 .In
979 1585 1023 1626 te,
1039 1581 1213 1625 Domine,
1228 1581 1386 1629 speravi.
1409 1579 1484 1616 Sed

325 1649 381 1671 suet>
384 1649 393 1664 r
420 1633 541 1670 virtus
561 1631 671 1682 spei‘3
695 1640 750 1669 est
769 1645 846 1692 qua
866 1633 986 1669 homo
1009 1640 1134 1681 sperat
1154 1631 1192 1668 in
1211 1633 1353 1669 Deum.
1384 1632 1485 1680 Ergo

420 1686 541 1723 virtus
570 1685 651 1735 spei
679 1685 747 1722 fuit
775 1685 814 1722 in
844 1685 1007 1722 Christo.

476 1751 510 1776 2.
541 1739 771 1784 plumeam,
792 1750 879 1787 spes
907 1746 962 1775 est
990 1738 1200 1787 expectatio
1220 1738 1368 1775 futurae
1396 1738 1485 1775 bea-

420 1791 602 1837 titudinis,
623 1799 665 1828 ut
684 1791 723 1827 in
744 1791 923 1828 Secunda
943 1792 1053 1827 Parte
1072 1791 1092 1812 *
1117 1790 1292 1828 habitum
1312 1798 1378 1827 est.
1409 1790 1484 1828 Sed

423 1845 597 1882 Christus
625 1843 768 1892 aliquid
788 1843 1010 1892 expectabat
1029 1844 1077 1880 ad
1097 1843 1372 1880 beatitudinem
1401 1855 1485 1892 per-

421 1898 558 1944 tinens,
587 1896 762 1934 videlicet
789 1896 948 1944 gloriam
984 1896 1166 1945 corporis.
1206 1897 1307 1944 Ergo
1335 1895 1487 1933 videtur

423 1951 530 2000 quod
558 1950 598 1986 in
626 1962 673 1987 eo
702 1949 771 1986 fuit
799 1961 898 1998 spes.

479 2003 512 2040 3.
543 2004 780 2048 PRAETEREA,
810 2002 1078 2052 unusquisque
1106 2010 1230 2052 potest
1258 2015 1408 2051 sperare
1447 2002 1486 2039 id

423 2057 531 2106 quod
559 2056 607 2092 ad
636 2055 718 2092 eius
746 2055 1019 2104 perfectionem
1046 2055 1226 2104 pertinet,
1256 2055 1286 2092 si
1314 2055 1360 2092 sit
1387 2055 1486 2092 futu-

423 2121 522 2146 rum.
548 2109 623 2146 Sed
643 2107 786 2157 aliquid
806 2116 885 2145 erat
903 2108 1076 2145 futurum
1096 2108 1202 2157 quod
1223 2109 1271 2145 ad
1290 2107 1486 2157 perfectio-

423 2174 514 2199 nem
535 2161 674 2198 Christi
693 2161 874 2210 pertinet:
904 2161 1119 2198 secundum
1139 2161 1231 2198 illud
1250 2162 1383 2210 Ephes.
1401 2173 1434 2198 1v
1448 2161 1484 2198 *z

422 2215 484 2252 Ad
510 2216 864 2252 consummationem
884 2219 898 2242 Υ
926 2220 1155 2260 sanctorum,
1186 2216 1221 2251 in
1256 2227 1347 2264 opus
1381 2216 1486 2251 mini-

422 2269 533 2314 sterii,
558 2269 595 2304 in
625 2268 917 2316 aedificationem
945 2268 1113 2316 corporis
1136 2268 1279 2304 Christi.
1309 2268 1410 2315 Ergo
1431 2265 1486 2303 vi-

424 2322 535 2359 detur
562 2321 669 2369 quod
699 2319 850 2357 Christo
879 2320 1122 2369 competebat
1141 2320 1282 2357 habere
1310 2332 1432 2369 spem.

478 2374 551 2411 SED
572 2386 715 2410 CONTRA
735 2385 800 2410 EST
819 2373 926 2422 quod
950 2372 1087 2410 dicitur
1104 2374 1215 2410 Rom.
1237 2385 1292 2410 vm
1306 2373 1343 2409 *ε
1380 2373 1490 2415 Quod

423 2427 518 2465 videt
547 2428 636 2476 quis,
667 2427 755 2476 quid
779 2426 930 2476 sperat?
958 2427 1006 2463 Et
1033 2426 1087 2463 sic
1113 2433 1216 2475 patet
1243 2403 1361 2475 quod,
1392 2425 1487 2462 sicut

423 2479 520 2516 fides
550 2487 604 2516 est
632 2479 679 2516 de
700 2491 779 2516 non
798 2478 899 2525 visis,
921 2478 971 2515 ita
995 2486 1030 2515 et
1057 2491 1155 2528 spes.
1187 2479 1262 2516 Sed
1282 2478 1379 2516 fides
1406 2491 1486 2515 non

422 2532 492 2570 fuit
517 2532 556 2569 in
578 2532 741 2578 Christo,
763 2531 858 2569 sicut
877 2509 1023 2568 dictum
1042 2539 1097 2568 est
1114 2531 1145 2568 *.
1176 2533 1277 2580 Ergo
1297 2543 1368 2569 nec
1387 2543 1485 2580 spes.

477 2587 701 2623 RESPONDEO
738 2597 919 2622 DICENDUM
956 2585 1084 2633 quod,
1122 2584 1217 2622 sicut
1253 2585 1302 2621 de
1342 2583 1486 2622 ratione

424 2638 514 2675 fidei
535 2645 590 2674 est
608 2638 715 2686 quod
735 2637 870 2686 aliquis
890 2636 1066 2674 assentiat
1080 2636 1139 2674 his
1159 2649 1258 2686 quae
1278 2649 1358 2674 non
1372 2636 1485 2683 videt,

424 2691 474 2728 ita
502 2691 550 2728 de
579 2690 724 2727 ratione
753 2690 833 2739 spei
861 2698 917 2727 est
944 2690 1050 2739 quod
1079 2690 1214 2739 aliquis
1251 2697 1422 2739 expectet
1448 2680 1487 2727 id

425 2744 531 2793 quod
560 2744 738 2780 nondum
766 2743 891 2780 habet.
922 2743 970 2779 Et
998 2742 1093 2780 sicut
1120 2742 1228 2789 fides,
1256 2742 1486 2792 inquantum

425 2805 480 2834 est
498 2796 618 2833 virtus
637 2796 861 2844 theologica,
884 2808 962 2833 non
992 2804 1047 2832 est
1069 2795 1117 2832 de
1136 2808 1387 2845 quocumque
1407 2807 1487 2832 non

424 2850 521 2896 viso,
542 2850 608 2887 sed
637 2851 764 2886 solum
793 2850 840 2886 de
869 2850 965 2896 Deo,
987 2848 1036 2886 ita
1063 2849 1176 2885 etiam
1205 2861 1304 2898 spes,
1325 2848 1487 2897 inquan-

425 2911 509 2939 tum
525 2911 578 2939 est
593 2902 711 2940 virtus
730 2902 955 2951 theologica,
972 2902 1085 2939 habet
1104 2913 1174 2951 pro
1195 2901 1344 2939 obiecto
1364 2900 1487 2950 ipsam

425 2955 497 2992 Dei
526 2955 756 3002 fruitionem,
778 2968 897 3005 quarn
916 2954 929 2977 ὃ
950 2954 1207 3004 principaliter
1225 2955 1346 2991 homo
1376 2966 1487 3004 expe-

426 3016 498 3045 ctat
526 3020 594 3057 per
622 3008 702 3058 spei
730 3008 922 3045 virtutem.
962 3008 1038 3045 Sed
1067 3013 1112 3045 ex
1140 3006 1391 3056 consequenti
1427 3007 1486 3044 ille

426 3061 492 3110 qui
521 3061 635 3099 habet
658 3062 838 3099 virtutem
859 3060 950 3110 spei,
971 3068 1095 3110 potest
1123 3060 1236 3098 etiam
1266 3060 1304 3097 in
1333 3059 1413 3097 aliis
1432 3059 1487 3097 di—

425 3114 562 3151 vinum
591 3114 776 3151 auxilium
804 3122 1021 3163 expectare:
1052 3113 1148 3151 sicut
1175 3122 1211 3151 et
1238 3113 1298 3151 ille
1326 3112 1392 3162 qui
1421 3114 1487 3150 ha-

457 3226 460 3230 ’
481 3237 508 3266 α)
527 3235 671 3260 secundum
695 3235 826 3260 Glossam.
845 3250 862 3254 —
882 3236 942 3261 Om.
962 3236 990 3261 Ρ.

481 3269 507 3303 β)
527 3270 591 3301 spei.
609 3284 628 3288 -
647 3269 726 3299 PDF;
747 3270 826 3294 etiam
847 3271 910 3302 spei.

480 3306 506 3339 γ)
526 3305 790 3331 consummationem.
808 3320 826 3324 -
844 3306 1072 3338 confirmationem
1093 3307 1182 3333 GHbc.

1537 1473 1687 1520 divinis,
1708 1474 1775 1511 sed
1803 1474 1851 1512 de
1880 1474 2192 1526 quibuscumque
2211 1476 2292 1514 aliis
2319 1476 2390 1514 sibi
2417 1477 2600 1516 divinitus

1538 1527 1724 1564 revelatis

1592 1579 1766 1617 Christus
1794 1587 1924 1617 autem
1951 1592 1974 1617 a
2001 1580 2190 1630 principio
2218 1593 2310 1619 suae
2338 1582 2600 1632 conceptionis

1538 1633 1650 1680 plene
1670 1632 1803 1669 habuit
1829 1632 2048 1670 fruitionem
2075 1633 2260 1681 divinam,
2281 1642 2322 1671 ut
2341 1634 2436 1672 Infra
2453 1635 2474 1658 ²⁸⁹
2499 1635 2600 1674 dice-
2627 1643 2650 1691 ᾗ
2690 1659 2697 1666 ·

1538 1692 1610 1722 tur.
1631 1685 1679 1722 Et
1698 1685 1785 1723 ideo
1805 1685 1985 1723 virtutem
2013 1686 2093 1735 spei
2111 1698 2192 1724 non
2211 1687 2355 1724 habuit.
2384 1688 2530 1726 Habuit
2546 1697 2600 1728 ta-

1539 1749 1629 1774 men
1644 1750 1754 1787 spem
1773 1746 1948 1788 respectu
1967 1738 2187 1788 aliquorum
2205 1752 2306 1789 quae
2324 1741 2504 1780 nondum
2522 1750 2602 1780 erat

1539 1791 1719 1839 adeptus:
1754 1791 1839 1828 licet
1870 1803 1951 1828 non
1983 1791 2117 1829 habuit
2148 1791 2268 1830 fidem
2301 1801 2476 1843 respectu
2503 1806 2600 1845 quo-

1539 1855 1809 1893 rumcumque.
1827 1843 1941 1891 Quia,
1957 1844 2042 1881 licet
2059 1846 2172 1894 plene
2191 1854 2438 1894 cognosceret
2455 1847 2600 1895 omnia,

1538 1908 1608 1945 per
1626 1897 1733 1945 quod
1761 1897 1922 1934 totaliter
1948 1896 2045 1934 fides
2073 1898 2346 1936 excludebatur
2363 1899 2412 1936 ab
2432 1911 2492 1946 5ο,
2519 1912 2601 1939 11011

1538 1956 1668 1986 13111511
1696 1949 1825 1987 adhuc
1851 1950 1963 1998 plene
1992 1949 2159 1988 habebat
2181 1950 2312 1989 omnia
2331 1963 2431 2002 quae
2450 1953 2499 1990 ad
2518 1952 2601 1992 eius

1539 2002 1813 2051 perfectionem
1840 2002 2092 2052 pertinebant,
2112 2011 2205 2053 puta
2223 2003 2547 2044 immortalitatem
2565 2014 2602 2045 et

1539 2054 1699 2103 gloriam
1727 2054 1912 2104 corporis,
1941 2068 2057 2105 quam
2087 2063 2235 2106 poterat
2263 2069 2427 2106 sperare.

1593 2109 1650 2145 Αι)
1679 2120 1813 2145 PRiMUM
1841 2120 1939 2146 ERGO
1967 2121 2148 2147 11155Νο1111
2174 2109 2281 2159 quod
2309 2111 2385 2147 hoc
2402 2122 2483 2148 non
2509 2110 2600 2150 dici-

1540 2168 1602 2197 tur
1629 2161 1676 2197 de
1707 2161 1858 2198 Christo
1887 2162 2102 2199 secundum
2131 2174 2240 2211 spem
2268 2175 2368 2212 quae
2400 2171 2456 2200 est
2481 2163 2601 2203 virtus

1540 2213 1770 2262 theologica:
1800 2214 1867 2251 sed
1887 2226 1933 2251 eo
1954 2219 1965 2235 ⁵
1994 2215 2101 2264 quod
2129 2215 2321 2264 quaedam
2340 2215 2413 2253 alia
2437 2217 2602 2266 speravit

1541 2266 1720 2304 nondum
1748 2266 1888 2314 habita,
1918 2267 2015 2304 sicut
2042 2267 2188 2305 dictum
2217 2276 2272 2306 est
2289 2269 2320 2306 *.

1594 2321 1650 2356 Αι)
1670 2331 1859 2357 SECUNDUM
1878 2332 2058 2358 11155111)οΜ
2074 2321 2180 2370 quod
2194 2321 2313 2370 gloria
2332 2321 2503 2372 corporis
2520 2334 2601 2362 non

1541 2372 1702 2421 pertinet
1721 2372 1769 2410 ad
1789 2371 2064 2410 beatitudinem
2083 2373 2179 2411 sicut
2194 2373 2234 2411 in
2248 2386 2328 2423 quo
2346 2373 2603 2425 principaliter

1540 2425 1735 2462 beatitudo
1763 2425 1952 2473 consistat.
1975 2427 2042 2464 sed
2069 2438 2139 2486 per
2163 2426 2360 2476 quandam
2384 2427 2601 2466 redundan-

1540 2477 1633 2515 tiam
1659 2491 1681 2515 a
1699 2478 1817 2527 gloria
1845 2477 2008 2527 animae,
2029 2486 2071 2516 ut
2097 2478 2136 2516 in
2165 2479 2344 2517 Secunda
2370 2481 2480 2518 Parte
2498 2480 2519 2503 *⁸
2546 2480 2601 2519 di·
2627 2484 2639 2495 ⁶

1541 2539 1646 2568 ctum
1667 2538 1731 2568 est.
1762 2531 1872 2569 Unde
1901 2543 2000 2580 spes,
2029 2532 2246 2569 secundum
2273 2533 2380 2582 quod
2408 2540 2464 2570 est
2482 2533 2602 2572 virtus

1540 2583 1773 2632 theologica,
1806 2596 1887 2620 non
1922 2583 2071 2633 respicit
2106 2584 2381 2627 beatitudinem
2417 2585 2602 2637 eorporis,

1541 2637 1607 2673 sed
1638 2636 1913 2674 beatitudinem
1950 2636 2122 2684 animae,
2151 2650 2251 2686 quae
2279 2637 2317 2675 in
2346 2638 2476 2676 divina
2512 2639 2602 2678 frui-

1540 2690 1644 2726 tione
1672 2689 1850 2726 consistit.

1594 2744 1650 2779 AD
1673 2754 1830 2780 TERTIUM
1849 2755 2030 2780 0155ΝοοΜ
2050 2744 2157 2792 quod
2177 2743 2390 2782 aedificatio
2410 2744 2600 2782 Ecclesiae

1540 2807 1609 2844 per
1636 2795 1931 2832 conversionem
1958 2795 2134 2833 fidelium
2152 2808 2233 2834 non
2260 2797 2423 2846 pertinet
2440 2797 2489 2835 ad
2515 2809 2601 2848 per-

1540 2847 1744 2885 sectionem
1783 2848 1921 2885 Christi
1958 2861 2035 2898 qua
2063 2849 2102 2886 in
2130 2861 2170 2886 se
2198 2850 2386 2909 perfectus
2423 2858 2495 2887 est:
2533 2851 2600 2888 sed

1536 2901 1757 2938 secundum
1794 2901 1901 2950 quod
1937 2901 2031 2938 alios
2059 2902 2107 2939 ad
2143 2902 2472 2952 participationem
2507 2914 2599 2940 suae

1540 2953 1780 3003 perfectionis
1808 2954 1964 2991 inducit.
1994 2955 2042 2992 Et
2069 2954 2160 3004 quia
2178 2967 2265 3005 spes
2283 2955 2420 2994 dicitur
2444 2954 2600 3005 proprie

1541 3014 1715 3056 respectu
1744 3006 1903 3044 alicuius
1930 3007 2037 3056 quod
2074 3015 2293 3058 expectatur
2319 3008 2368 3046 ab
2394 3007 2479 3058 ipso
2515 3019 2599 3057 spe-

1541 3067 1646 3097 rante
1675 3059 1917 3106 habendum,
1947 3072 2027 3097 non
2055 3060 2209 3110 proprie
2236 3067 2359 3110 potest
2389 3059 2464 3098 dici
2491 3061 2599 3110 quod

1540 3112 1659 3150 virtus
1688 3112 1768 3162 spei
1797 3112 1948 3150 Christo
1977 3113 2180 3151 conveniat
2207 3112 2352 3151 ratione
2378 3113 2545 3152 inducta.

1594 3235 1621 3278 β)
1641 3237 1726 3269 ipsam
1747 3237 1798 3262 Dei
1810 3237 1979 3271 frusinonem,
1997 3243 2086 3270 quam.
2103 3250 2122 3256 —
2140 3236 2226 3269 ἰρευηι
2245 3235 2332 3262 Deum
2349 3235 2426 3262 cuius
2438 3236 2600 3270 frusinonem

1543 3277 1625 3341 territa).
1638 3314 1676 3333 eo.
1694 3321 1713 3326 —
1732 3307 1751 3332 F
1771 3313 1796 3332 er
1814 3307 1900 3338 rer-13³3
1919 3307 2000 3333 ettam
2020 3305 2136 3340 ABDpc,
2155 3305 2297 3332 secundum
2317 3305 2375 3332 EsC
2393 3311 2419 3332 et
2436 3314 2462 3333 a.

1101 3390 1434 3423 Commentario
1456 3391 1707 3424 cardinalis
1729 3390 1929 3424 cajetani

432 3477 596 3539 Τιτυι,υ5
621 3467 738 3503 clarus,
757 3466 796 3497 de
820 3475 876 3506 spe
900 3476 982 3506 quae
1004 3472 1050 3496 est
1072 3467 1169 3497 virtus
1185 3468 1366 3508 theologica
1390 3479 1487 3509 quae·

491 3521 571 3541 rens.

486 3554 519 3584 ln
539 3564 673 3594 corpore
690 3555 811 3585 articuli
836 3554 901 3584 duo
918 3553 1008 3584 fiunt.
1033 3554 1150 3589 Primo,
1166 3555 1375 3594 respondetur
1391 3564 1487 3596 quae-

431 3598 491 3628 sito
508 3599 661 3637 negative,
676 3598 807 3629 scilicet:
832 3598 871 3628 In
891 3598 1018 3628 Christo
1035 3607 1099 3628 non
1114 3598 1187 3639 fuit
1201 3608 1280 3638 spes.
1294 3617 1313 3621 -
1327 3598 1486 3634 Secundo,

1541 3470 1671 3509 ponitur
1694 3469 1868 3500 differentia
1897 3470 1978 3500 inter
2000 3467 2161 3499 defectum
2183 3466 2257 3498 fidei
2287 3473 2319 3498 et
2344 3467 2504 3499 defectum
2533 3470 2600 3509 spei

1541 3513 1574 3543 in
1591 3513 1729 3550 Christo,
1754 3519 1911 3554 quantum
1932 3511 1973 3544 ad
1994 3512 2068 3548 hoc,
2092 3510 2179 3551 quod
2202 3510 2282 3542 fides
2304 3511 2393 3543 nullo
2418 3512 2517 3543 modo
2541 3512 2602 3544 fuit

1541 3557 1573 3586 in
1597 3557 1742 3588 Christo:
1767 3566 1838 3597 spes
1861 3562 1983 3593 autem,
2007 3559 2163 3596 quantum
2187 3554 2226 3586 ad
2249 3555 2437 3587 secundario
2461 3562 2600 3597 sperata,

1541 3600 1573 3630 in
1598 3599 1725 3631 Christo
1749 3600 1818 3631 suit.
