2872 3970
983 266 1245 312 QUAESTIO
1274 267 1341 313 VI,
1371 265 1663 304 ARTICULUS
1690 267 1726 302 V
2372 274 2440 299 101

1054 407 1372 451 ARTICULUS
1402 407 1657 459 QUINTUS

381 506 538 540 UTRUM
559 505 696 538 F1L1Us
719 505 791 536 DEI
813 504 1106 536 ASSUMPSERIT
1130 504 1288 536 TOTAM
1314 505 1532 536 NATURAM
1555 505 1780 537 HUMANAM
1803 504 2098 536 MEDIANTIBUS
2121 505 2330 537 PARTIBUS

946 591 977 616 111
997 592 1079 622 Sem„
1100 592 1158 618 dist.
1177 599 1204 623 11,
1224 600 1268 625 qu.
1286 599 1313 622 11,
1333 596 1379 617 art.
1401 598 1423 624 1,
1443 592 1492 625 qu¹²
1514 591 1542 623 3;
1562 598 1608 617 art.
1630 592 1653 623 3,
1673 592 1722 625 qu*
1742 599 1765 617 1.

302 698 313 713 χ

357 698 363 725 5
385 700 456 742 μή(
480 694 503 718 1)
528 693 689 723 Qum‘rum
707 693 760 718 515
780 691 1015 718 PRocnmrua.
1044 680 1205 718 Videtur
1224 680 1330 729 quod
1354 683 1359 763 l
1385 692 1465 717 uno
1493 681 1613 717 modo
1643 693 1688 717 ex
1710 688 1816 730 parte
1844 680 1998 730 agentis,
2020 682 2093 720 alio
2122 683 2240 720 modo
2270 696 2316 721 ex
2334 693 2440 734 parte

309 725 456 778 ””·ἷζέο
482 733 601 771 Filius
628 732 702 771 Dei
729 732 976 781 assumpserit
1003 740 1123 770 totam
1153 741 1330 771 naturam
1383 732 1584 778 materiae;
1623 734 1696 770 hae
1732 733 1839 770 enim
1875 733 1975 771 duae
2012 747 2151 773 causae
2183 736 2441 796 praeexistunt

289 778 335 834 ,χῖ
350 772 469 841 *rf‘r‘
483 786 698 822 humanam
725 785 984 822 mediantibus
1011 785 1193 834 partibus.
1232 785 1331 822 Dicit
1384 784 1448 821 rei.
1480 786 1537 821 Ex
1555 793 1661 834 parte
1681 786 1840 845 quidem
1868 787 2021 834 agentis,
2042 796 2098 824 est
2121 788 2339 837 simpliciter
2365 790 2440 840 pri-

275 809 447 876 ‚dssqz
447 849 587 874 emm
624 837 881 886 AugustinUS,
910 837 950 874 in
987 837 1084 874 libro
1122 838 1167 874 de
1195 839 1331 888 Agone
1384 849 1495 873 mum
1523 837 1561 874 id
1590 838 1696 886 quod
1729 838 1855 887 primo
1892 839 1991 876 cadit
2027 839 2066 876 in
2094 840 2176 877 eius
2211 841 2438 890 intentione,

35 894 191 934 scm-”¹¹¹-
275 891 483 928 Christiano
510 890 550 938 ²⁸,
587 890 695 940 quod
731 890 918 928 invisibilis
955 896 988 926 et
1023 890 1331 927 incommutabilis
1385 890 1450 926 sed
1479 890 1694 926 secundum
1722 890 1815 939 quid
1844 898 1899 927 est
1925 891 2096 939 primurn
2125 892 2217 930 illud
2236 906 2258 931 a
2277 906 2356 953 quo
2385 894 2440 932 in-

33 938 46 962 '²'
279 944 419 981 Veritas
439 955 512 992 per
537 945 706 992 spiritum
742 944 928 988 animam,
950 955 1023 992 per
1054 945 1221 980 animam
1249 955 1330 979 cor·
1385 941 1474 990 cipit
1501 942 1582 979 eius
1619 943 1807 1001 operatio:
1848 951 1883 980 et
1911 944 1986 981 hoc
2018 945 2124 984 ideo
2154 946 2246 995 quia
2282 946 2439 984 intentio

265 1008 353 1045 pus,
381 1001 415 1032 et
440 997 493 1032 sic
525 1002 639 1032 totum
667 997 854 1033 hominem
888 997 1090 1044 assumpsit.
1121 996 1198 1033 Sed
1225 995 1331 1044 spiri-
1385 1002 1440 1030 est
1458 994 1563 1043 prior
1582 995 1815 1043 operatione.
1845 997 1903 1033 Ex
1931 1005 2035 1056 parte
2055 1010 2148 1035 vero
2172 999 2364 1046 materiae,
2384 1008 2441 1037 est

270 1056 343 1091 1115,
363 1048 493 1085 anima
520 1056 556 1085 et
573 1060 715 1097 corpus
742 1055 830 1084 sunt
857 1055 982 1097 partes
1006 1047 1121 1084 totius
1149 1047 1329 1084 hominis.
1384 1046 1490 1095 prius
1518 1047 1611 1084 illud
1639 1049 1745 1096 quod
1773 1048 1879 1097 prius
1912 1050 2032 1086 existit
2059 1050 2098 1087 in
2126 1052 2440 1089 transmutatione

271 1102 373 1149 Ergo
392 1108 517 1138 totum
534 1100 735 1138 hominem
750 1100 955 1150 assumpsit
973 1101 1230 1138 mediantibus
1248 1112 1330 1150 par·
1385 1099 1576 1136 materiae.

270 1153 383 1191 tibus.
1438 1153 1480 1188 In
1509 1151 1768 1189 incarnatione
1797 1161 1923 1190 autern
1954 1162 2103 1203 oportet
2130 1156 2297 1193 maxime
2325 1165 2441 1195 atten-

327 1218 361 1244 2.
391 1206 622 1249 PRAETEREA,
651 1205 739 1244 ideo
767 1205 840 1244 Dei
862 1205 980 1244 Filius
1008 1217 1164 1243 carnem
1185 1218 1331 1244 assum·
1385 1204 1475 1241 dere
1505 1204 1683 1242 ordinem
1710 1205 1776 1254 qui
1805 1213 1860 1242 est
1887 1218 1934 1242 ex
1961 1215 2066 1255 parte
2087 1208 2247 1255 agentis:
2278 1209 2380 1258 quia,
2401 1218 2443 1247 ut

271 1258 346 1308 psit
363 1258 556 1296 mediante
576 1258 716 1302 anima,
736 1258 828 1307 quia
846 1258 975 1296 anima
994 1266 1049 1295 est
1067 1259 1152 1296 Deo
1175 1258 1333 1296 similior
1386 1256 1621 1304 Augustinus
1641 1257 1740 1304 dicit,
1761 1257 1800 1294 in
1819 1258 1990 1306 Epistola
2013 1260 2063 1296 ad
2087 1261 2326 1299 Volusianum
2344 1262 2375 1309 ⁹³,
2405 1264 2442 1299 in

272 1323 392 1361 quam
411 1323 562 1361 corpus.
594 1311 670 1348 Sed
688 1319 814 1360 partes
833 1312 1027 1348 humanae
1051 1320 1221 1355 naturae,
1242 1323 1333 1348 curn
1385 1310 1516 1346 talibus
1544 1311 1652 1346 rebus
1679 1316 1753 1347 tota
1781 1312 1875 1347 ratio
1885 1312 1986 1358 facti
2010 1318 2060 1348 est
2082 1315 2246 1361 potentia
2254 1315 2441 1361 facientis.

131 1368 148 1385 α
270 1363 346 1400 sint
379 1363 627 1414 simpliciores
652 1369 685 1410 ⁴²,
713 1363 893 1401 videntur
925 1375 1007 1400 esse
1042 1364 1241 1401 similiores
1279 1364 1330 1406 ei,
1386 1361 1633 1398 Manifestum
1661 1370 1716 1399 est
1744 1370 1873 1400 autem
1901 1365 2008 1412 quod
2037 1366 2251 1402 secundum
2270 1366 2444 1404 intentio-

112 1425 114 1428 ’
273 1415 341 1466 qui
359 1424 415 1454 est
433 1415 747 1466 simplicissimus,
769 1429 889 1466 quam
906 1424 1043 1454 toturn.
1065 1418 1166 1466 Ergo
1186 1429 1333 1454 assum·
1386 1426 1478 1451 nem
1496 1414 1664 1452 facientis
1691 1414 1797 1464 prius
1821 1423 1876 1452 est
1903 1418 2140 1466 completum
2160 1430 2279 1467 quam
2298 1419 2444 1457 incom-

271 1468 346 1519 psit
373 1476 499 1507 totum
525 1469 783 1506 mediantibus
810 1469 992 1519 partibus.
1386 1468 1551 1516 pletum:
1581 1475 1618 1504 et
1644 1480 1714 1518 per
1741 1480 1994 1518 consequens,
2014 1477 2139 1507 totum
2167 1475 2286 1520 quam
2306 1480 2442 1521 partes.

328 1521 362 1558 3.
393 1523 632 1565 ΡΒΑΕΤΕΒΕΑ,
662 1529 787 1559 10111111
815 1523 968 1559 resultat
995 1535 1042 1559 ex
1069 1522 1214 1559 unione
1248 1535 1333 1572 par·
1386 1521 1434 1556 Et
1462 1519 1549 1556 ideo
1570 1519 1779 1558 dicendum
1807 1529 1862 1557 est
1881 1522 1987 1570 quod
2006 1523 2179 1560 Verbum
2207 1523 2279 1561 Dei
2298 1537 2444 1562 assum-

269 1573 382 1611 tium.
422 1575 500 1612 Sed
526 1574 620 1611 unio
657 1574 874 1623 intelligitur
900 1582 942 1611 ut
969 1575 1155 1612 terminus
1187 1587 1334 1612 assum—
1386 1571 1460 1621 psit
1477 1580 1603 1621 partes
1623 1573 1817 1610 humanae
1837 1581 1994 1610 naturae
2013 1575 2206 1612 mediante
2225 1584 2316 1613 toto.
2340 1578 2446 1615 Sicut

272 1626 430 1676 ptionis:
469 1635 595 1676 partes
632 1634 762 1664 autem
797 1627 1148 1678 praeintelliguntur
1187 1640 1333 1664 assum·
1387 1624 1492 1661 enim
1520 1637 1661 1674 corpus
1697 1626 1902 1675 assumpsit
1929 1635 2086 1676 propter
2121 1628 2297 1665 ordinem
2327 1642 2446 1679 quem

273 1678 406 1728 ptioni.
436 1679 538 1728 Ergo
567 1679 772 1729 assumpsit
798 1687 923 1717 totum
949 1692 1020 1730 per
1045 1688 1181 1730 partes.
1388 1677 1502 1714 habet
1530 1678 1579 1714 ad
1608 1677 1778 1715 animam
1807 1678 2043 1726 rationalem,
2064 1680 2113 1716 ita
2133 1681 2337 1730 assumpsit
2364 1694 2445 1720 cor-

37 1765 40 1771 .
328 1733 403 1770 SED
432 1744 576 1770 CONTRA
603 1744 668 1770 Ε5τ
696 1733 803 1782 quod
825 1733 1090 1770 Damascenus
1111 1732 1210 1776 dicit,
1231 1732 1270 1770 in
1288 1734 1334 1771 III
1386 1742 1461 1779 pus
1480 1737 1516 1766 et
1535 1730 1706 1767 animam
1728 1738 1885 1780 propter
1904 1731 2080 1769 ordinem
2099 1745 2218 1781 quem
2236 1734 2379 1771 habent
2397 1735 2447 1773 ad

43 1781 248 1839 ὒῂζῑὲξξζξξζ
273 1783 372 1822 libro
391 1784 426 1821 *z
456 1787 503 1822 In
531 1786 696 1822 Domino
723 1787 808 1823 Iesu
832 1787 976 1823 Christo
997 1798 1071 1822 non
1094 1791 1222 1834 partes
1243 1798 1334 1834 par·
1388 1783 1604 1819 humanam
1630 1790 1819 1820 naturam.

42 1846 45 1847 ’
273 1838 364 1874 tium
392 1839 596 1883 intuemur,
624 1838 690 1874 sed
722 1850 816 1886 quae
837 1839 1015 1887 proxime
1049 1848 1333 1887 componuntur,
1441 1835 1498 1871 AD
1527 1847 1662 1872 PRIMUM
1690 1847 1788 1872 ERGO
1816 1848 1997 1873 DICENDUM
2026 1837 2132 1885 quod
2160 1850 2206 1874 ex
2233 1839 2360 1876 verbis
2379 1839 2448 1877 illis

274 1890 363 1926 idest
389 1889 556 1927 deitatem
584 1895 617 1926 et
643 1891 918 1927 humanitatem.
947 1890 1177 1927 Humanitas
1205 1898 1335 1927 autem
1389 1886 1483 1923 nihil
1520 1887 1632 1924 datur
1668 1887 1821 1936 intelligi
1857 1888 1929 1925 nisi
1971 1890 2077 1937 quod
2113 1890 2306 1938 Verbum,
2344 1905 2448 1929 assu-

275 1950 332 1979 est
358 1943 555 1991 quoddam
583 1949 719 1990 totum,
740 1942 848 1991 quod
875 1942 1123 1992 componitur
1141 1955 1187 1979 ex
1206 1942 1336 1980 anima
1388 1939 1533 1976 mendo
1570 1948 1695 1989 partes
1723 1941 1917 1978 humanae
1954 1950 2132 1990 naturae,
2162 1944 2366 2003 assumpsit
2393 1953 2448 1982 to-

275 2002 312 2032 et
338 2007 500 2045 corpore
528 1994 625 2033 sicut
643 2007 690 2032 ex
707 1994 890 2045 partibus.
919 1996 1021 2044 Ergo
1040 1995 1158 2033 Filius
1186 1995 1258 2033 Dei
1277 2009 1335 2033 as·
1389 1999 1468 2030 tam
1496 1993 1711 2030 humanam
1738 2001 1926 2031 naturam.
1962 1995 2011 2032 Et
2038 1994 2091 2031 sic
2119 1997 2329 2045 assumptio
2363 2010 2448 2047 par-

274 2047 439 2097 sumpsit
465 2055 592 2097 partes
618 2048 811 2085 mediante
838 2055 930 2085 toto.
1389 2044 1487 2082 tium
1515 2045 1620 2094 prior
1647 2053 1702 2082 est
1730 2044 1769 2083 in
1794 2045 1857 2084 via
1880 2046 2111 2095 operationis
2139 2048 2341 2097 intellectu,
2368 2063 2448 2088 non

328 2102 553 2138 Rssponnsso
580 2113 761 2138 otcENDUM
781 2101 899 2150 quod,
920 2113 1011 2138 cum
1038 2100 1175 2138 dicitur
1193 2101 1336 2150 aliquid
1388 2105 1575 2146 tempore.
1605 2098 1828 2147 Assumptio
1852 2107 1982 2136 autem
2009 2108 2167 2137 naturae
2196 2110 2251 2138 est
2277 2103 2383 2152 prior
2410 2103 2449 2140 in

276 2153 450 2190 medium
479 2153 519 2190 in
546 2153 808 2203 assumptione
836 2153 1117 2194 incarnationis
1137 2166 1218 2191 non
1240 2154 1336 2190 desi·
1389 2149 1452 2186 Via
1480 2150 1715 2187 intentionis:
1752 2152 1858 2199 quod
1887 2159 1942 2188 est
1969 2164 2051 2189 esse
2079 2153 2184 2202 prius
2219 2154 2448 2205 Simpliciter,

275 2213 415 2254 gnatur
441 2206 537 2242 ordo
565 2205 767 2256 temporis:
803 2205 894 2256 quia
921 2206 1035 2243 simul
1069 2207 1165 2243 facta
1197 2214 1252 2243 est
1279 2219 1336 2244 as·
1390 2209 1432 2240 ut
1460 2202 1605 2239 dictum
1633 2211 1688 2239 est
1706 2203 1736 2239 ²⁸.

39 2298 41 2300 ¹
277 2257 446 2308 sumptio
484 2257 599 2296 totius
627 2265 663 2296 et
695 2258 874 2296 omnium
908 2259 1087 2308 partium
1127 2260 1337 2298 ostensum
1443 2256 1500 2292 Ao
1529 2268 1718 2293 SECUNDUM
1745 2268 1927 2294 DICENDUM
1955 2258 2062 2307 quod
2081 2258 2187 2296 Deus
2206 2259 2256 2297 ita
2278 2268 2333 2297 est
2360 2260 2448 2298 sim-

2 2307 9 2357 )
38 2335 51 2350 ¹.
65 2313 114 2336 Art-
129 2319 149 2342 3,
163 2321 187 2340 4-
277 2318 334 2348 est
351 2310 372 2332 ²¹⁸
399 2310 504 2348 enim
532 2311 640 2360 quod
668 2310 783 2349 simu]
810 2311 938 2350 anima
957 2319 994 2350 et
1012 2324 1153 2361 corpus
1181 2320 1270 2350 sunt
1288 2313 1338 2350 ad
1391 2309 1479 2356 plex
1498 2309 1605 2357 quod
1625 2308 1738 2346 etiam
1757 2317 1813 2346 est
1830 2310 2135 2358 perfectissimus
2157 2312 2205 2348 Et
2223 2311 2310 2349 ideo
2325 2321 2450 2351 totum

5 2360 7 2363 ’
276 2362 445 2400 invicem
472 2363 579 2400 unita
599 2364 648 2400 ad
667 2363 975 2401 constituendam
1003 2373 1180 2401 naturam
1201 2366 1338 2402 huma·
1391 2368 1447 2397 est
1465 2361 1586 2409 magis
1605 2361 1726 2398 simile
1746 2362 1830 2398 Deo
1850 2375 1968 2411 quam
1987 2370 2124 2412 partes,
2145 2363 2375 2412 inquantum
2395 2374 2451 2403 est

277 2427 371 2453 nam
398 2415 437 2452 in
455 2416 596 2453 Verbo.
638 2416 868 2464 Designatur
901 2425 1030 2454 autem
1059 2417 1110 2454 ibi
1143 2418 1239 2454 ordo
1272 2430 1338 2454 na·
1391 2414 1604 2462 perfectius.

277 2475 397 2506 turae.
425 2469 538 2507 Unde
564 2481 635 2518 per
662 2468 700 2506 id
729 2470 836 2519 quod
864 2477 919 2506 est
937 2470 1043 2521 prius
1066 2477 1213 2518 natura,
1234 2483 1338 2507 assu·
1445 2467 1502 2503 AD
1529 2478 1687 2504 ΤΕΒ-1111111
1715 2479 1895 2504 DICENDUM
1923 2468 2029 2517 quod
2049 2467 2142 2505 unio
2162 2469 2370 2518 personalis
2395 2478 2450 2507 est

278 2520 396 2558 mitur
423 2521 462 2558 id
489 2522 596 2571 quod
624 2529 679 2559 est
706 2522 906 2582 posterius.
1354 2559 1357 2561 ¹
1393 2519 1441 2556 ad
1461 2531 1580 2568 quam
1599 2519 1823 2557 terminatur
1841 2520 2069 2570 assumptio:
2099 2533 2180 2558 non
2199 2530 2327 2559 autem
2355 2522 2448 2560 unio

332 2574 400 2611 Est
427 2581 558 2611 autem
585 2574 729 2624 aliquid
756 2575 862 2624 prius
891 2575 930 2612 in
958 2583 1094 2613 natura
1122 2575 1336 2625 dupliciter:
1393 2579 1563 2619 naturae,
1594 2585 1693 2621 quae
1722 2574 1875 2610 resultat
1902 2585 1949 2611 ex
1976 2573 2245 2612 coniunctione
2270 2575 2448 2624 partium.

332 2697 358 2732 α)
378 2697 560 2731 simpliciores.
577 2712 596 2716 -
613 2705 692 2731 quam
711 2705 807 2731 corpus
826 2699 922 2723 addunt
935 2699 977 2725 Pc.
990 2714 1008 2718 —
1027 2671 1077 2736 &b
1096 2699 1128 2729 ei,
1144 2700 1212 2724 Filio
1227 2700 1279 2725 Dei
1297 2690 1334 2731 be,
1355 2701 1414 2726 Deo
1432 2701 1512 2732 PIsH,
1531 2709 1583 2727 om.
1604 2702 1679 2734 GpH.

1034 2739 1045 2753 b

949 2778 1282 2812 commentaria
1305 2779 1558 2813 Cardjnalis
1581 2780 1781 2814 Caietam

339 2865 447 2885 rrimus
463 2855 586 2885 articuli
608 2855 832 2895 intelligendus
855 2861 901 2886 est
923 2861 960 2887 ut
982 2863 1084 2887 sonat.
1095 2876 1118 2880 —
1146 2858 1181 2888 In
1204 2868 1339 2898 corpore
1392 2860 1550 2890 materiae.
1576 2859 1617 2889 Et
1632 2859 1773 2889 redditur
1795 2860 1874 2889 ratio
1891 2869 1988 2899 quare
2012 2859 2188 2890 secundum
2204 2861 2260 2891 has
2283 2860 2360 2892 duas
2377 2871 2452 2893 cau-

341 2899 463 2930 articuli
491 2899 556 2929 duo
580 2898 678 2929 fiunt:
709 2900 830 2939 primo,
853 2900 1028 2931 declaratur
1056 2902 1224 2941 quomodo
1247 2903 1339 2932 intel-
1393 2913 1441 2933 sas
1470 2904 1646 2933 invenitur:
1677 2903 1752 2942 quia
1786 2909 1859 2933 sunt
1890 2913 2002 2933 causae
2029 2903 2273 2943 praeexistentes
2303 2911 2375 2937 ante
2407 2906 2452 2937 ef-

15 2973 18 2975 .
51 2976 54 2978 ,
237 2943 241 2947 ’
279 2943 386 2984 ligitur
408 2943 442 2984 ly
456 2943 640 2973 mediante'
633 2952 666 2973 1n
689 2944 840 2984 mysterio
864 2946 1105 2984 assmnptionis;
1127 2946 1279 2982 secundo,
1291 2955 1340 2976 re-
1393 2946 1522 2977 fectum.
1547 2948 1654 2986 Agens
1678 2947 1763 2976 enim
1787 2952 1817 2976 et
1840 2947 1969 2976 materia
1991 2948 2219 2986 praeexistunt:
2244 2948 2380 2980 formam
2397 2960 2452 2981 au-

4 2998 7 2999 ’
43 2986 97 3027 {fu
96 2993 180 3011 ¹¹·¹¹¹¹¹
195 2994 243 3016 ⁶0¹³-
280 2987 457 3028 spondetur
480 2987 625 3027 quaesito
648 2996 713 3017 una
736 2987 944 3018 conclusione
959 2989 976 3005 ⁰
1391 2995 1457 3020 tem
1481 2996 1609 3030 oportet
1631 2999 1698 3020 non
1722 2990 1946 3029 praeexistere;
1978 2996 2009 3020 et
2032 2991 2174 3022 similiter
2200 2991 2299 3023 finem
2321 3002 2452 3033 genera-

4 3032 6 3034 '
54 3045 60 3048 >
339 3031 458 3069 Quoad
480 3032 639 3072 primum,
665 3030 740 3061 dicit
762 3040 860 3061 unam
882 3033 1138 3071 propositionem
1168 3034 1340 3064 multarum
1392 3034 1498 3070 tionis,
1523 3044 1597 3064 cum
1616 3034 1773 3063 coincidat
1789 3043 1863 3063 cum
1879 3034 1991 3064 forma.
2014 3053 2038 3057 -
2061 3035 2095 3065 In
2112 3035 2239 3075 speciali
2255 3042 2372 3073 autem,
2389 3038 2452 3068 hoc

279 3075 429 3116 partium,
446 3075 581 3106 scilicet:
606 3074 645 3104 In
670 3075 824 3115 mysterio
840 3076 1067 3116 assumptionis
1088 3077 1226 3108 medium
1249 3078 1340 3108 intel-
1394 3083 1440 3107 est
1462 3078 1495 3108 in
1519 3078 1743 3116 assumptionis
1766 3078 1933 3118 mysterio:
1959 3079 2033 3118 quia
2056 3083 2123 3109 tota
2140 3079 2224 3110 ratio
2232 3081 2321 3122 sacti
2336 3086 2453 3122 estpo-

282 3119 398 3161 lt‘gitur
420 3129 484 3150 non
509 3119 676 3161 temporis,
693 3118 748 3149 sed
771 3123 927 3155 naturae‚·
957 3129 998 3149 ex
1015 3124 1112 3159 parte
1135 3121 1262 3161 agentis
1269 3129 1282 3158 ;
1311 3126 1342 3152 et
1395 3122 1492 3151 tentia
1506 3122 1673 3162 facientis.

279 3163 474 3204 simpliciter.
494 3163 556 3194 Ubi
581 3168 718 3204 quatuor
740 3162 940 3193 conditiones
962 3163 1060 3193 medii
1082 3164 1115 3193 in
1138 3164 1202 3195 hoc
1223 3170 1341 3206 myste-
1449 3165 1569 3202 Quarta
1584 3164 1726 3194 conditio
1743 3169 1789 3195 est
1803 3165 1836 3205 ly
1850 3165 2058 3206 simpliciter:
2076 3167 2114 3197 ad
2130 3167 2347 3198 definiendum
2364 3169 2453 3209 quod

279 3208 328 3238 rio
351 3212 526 3247 ponuntur.
1394 3209 1537 3239 medium
1560 3209 1742 3248 simpliciter
1768 3209 1801 3239 in
1825 3210 1887 3240 hoc
1909 3211 2060 3250 mysterio
2084 3211 2254 3242 attenditur
2276 3212 2453 3245 secundum

337 3251 442 3281 Prima
465 3256 512 3281 est
541 3250 631 3290 quod
659 3260 726 3281 non
751 3255 797 3280 est
824 3250 967 3281 medium
998 3250 1175 3282 secundum
1201 3257 1340 3292 tempus.
1394 3252 1539 3282 ordinem
1561 3258 1692 3282 naturae
1708 3262 1745 3282 ex
1760 3258 1848 3292 parte
1865 3255 1994 3293 agentis,
2018 3264 2085 3284 non
2105 3264 2353 3296 quemcumque,
2378 3257 2453 3296 quia

281 3295 375 3333 Quae
397 3295 565 3335 probatur·
591 3295 666 3335 quia
683 3295 777 3325 simul
795 3299 942 3334 tempore
958 3295 1066 3324 omnia
1082 3301 1242 3335 assumpta
1257 3301 1339 3326 sunt.
1393 3305 1460 3326 non
1483 3295 1661 3326 secundum
1684 3296 1770 3336 quid,
1790 3296 1845 3326 sed
1869 3298 2059 3337 simpliciter.
2084 3299 2141 3329 Est
2156 3299 2312 3339 siquidem
2336 3299 2453 3341 duplex

337 3338 494 3375 Secunda,
519 3338 608 3379 quod
624 3344 670 3369 est
687 3338 830 3369 medium
846 3337 1023 3369 secundum
1039 3338 1185 3369 ordinem
1200 3344 1339 3370 naturae.
1392 3344 1522 3370 naturae
1546 3339 1626 3370 ordo
1650 3349 1687 3370 ex
1710 3346 1799 3380 parte
1822 3342 1958 3380 agentis.
1981 3342 2032 3372 vel
2052 3342 2228 3374 secundum
2245 3343 2413 3374 ordinem
2404 3354 2452 3374 111-

5 3395 17 3401 »-
85 3384 184 3431 1·'nrt³4
201 3385 248 3427 acl³
251 3382 325 3413 Et
346 3383 425 3413 haec
449 3392 486 3413 ex
509 3382 631 3413 dictis
655 3383 855 3422 supponitur.
1393 3384 1560 3419 tentionis3
1584 3384 1635 3414 vel
1658 3384 1835 3414 secundum
1851 3385 1996 3415 ordinem
2013 3387 2217 3417 executionis.
2241 3387 2282 3416 Et
2305 3386 2453 3419 differunt

49 3424 54 3426 “
155 3420 159 3425 ’
185 3421 191 3433 '
237 3412 257 3434 ³
339 3426 446 3456 Tertia
468 3431 516 3456 est
544 3426 634 3466 quod
657 3432 704 3457 est
725 3427 769 3456 ibi
791 3426 860 3456 talis
884 3425 963 3456 ordo
987 3431 1132 3462 naturae,
1161 3427 1280 3457 scilicet
1303 3437 1340 3457 ex
1393 3427 1426 3456 hi
1442 3427 1568 3458 ordines
1583 3429 1664 3458 inter
1680 3438 1712 3458 se
1727 3429 1761 3458 in
1777 3429 1849 3464 hoc,
1867 3429 1955 3468 quod
1971 3430 2049 3460 illud
2072 3430 2160 3470 quod
2177 3436 2223 3460 est
2237 3431 2323 3471 prius
2340 3440 2452 3463 secun-

284 3472 373 3509 parte
387 3470 516 3510 agentis.
540 3470 582 3501 Et
596 3471 674 3500 haec
697 3469 886 3500 declaratur:
912 3470 995 3509 quia,
1012 3470 1046 3500 in
1068 3471 1243 3506 communi,
1260 3470 1339 3501 ordo
1394 3471 1471 3501 dum
1486 3472 1708 3508 intentionem,
1725 3477 1772 3502 est
1786 3473 1873 3512 prius
1888 3473 2086 3522 simpliciter:
2104 3474 2193 3513 quod
2207 3484 2283 3505 vero
2304 3480 2351 3505 est
2364 3476 2452 3516 prius

285 3517 426 3550 naturae,
450 3523 516 3553 quo
540 3514 659 3554 aliquid
683 3519 730 3544 est
751 3514 839 3554 prius
862 3519 894 3543 et
917 3513 1036 3554 aliquid
1058 3515 1215 3553 posterius
1233 3515 1266 3544 in
1285 3524 1340 3544 na-
1393 3515 1571 3545 secundum
1588 3517 1820 3551 executionem,
1838 3522 1885 3546 est
1907 3518 1994 3556 prius
2011 3517 2188 3548 secundum
2205 3517 2292 3568 quid.
2317 3519 2358 3549 Et
2373 3519 2452 3548 ratio

280 3561 365 3593 tura,
385 3556 551 3597 dupliciter
564 3558 739 3595 invenitur;
763 3558 814 3588 vel
831 3567 868 3588 ex
883 3562 971 3597 parte
987 3558 1117 3597 agentis,
1133 3558 1183 3588 vel
1200 3568 1237 3588 ex
1252 3564 1339 3598 parte
1393 3564 1439 3589 est
1462 3560 1537 3599 quia
1557 3560 1692 3590 intentio
1716 3560 1803 3600 prior
1826 3565 1872 3590 est
1887 3560 2069 3600 simpliciter
2091 3562 2288 3598 executione,
2305 3568 2341 3592 ut
2354 3567 2452 3603 patet

2470 1262 2681 1316 ζιῗῖὴῗξὲἷίὶίιῐ

2476 2207 2526 2229 *In
2542 2212 2647 2235 corpore.
