2872 3970
166 1082 174 1091 “
184 1082 219 1102 De
228 1080 286 1102 Fide
297 1080 364 1101 orm.

163 1108 203 1129 lib.
216 1107 254 1134 111,
265 1113 314 1134 cap.
326 1113 363 1127 xxi

163 1295 173 1304 ⁸
188 1292 254 1314 Vei-s.
270 1299 302 1314 22.

171 1907 180 1915 ⁸
207 1905 261 1926 Luc,
290 1910 341 1931 cap.
366 1910 381 1930 1,

172 2091 181 2099 ¹
198 2089 244 2116 Qu.
257 2094 295 2113 vn,
310 2092 352 2109 arr.
363 2093 382 2113 2,

170 2122 198 2143 9;
215 2122 252 2143 qu.
270 2121 294 2136 ix
309 2121 360 2142 sqq.

409 292 478 329 188

1102 288 1365 336 QUAESTIO
1395 289 1484 335 XV,
1513 286 1805 324 ARTICULUS
1834 286 1879 323 ΙΙΙ

1201 429 1518 472 ARTICULUS
1546 429 1776 471 TERTIUS

1030 529 1185 561 UTRUM
1210 529 1253 569 m
1278 527 1467 559 cnmsro
1493 527 1652 558 FUERIT
1676 526 1950 558 IGNORANTlA

614 622 644 646 111
665 622 747 650 Sent„
768 621 827 646 dist.
846 629 886 650 xv,
906 628 950 652 qu.
969 627 986 650 ι,
1006 624 1051 644 art.
1072 626 1099 649 2;
1120 619 1215 651 Expos.
1236 618 1295 647 litt.;
1317 617 1358 642 De
1381 616 1469 646 Verit,
1490 624 1534 649 qu.
1553 624 1593 646 xx,
1613 621 1660 642 art.
1678 624 1704 648 4.
1722 616 1755 642 ad
1776 623 1817 648 ιι,
1838 623 1884 649 1²3
1907 617 2048 650 Compend.
2071 616 2173 648 Theol„
2193 625 2248 651 cap.
2267 625 2367 644 ccxxvi.

431 725 497 766 χᾴέἦ
518 727 574 755 w<
612 723 634 747 n
661 721 819 746 TERTIUM
839 721 890 745 sm
911 719 1144 744 Pnocanun.
1173 705 1334 742 Videtur
1355 704 1463 754 quod

429 750 591 818 ἦν’ἷιισ
612 764 650 799 in
680 762 830 799 Christo
851 760 961 797 fuerit
988 758 1210 808 ignorantia.
1241 757 1336 794 Illud
1358 757 1462 794 enim

420 795 539 867 '‘fs-«m
550 799 701 852 '.vere
727 814 795 850 fuit
821 814 859 850 in
880 812 1030 850 Christo
1058 811 1165 861 quod
1185 810 1255 847 sibi
1281 809 1464 859 competit

420 829 554 902 [5³53
568 858 602 903 K
613 867 826 904 secundum
843 867 1056 902 humanam
1077 872 1265 907 naturam,
1283 863 1367 899 licet
1384 874 1463 900 non

402 927 594 968 competat
630 919 845 956 secundum
888 917 1083 954 divinam:
1127 916 1222 952 sicut
1263 915 1391 964 passio
1429 923 1465 952 et

402 984 517 1009 mors.
549 972 625 1009 Sed
645 971 853 1020 ignorantia
873 969 1052 1007 convenit
1073 969 1224 1006 Christo
1248 968 1464 1006 secundum

402 1026 613 1062 humanam
642 1032 838 1061 naturam:
869 1023 957 1060 dicit
985 1022 1087 1059 enim
1118 1023 1395 1067 Damascenus,
1426 1021 1464 1058 in

367 1096 373 1127 2
402 1079 445 1114 111
474 1077 570 1113 libro
590 1077 625 1123 ²¹²,
655 1077 762 1126 quod
791 1078 1027 1126 ignorantem
1057 1081 1091 1112 et
1116 1075 1286 1113 servilem
1324 1087 1464 1112 assum-

396 1132 468 1180 psit
487 1136 670 1167 naturam.
692 1131 792 1178 Ergo
812 1128 1024 1177 ignorantia
1042 1140 1132 1165 vere
1152 1127 1220 1165 suit
1239 1127 1279 1164 in
1299 1127 1463 1165 Christo.

455 1195 488 1219 2.
519 1184 750 1229 PRAETEREA,
772 1182 907 1231 aliquis
936 1181 1073 1218 dicitur
1100 1180 1279 1229 ignorans
1307 1193 1376 1230 per
1397 1193 1465 1218 no-

401 1236 501 1273 titiae
522 1236 722 1272 defectum.
753 1235 829 1273 Sed
858 1234 985 1283 aliqua
1005 1233 1138 1271 notitia
1158 1233 1276 1271 defuit
1296 1233 1463 1271 Christo:

402 1289 490 1326 dicit
518 1289 621 1325 enirn
649 1290 868 1338 ApostoluS,
894 1289 922 1324 ΙΙ
955 1289 1042 1324 Cor.
1062 1300 1085 1323 v
1105 1286 1143 1324 *ε
1173 1289 1271 1324 Eum
1301 1289 1365 1336 qui
1391 1299 1464 1324 non

403 1344 502 1379 novit
524 1348 738 1391 peccatum,
762 1354 836 1391 pro
876 1342 979 1378 nobis
1007 1346 1204 1390 peccatum
1221 1341 1327 1389 fecit.
1364 1341 1466 1389 Ergo

403 1395 442 1432 in
472 1395 622 1432 Christo
651 1395 719 1431 fuit
747 1394 968 1443 ignorantia.

459 1448 492 1484 3.
523 1449 762 1493 PRAETEREA,
792 1446 908 1484 Isaiae
933 1458 989 1483 vm
1015 1446 1035 1467 ’¹‘
1063 1446 1217 1483 dicitur:
1256 1446 1467 1496 Antequam

403 1502 492 1537 sciat
514 1513 611 1550 puer
637 1513 774 1538 vocare
789 1506 936 1550 patrem
964 1512 1072 1536 suum
1101 1505 1133 1536 et
1160 1505 1319 1536 matrem
1346 1511 1466 1545 suam,

404 1554 594 1601 auferetur
618 1554 795 1599 fortitudo
822 1554 1012 1590 Damasci.
1043 1553 1145 1589 Puer
1173 1560 1302 1589 autem
1331 1551 1392 1589 ille
1414 1559 1469 1588 est

406 1606 588 1643 Christus.
618 1608 719 1655 Ergo
748 1606 786 1643 in
816 1605 967 1643 Christo
995 1605 1064 1642 fuit
1092 1605 1309 1655 aliquarum
1339 1617 1469 1642 rerum

406 1667 625 1708 lgnorantia.

460 1713 533 1750 SED
563 1725 723 1758 CONTRA,
755 1711 965 1760 ignorantia
999 1723 1069 1761 per
1103 1710 1357 1760 ignorantiam
1390 1722 1470 1748 non

407 1765 557 1802 tollitur.
598 1765 770 1802 Christus
807 1773 937 1802 autem
965 1765 1014 1801 ad
1052 1765 1128 1801 hoc
1155 1764 1259 1801 venit
1295 1771 1337 1801 ut
1365 1763 1482 1812 igno-'

408 1819 546 1856 rantias
566 1826 711 1855 nostras
736 1818 913 1855 auferret:
944 1817 1048 1854 venit
1067 1817 1171 1854 enim
1192 1823 1229 1854 ut
1248 1817 1472 1854 illuminaret

409 1873 463 1908 his
491 1874 553 1921 qui
579 1874 614 1908 in
644 1873 800 1908 tenebris
828 1878 861 1908 et
886 1873 922 1908 in
944 1872 1078 1908 umbra
1106 1873 1235 1907 mortis
1255 1876 1271 1891 ‘²
1298 1871 1423 1907 sedent
1439 1869 1470 1906 ³¹².

410 1926 510 1972 Ergo
540 1924 578 1961 in
608 1925 758 1961 Christo
788 1923 999 1972 ignorantia
1028 1935 1108 1960 non
1136 1923 1215 1960 fuit.

463 1979 684 2015 REsponnEo
712 1990 892 2015 mel-:NDUM
912 1977 1031 2026 quod,
1053 1976 1149 2013 sicut
1168 1976 1206 2013 in
1227 1976 1379 2013 Christo
1406 1975 1474 2013 fuit

410 2030 607 2079 plenitudo
636 2030 774 2079 gratiae
803 2038 839 2067 et
866 2030 1026 2077 virtutis,
1048 2029 1098 2066 ita
1126 2029 1165 2066 in
1190 2029 1274 2079 ipso
1303 2029 1372 2066 fuit
1398 2030 1474 2078 ple-

411 2083 545 2120 nitudo
575 2083 700 2120 omnis
729 2083 917 2130 scientiae,
940 2091 982 2120 ut
1010 2095 1057 2120 ex
1075 2082 1294 2132 praemissis
1313 2082 1333 2104 '¹‘
1360 2090 1472 2131 patet.

413 2137 517 2174 Sicut
546 2145 674 2173 autem
703 2137 741 2173 in
771 2137 922 2173 Christo
951 2136 1150 2185 plenitudo
1178 2135 1318 2184 gratiae
1346 2143 1383 2172 et
1401 2135 1475 2172 vir—

411 2190 499 2226 tutis
518 2190 681 2226 excludit
700 2190 843 2238 peccati
867 2189 1052 2236 fomitem,
1069 2189 1119 2226 ita
1138 2189 1336 2238 plenitudo
1356 2188 1475 2226 scien-

412 2243 484 2279 tiae
513 2243 676 2279 excludit
713 2242 984 2291 ignorantiam,
1015 2254 1114 2291 quae
1144 2241 1319 2279 scientiae
1353 2253 1475 2291 oppo-

413 2295 524 2332 nitur.
563 2296 694 2341 Unde,
733 2296 829 2333 sicut
866 2296 905 2332 in
944 2295 1095 2332 Christo
1133 2307 1213 2332 non
1249 2294 1318 2332 fuit
1353 2295 1476 2332 fomes

412 2348 567 2398 peccati,
598 2349 647 2386 ita
674 2361 753 2386 non
781 2349 849 2386 fuit
877 2349 916 2386 in
945 2361 991 2386 eo
1020 2348 1242 2396 ignorantia.

466 2403 522 2439 AD
551 2414 684 2439 PRIMUM
713 2415 810 2439 ERGO
830 2414 1011 2439 DICENDUM
1031 2402 1139 2450 quod
1167 2409 1303 2438 natura
1325 2414 1348 2438 a
1368 2401 1476 2438 Chri-

414 2462 470 2491 sto
500 2463 694 2504 assumpta
722 2463 846 2505 potest
879 2454 1079 2504 dupliciter
1106 2453 1348 2491 considerari.
1388 2455 1476 2492 Uno

414 2508 551 2554 modo,
582 2509 797 2545 secundum
825 2507 1013 2545 rationem
1042 2519 1134 2544 suae
1163 2506 1313 2556 speciei.
1344 2507 1392 2543 Et
1420 2519 1476 2544 se-

415 2561 584 2598 cundum
620 2562 695 2598 hoc
723 2561 812 2598 dicit
839 2562 1103 2598 Damascenus
1138 2572 1222 2597 eam
1260 2572 1342 2596 esse
1370 2562 1477 2609 igno-

415 2620 558 2651 rantem
588 2620 620 2650 et
646 2615 827 2651 servilem.
856 2614 968 2651 Unde
998 2613 1142 2650 subdit:
1172 2614 1277 2650 Nam
1295 2625 1403 2651 serva
1428 2619 1478 2650 est

469 2747 496 2779 α)
516 2751 541 2772 et
561 2747 586 2772 in
608 2747 702 2771 umbra
722 2746 823 2771 mortis.
842 2760 860 2764 —
878 2745 897 2769 F
918 2750 942 2769 et
962 2745 1047 2775 tertia;
1068 2744 1162 2769 mort1's
1182 2748 1207 2769 et
1227 2745 1328 2770 umbra.

471 2782 495 2815 β’)
517 2783 576 2807 Dei.
596 2797 614 2801 -
634 2782 686 2807 Dei
703 2781 804 2807 scilicet
823 2781 851 2806 Ρ.

470 2818 496 2851 γ)
516 2825 576 2850 qua.
594 2833 614 2837 —
631 2825 648 2842 a
667 2823 693 2842 et
712 2817 785 2842 tertia
804 2821 906 2849 praeter
924 2816 962 2846 G3
982 2823 1042 2848 quo.

1518 705 1664 754 quidem
1683 706 1843 742 hominis
1862 710 1996 743 natura
2015 708 2092 743 eius
2118 707 2182 756 qui
2196 707 2292 756 fecit
2313 709 2444 757 ipsam,
2463 707 2538 747 Dei
2549 706 2580 755 β,

1517 764 1551 795 et
1569 770 1644 795 non
1663 758 1771 795 habet
1778 758 2001 806 futurorum
2020 761 2283 809 cognitionem.
2304 783 2330 787 -
2349 761 2435 798 Alio
2459 762 2581 800 modo

1518 818 1641 860 potest
1669 810 1900 849 considerari
1919 812 2135 849 secundum
2163 812 2256 850 illud
2275 814 2382 863 quod
2401 814 2516 852 habet
2534 827 2582 852 ex

1518 863 1662 901 unione
1691 863 1740 900 ad
1768 863 2006 914 hypostasim
2035 863 2223 912 divinam,
2253 878 2299 903 ex
2326 879 2405 916 qua
2423 872 2439 895 Υ
2466 867 2582 905 habet

1517 916 1798 966 plenitudinem
1832 917 2008 954 scientiae
2037 925 2074 954 et
2100 918 2260 966 gratiae:
2298 920 2515 958 secundum
2542 920 2582 958 il-

1519 970 1584 1006 lud
1613 971 1716 1006 Ioan.
1747 969 1813 1006 1⁵⁸:
1851 969 2015 1008 Vidimus
2042 983 2138 1016 eum,
2164 973 2270 1020 quasi
2299 972 2540 1023 Unigenitum
2559 986 2583 1012 a

1517 1023 1649 1069 Patre,
1673 1023 1829 1072 plenum
1865 1024 2013 1073 gratiae
2039 1028 2073 1060 et
2099 1025 2270 1062 veritatis.
2309 1024 2358 1062 Et
2389 1026 2466 1063 hoc
2499 1038 2583 1064 mo-

1518 1075 1569 1112 do
1598 1082 1735 1112 natura
1768 1076 1941 1113 humana
1968 1075 2008 1112 in
2037 1076 2190 1114 Christo
2223 1077 2476 1126 ignorantiam
2503 1091 2584 1117 non

1519 1127 1664 1165 habuit.

1572 1182 1630 1218 AD
1658 1193 1847 1218 SECUNDUM
1875 1193 2056 1219 DICENDUM
2094 1183 2201 1232 quod
2239 1182 2413 1221 Christus
2449 1183 2586 1222 dicitur

1520 1245 1599 1271 non
1627 1233 1781 1271 novisse
1808 1241 2030 1283 peccatum,
2060 1235 2151 1284 quia
2186 1235 2345 1273 nescivit
2371 1249 2441 1287 per
2472 1249 2586 1289 expe.-

1521 1285 1707 1324 rientiam.
1747 1286 1864 1324 Scivit
1898 1295 2026 1324 autem
2056 1300 2126 1337 per
2154 1287 2367 1338 simplicem
2399 1290 2585 1328 notitiam.

1573 1341 1630 1376 An
1658 1351 1817 1377 TERTIUM
1853 1351 2035 1378 DICENDUM
2073 1341 2181 1390 quod
2217 1342 2410 1392 Propheta
2445 1342 2498 1380 ibi
2531 1345 2586 1382 lo-

1521 1392 1651 1442 quitur
1678 1393 1725 1430 de
1754 1393 1927 1430 humana
1956 1393 2095 1431 Christi
2123 1394 2289 1432 scientia.
2319 1394 2419 1433 Dicit
2445 1407 2536 1445 ergo
2555 1393 2585 1434 δι

1520 1447 1730 1495 Antequam
1757 1447 1848 1483 sciat
1869 1458 1979 1496 puer,
2007 1446 2146 1484 scilicet
2173 1448 2389 1486 secundum
2409 1448 2587 1487 humani-

1521 1506 1650 1545 tatem,
1670 1511 1808 1536 vocare
1829 1505 1978 1548 patrem
1996 1513 2116 1547 suum,
2137 1501 2288 1550 Ioseph,
2308 1501 2376 1550 qui
2393 1509 2502 1551 pater
2519 1501 2589 1540 fuit

1522 1551 1691 1601 putative
1711 1557 1735 1598 ⁸,
1765 1558 1798 1589 et
1825 1557 1983 1590 matrem
2009 1565 2130 1600 suam,
2160 1553 2297 1591 scilicet
2324 1553 2504 1601 Mariam,
2522 1567 2588 1593 au-

1511 1606 1662 1653 feretur
1678 1605 1866 1654 sortitudo
1893 1606 2083 1643 Damasci.
2115 1607 2235 1653 Quod
2262 1619 2343 1644 non
2371 1615 2427 1644 est
2453 1606 2507 1645 sic
2533 1607 2589 1645 in-

1522 1657 1770 1707 telligendum
1799 1658 1908 1708 quasi
1937 1658 2144 1708 aliquando
2171 1659 2282 1697 fuerit
2309 1660 2431 1698 homo
2460 1669 2496 1698 et
2513 1661 2591 1699 hoc

1523 1710 1740 1757 nesciverit:
1780 1711 1859 1759 sed,
1888 1717 2087 1761 antequam
2114 1714 2216 1759 sciat,
2246 1712 2353 1760 idest,
2382 1721 2591 1763 antequam

1524 1764 1590 1802 fiat
1618 1765 1739 1801 homo
1763 1764 1959 1803 scientiam
1979 1765 2126 1802 habens
2154 1766 2380 1813 humanam,
2400 1766 2592 1815 auferetur

1524 1819 1597 1864 vel,
1627 1817 1676 1854 ad
1704 1817 1877 1864 litteram,
1895 1818 2082 1866 fortitudo
2109 1815 2297 1856 Damasci
2316 1825 2349 1856 et
2374 1819 2493 1869 spolia
2522 1816 2591 1869 Sa-

1525 1872 1680 1917 mariae,
1697 1883 1769 1920 per
1796 1883 1926 1921 regem
1944 1872 2212 1920 Assyriorum,·
2238 1873 2312 1918 vel,
2338 1870 2590 1921 spiritualiter,

1525 1923 1627 1973 quia,
1658 1924 1823 1961 nondum
1852 1930 1969 1970 natus,
1989 1925 2171 1974 populum
2198 1937 2306 1962 suum
2333 1925 2414 1962 sola
2442 1927 2591 1964 invoca-

1526 1979 1624 2014 tione
1649 1977 1816 2023 salvabit,
1839 1984 1882 2014 ut
1910 1977 2047 2015 Glossa
2065 1977 2085 1999 '¹‘
2113 1977 2341 2028 Hieronymi
2369 1978 2536 2028 exponit.

1579 2029 1816 2078 Augustinus
1853 2037 2005 2076 tamen,
2035 2030 2073 2067 in
2103 2031 2290 2068 Sermone
2328 2032 2374 2068 de
2399 2033 2533 2082 Epiph.
2552 2031 2591 2079 ³⁸,

1528 2082 1616 2120 dicit
1644 2084 1721 2120 hoc
1749 2095 1831 2120 esse
1868 2085 2106 2132 completum
2134 2083 2173 2120 in
2201 2084 2424 2121 adoratione
2459 2085 2593 2134 Mago-

1529 2148 1628 2173 rum.
1659 2135 1722 2173 Ait
1740 2136 1862 2173 enim:
1891 2137 2102 2186 Antequam
2120 2149 2188 2186 per
2215 2138 2419 2175 humanam
2439 2150 2593 2175 carnem

1529 2191 1695 2227 humana
1713 2190 1828 2227 verba
1841 2190 2044 2239 proferret,
2060 2191 2200 2240 accepit
2217 2191 2387 2228 virtutem
2401 2191 2592 2244 Damasci,

1528 2243 1663 2280 scilicet
1690 2242 1844 2288 divitiaS‚
1869 2243 1906 2279 in
1937 2244 2066 2292 quibus
2083 2243 2292 2281 Damascus
2313 2245 2596 2293 praesumebam:

1530 2298 1567 2333 in
1596 2296 1727 2334 divitiis
1754 2301 1877 2334 autem
1899 2297 2132 2346 principatus
2150 2309 2246 2334 auro
2264 2297 2440 2345 defertur.
2467 2297 2596 2347 Spolia

1529 2361 1618 2387 vero
1639 2350 1835 2386 Samariae
1861 2349 1971 2386 iidem
1995 2351 2066 2399 ipsi
2091 2355 2206 2386 erant.
2237 2351 2412 2387 Samaria
2435 2361 2524 2387 nam

1525 2415 1599 2451 pro
1618 2402 1826 2439 idololatria
1841 2403 2017 2451 ponitur.-
2043 2402 2117 2439 illic
2135 2403 2233 2439 enim
2248 2403 2411 2452 populus
2429 2402 2481 2439 ad
2497 2403 2513 2439 i
2557 2402 2596 2441 la

1530 2455 1686 2492 colenda
1722 2466 1921 2491 conversus
1955 2460 2015 2491 est.
2052 2454 2164 2492 Haec
2191 2466 2284 2505 ergo
2313 2457 2442 2504 prima
2477 2451 2595 2506 spolia

1525 2520 1624 2557 puer
1651 2507 1883 2544 idololatriae
1918 2506 2087 2544 detraxit.
2117 2508 2166 2544 Et
2193 2507 2410 2545 secundum
2437 2508 2514 2546 hoc
2539 2506 2596 2547 ine

1530 2559 1721 2608 telligitur:
1760 2566 1959 2609 antequam
1992 2562 2083 2598 sciat
2104 2573 2222 2610 puer,
2252 2561 2368 2609 idest,
2398 2568 2597 2611 antequam

1531 2613 1696 2650 ostendat
1721 2625 1762 2650 se
1786 2615 1892 2650 scire.

1588 2744 1614 2814 ἓξ
1631 2751 1750 2812 ῗζὲεῗὴ...
1760 2745 1892 2812 ἓΐίΐϋῗὲ.
1904 2795 1924 2799 -
1941 2781 2040 2806 scilicet
2055 2781 2147 2813 Ioseph
2162 2782 2209 2814 qui
2222 2785 2304 2814 pater
2317 2782 2374 2808 eius
2384 2782 2443 2816 suit
2458 2783 2600 2815 putativa

1535 2815 1568 2846 1²3
1588 2816 1688 2841 scilicet
1707 2816 1783 2840 etiam
1803 2821 1887 2841 cetera
1906 2818 1994 2846 tertia;
2014 2816 2114 2842 scilicet
2131 2823 2190 2842 ante
2208 2817 2328 2843 Mariam
2346 2825 2400 2844 om.
2420 2819 2458 2844 bc.

1091 2903 1425 2937 commentaria
1449 2903 1702 2936 Car-danaus
1725 2905 1924 2937 Caietam

424 3004 585 3067 Taunus
616 2995 716 3025 clarus
740 2999 795 3025 est.
812 3013 834 3016 —
857 2994 891 3024 ln
916 3003 1051 3034 corpore
1075 3003 1139 3024 una
1163 2999 1209 3024 est
1233 2994 1414 3024 conclusio:
1440 2993 1478 3024 In
1533 2999 1662 3030 nuntiat,
1680 2993 1762 3025 duae
1778 2995 1899 3035 primae
1923 2995 2121 3026 conveniunt
2136 2995 2170 3026 in
2185 2996 2249 3027 hoc
2265 2995 2354 3036 quod
2376 2995 2410 3037 ly
2429 3001 2599 3038 antequam

484 3039 609 3068 Christo
627 3039 772 3080 nonfuit
788 3038 986 3080 ignorantia.
1005 3037 1170 3068 Probatur.
1187 3037 1276 3068 Sicut
1298 3038 1331 3068 in
1351 3037 1479 3068 Christo
1529 3047 1614 3078 puer
1636 3038 1718 3069 sciat
1735 3043 1917 3079 exponunt:
1942 3041 2122 3080 Antequam
2136 3039 2227 3071 Deus
2230 3039 2300 3082 fiat
2307 3050 2395 3081 puer
2407 3039 2521 3076 aciem,
2536 3040 2600 3072 hoc

423 3082 482 3112 fuit
500 3082 664 3122 plenitudo
689 3084 802 3122 gratiae
827 3088 857 3112 et
880 3083 1011 3117 virtutis,
1037 3083 1079 3112 ita
1102 3082 1162 3112 fuit
1185 3081 1352 3122 plenitudo
1377 3083 1482 3112 omnis

424 3127 580 3156 scientiae.
611 3126 710 3165 Ergo,
740 3127 821 3156 sicut
847 3128 948 3166 prima
975 3126 1142 3166 plenitudo
1171 3126 1308 3157 excludit
1335 3126 1483 3157 fomitem

425 3170 555 3209 peccati,
572 3170 613 3199 ita
630 3169 767 3199 secunda
791 3170 928 3200 excludit
951 3171 1170 3210 ignorantiam.
1196 3170 1281 3210 Ergo
1305 3171 1338 3201 in
1355 3170 1481 3202 Christo

426 3223 491 3243 non
516 3213 574 3243 fuit
598 3213 784 3252 ignorantia.

482 3257 584 3286 Prima
601 3258 827 3296 consequentia
844 3258 1004 3297 probatur.
1018 3258 1102 3295 Quia
1114 3260 1290 3299 ignorantia
1307 3260 1484 3301 opponitur

428 3300 616 3339 plenitudini
633 3301 790 3330 scientiae.
814 3319 835 3322 -
859 3301 1018 3331 Secunda:
1042 3304 1116 3341 quia
1132 3313 1198 3334 non
1216 3304 1273 3334 fuit
1289 3303 1392 3335 fomes
1409 3314 1483 3345 pec-

430 3345 488 3373 cati
513 3345 543 3373 in
569 3344 705 3374 Christo.

486 3387 519 3417 11.
546 3387 578 3417 ln
603 3388 810 3427 responsione
835 3387 873 3418 ad
896 3389 1039 3423 tertium,
1065 3389 1203 3426 adverte,
1228 3391 1369 3428 Novstie,
1395 3392 1484 3433 quod

431 3431 525 3460 trium
556 3432 791 3471 expositionum
815 3431 984 3461 verborum
1011 3432 1103 3463 Isaiae
1134 3443 1214 3473 quae
1243 3435 1274 3465 in
1299 3436 1399 3466 littera
1426 3446 1484 3476 po-

1535 3088 1595 3118 est,
1619 3083 1798 3123 Antequam
1822 3083 2011 3115 incarnetur
2037 3084 2156 3115 habens
2179 3089 2313 3115 matrem
2343 3089 2375 3115 et
2390 3089 2519 3126 patrem
2536 3094 2601 3126 pu-

1535 3127 1679 3158 tativum.
1719 3127 1753 3157 In
1776 3128 1839 3158 hoc
1864 3128 1950 3158 enirn
1973 3138 2068 3159 sensu
2090 3127 2271 3160 verificatur
2296 3133 2362 3159 tam
2383 3128 2525 3159 litteralis
2547 3137 2600 3159 ex-

1535 3171 1671 3211 positio,
1696 3171 1786 3212 quod
1809 3181 1862 3202 rex
1886 3172 2091 3213 Assyriorum
2119 3172 2256 3204 auferret
2278 3171 2380 3214 spolia
2403 3178 2476 3203 ante
2498 3173 2600 3204 incar-

1535 3216 1700 3246 nationem
1716 3215 1786 3246 Filii
1810 3216 1888 3253 Dei;
1914 3226 2011 3257 quam
2027 3217 2205 3258 spiritualis,
2222 3215 2312 3258 quod
2326 3215 2426 3248 Filius
2441 3215 2511 3253 Dei,
2527 3221 2600 3248 ante

1536 3260 1788 3290 incarnationem
1812 3261 1989 3297 invocatus,
2013 3261 2145 3292 salvaret
2167 3259 2328 3302 populum
2351 3269 2456 3292 suum.

1592 3304 1699 3335 Tertia
1718 3310 1826 3335 autem
1849 3311 1922 3345 post
1938 3306 2190 3336 incarnationem
2213 3305 2356 3346 exponit:
2375 3304 2464 3345 quod
2479 3304 2512 3346 ly
2527 3309 2602 3335 ante

1538 3348 1620 3423 {gigaat
1643 3348 1789 3379 ordinem
1813 3350 1966 3390 temporis
1990 3349 2168 3380 secundum
2183 3354 2318 3380 aetatem
2334 3348 2511 3380 infantilem
2531 3348 2602 3380 Iesu

1591 3393 1665 3423 risti.

1382 3545 1644 3552 mxcxam.xv

2622 1985 2632 1995 ¹
2642 1982 2746 2006 Interliu.

2619 2036 2832 2093 aaran

2619 2097 2671 2119 cap.
2685 2097 2712 2114 n.
