2872 3970
130 3171 194 3235 aff

144 3338 163 3359 2>

120 665 137 707 2
156 681 158 685 '
217 684 369 715 structa.

123 1430 146 1439 ,.

119 1446 189 1465 *¹1*
217 1442 250 1469 a}

141 2495 143 2498 ’
156 2481 191 2530 '35³
222 2507 544 2559 putrefactionem
560 2514 577 2530 ²
592 2508 870 2559 disponuntur:
891 2508 994 2558 quia,
1009 2510 1207 2546 exhalante
1227 2521 1284 2546 ca-

899 283 1182 330 QUAESTIO
1209 285 1279 332 LI,
1310 284 1601 322 ARTICULUS
1629 285 1674 323 111

113 347 126 373 ³
143 369 188 392 ⁶¹
214 370 402 413 mmmmm
428 361 519 400 dicit
539 362 576 409 ⁷⁸²,
605 374 668 408 ne,
690 368 775 411 post
801 364 1117 408 resurrectionem,
1146 364 1272 399 ceteris
1328 377 1348 397 «
1370 363 1607 412 suffoderunt
1633 370 1785 410 terram,
1811 371 1845 401 et
1861 366 1987 413 furati
2010 372 2093 403 sunt
2119 378 2203 402 eum
2225 381 2259 412 »,
2286 366 2381 404 sicut

165 410 430 464 ›impone-ibus
464 416 759 461 remanentibus,
782 416 1011 452 surrexisse
1025 416 1120 452 alius
1144 417 1272 464 finge-

128 478 176 498 ‘v
216 473 340 507 mn-
354 468 475 505 Potest
501 472 624 504 autem
652 471 685 504 et
711 479 850 504 novum
874 467 1084 516 sepulcrum
1120 468 1274 505 Mariae

440 535 442 538 >
474 525 619 556 uterum
650 519 920 556 demonstrare
956 536 982 547 ἡ
1009 521 1082 558 Per
1112 521 1200 556 hoc
1223 528 1274 556 et·

195 583 294 624 m
321 571 433 609 datur
459 571 611 619 intelligi
637 572 744 620 quod
770 583 840 621 per
868 571 1006 608 Christi
1039 573 1275 621 sepulturam

217 635 354 663 omnes
395 626 639 670 innovamur,
686 631 810 661 morte
848 631 884 660 et
923 624 1168 674 corruptione
1210 625 1275 661 de-

269 730 315 767 ln
331 736 586 767 monumento
612 735 742 765 autem
769 729 888 766 deciso
917 731 954 766 in
968 736 1078 779 petra
1101 729 1276 766 conditus

122 765 145 797 ⁸*
175 773 178 776 ”
218 789 285 829 est,
304 789 347 819 ut
373 781 637 831 Hieronymus
655 780 744 818 dicit
761 780 793 828 *,
819 794 877 828 ne,
896 785 929 818 si
954 791 1026 818 ex
1021 783 1158 819 multis
1183 783 1276 831 lapi·
1282 798 1285 801 ·

217 834 322 873 dibus
347 834 430 872 aed
418 835 581 883 ficatum
599 834 744 882 fuisset,
772 835 903 871 tumuli
916 835 1178 882 fundamentis
1204 836 1277 882 suf—

214 875 334 934 fossis,
349 886 512 924 sublatus
516 886 629 934 furto
647 886 840 923 diceretur.
861 885 972 924 Unde
988 894 1024 924 et
1041 900 1178 924 saxum
1197 900 1276 925 ma—

216 951 351 990 gnum.
362 939 477 989 quod
499 938 722 988 appositum
747 939 827 985 fuit,
857 939 1009 977 ostendit
1037 952 1112 978 non
1140 942 1278 989 absque

217 993 360 1031 auxilio
375 992 624 1042 plurimorum
641 992 849 1041 sepulcrum
863 994 1024 1043 potuisse
1042 995 1204 1030 reserari
1214 993 1278 1029 “‘.—

127 1041 136 1048 ‘
215 1046 394 1116 &setiam
416 1045 574 1094 sepultus
587 1045 721 1093 ficisset
747 1046 785 1082 in
813 1050 925 1091 terra,
946 1046 1067 1082 dicere
1086 1051 1280 1095 poterant.-

2301 287 2378 335 489

1327 416 1562 464 Augustinus
1590 417 1678 453 dicit
1694 417 1725 454 ²¹⁶.
1753 439 1780 444 —-
1810 417 2050 466 Significatur
2073 426 2201 455 autem
2224 419 2380 468 mystice

1326 480 1396 517 per
1422 470 1508 515 hoc,
1538 477 1580 506 ut
1607 446 1774 506 Hilarius
1801 470 1890 507 dicit
1907 470 1938 517 *,
1968 472 2073 519 quod
2097 484 2169 520 per
2190 472 2380 521 Apostolo-

1328 532 1412 558 rum
1439 522 1646 559 doctrinam
1665 523 1703 559 in
1716 529 1843 583 pectus
1866 524 2021 560 duritiae
2047 525 2202 573 gentilis,
2223 525 2381 573 quodam
2441 536 2467 551 ⁴⁰

1328 572 1518 611 doctrinae
1543 585 1656 624 opere
1681 577 1864 621 excisum,
1898 577 2060 613 Christus
2088 578 2265 622 infertur.-
2292 578 2383 614 rude
2407 589 2454 610 <xxx

1328 627 1461 662 scilicet
1488 639 1533 664 ac
1552 639 1702 673 novum,
1723 629 1822 665 nullo
1851 635 1958 666 antea
1978 631 2145 679 ingressu
2172 632 2296 666 timori
2312 631 2384 666 Dei

1324 681 1508 728 pervium.
1543 681 1590 716 Et
1617 682 1703 729 quia
1738 681 1828 717 ni'hzl
1855 688 2020 730 oporteat
2044 688 2196 731 praeter
2230 694 2312 719 eum
2346 685 2381 718 in

1323 737 1478 781 pectora
1516 738 1640 769 nostra
1671 739 1889 782 penetrare,
1918 735 2011 782 lapis
2048 737 2136 771 ostio
2165 735 2380 772 advolvitur.

2457 589 2489 604 111.

1383 784 1442 829 Et,
1463 783 1564 820 sicut⁴
1578 783 1762 832 Origenes
1782 785 1869 822 dicit
1888 786 1918 832 ²¹⁴,
1940 799 2013 823 non
2032 789 2191 835 fortuito
2209 789 2382 837 scriptum
2411 796 2420 805 ·
2438 801 2451 816 n
2485 801 2499 816 a

1331 842 1401 873 est:
1430 851 1449 870 0«
1469 838 1604 886 Ioseph
1631 838 1782 875 involvit
1800 851 1934 888 corpus
1956 841 2090 876 Christi
2105 840 2259 877 sindone
2277 853 2382 877 mun-

1332 889 1391 934 da,
1411 895 1444 926 et
1456 891 1579 938 posuit
1602 892 1639 926 in
1663 898 1900 928 monumento
1919 905 2014 929 novo
2037 907 2070 938 »,
2091 900 2126 928 et
2150 893 2255 941 quod
2284 907 2303 927 «
2319 893 2383 930 ad-

1332 942 1442 980 volvit
1469 943 1627 991 lapidem
1654 955 1836 993 magnum
1858 958 1897 980 »2
1928 947 2012 993 quia
2038 947 2164 982 omnia
2185 957 2279 994 quae
2302 952 2384 982 sunt

1330 996 1435 1030 'circa
1462 1007 1596 1044 corpus
1622 997 1724 1042 Iesu,
1745 997 1884 1033 munda
1910 1004 2008 1044 sunt,
2029 1003 2061 1033 et
2089 1010 2201 1044 nova,
2222 1003 2254 1034 et
2278 998 2384 1035 valde

1333 1059 1486 1097 magna.

892 1148 1223 1183 Commentarius
1244 1150 1494 1184 Cardinalis
1515 1152 1716 1185 Caietam

138 1231 387 1312 “Tirinus
419 1238 508 1271 modi
538 1238 685 1272 nomine
692 1240 791 1269 utitur
820 1249 881 1279 pro
905 1237 1142 1270 conditionibus
1171 1239 1278 1270 obser—

271 1282 359 1315 vatis
376 1291 410 1314 m
433 1282 619 1325 sepeliendo
643 1291 759 1323 corpus
784 1282 911 1313 Chn'sti.

1332 1240 1365 1269 in
1387 1245 1485 1279 petra,
1510 1239 1674 1275 immobile
1698 1241 1879 1279 sepulcrum
1902 1241 2052 1277 reddens,
2083 1241 2122 1271 ad
2141 1234 2384 1281 perpetuitatem

1332 1284 1506 1313 testimonii
1529 1283 1568 1313 de
1591 1290 1694 1317 morte
1718 1284 1834 1314 Christi
1866 1284 1951 1324 apud
1974 1286 2142 1325 terrigenas
2166 1287 2384 1325 spectat.1Nec

236 1316 317 1359 WB}
335 1332 470 1368 corpore
501 1336 567 1358 una
589 1327 770 1358 conclusio:
805 1326 924 1357 Modus
951 1326 1136 1367 sepulturae
1161 1326 1280 1358 Christi
1333 1327 1439 1358 solum
1454 1327 1559 1357 testari
1581 1326 1660 1358 illud
1682 1326 1826 1358 videmus
1849 1334 1985 1359 mortem
2009 1328 2133 1365 Christi,
2150 1329 2205 1359 sed
2228 1330 2383 1366 virtutem,

247 1363 297 1403 Ὑί
307 1368 508 1407 conveniens,
533 1375 687 1412 quantum
710 1370 754 1401 ad
776 1371 850 1401 tria.
875 1369 993 1402 Omnia
1016 1370 1098 1401 clara
1120 1375 1203 1401 sunt.

1334 1380 1398 1410 qua
1409 1371 1514 1411 ipsum
1530 1371 1711 1411 sepulcrum
1723 1371 1803 1402 inter
1814 1372 1920 1403 hostes
1931 1371 2006 1403 fidei
2016 1373 2196 1414 gloriosum
2208 1375 2373 1404 servatur*

232 1407 312 1448 In
326 1415 536 1456 responsione
551 1414 591 1446 ad
614 1415 779 1463 ultimum,
795 1413 875 1445 adde
899 1413 988 1455 quod
1004 1414 1120 1446 excisio
1144 1414 1281 1456 sepulcri
1334 1415 1408 1445 Fuit
1432 1415 1517 1446 enim
1542 1421 1573 1445 et
1596 1421 1641 1445 est
1667 1421 1716 1446 tot
1738 1416 1869 1446 saeculis
1892 1417 1925 1446 in
1948 1417 2094 1447 manibus
2111 1416 2296 1448 infidelium.

1025 1566 1340 1609 ARTICULUS
1369 1567 1595 1608 TERTIUS

623 1659 780 1691 UTRUM
804 1658 972 1690 conpos
995 1659 1234 1706 CHRISTlfllN
1257 1659 1481 1690 SEPULCRO
1505 1660 1663 1691 FUERIT
1687 1660 1988 1692 INCINERATUM

382 1736 457 1767 Infra,
476 1744 521 1769 qu.
540 1743 593 1767 ιιιι,
612 1741 658 1761 art.
679 1743 703 1767 ι,
721 1736 754 1760 ad
774 1743 804 1766 1;
822 1736 854 1760 111
873 1736 956 1765 Sent„
975 1736 1033 1761 dist.
1052 1743 1101 1766 xxi,
1120 1743 1165 1769 qu.
1183 1743 1200 1767 1,
1220 1741 1266 1761 art.
1286 1743 1317 1766 2;
1339 1736 1483 1768 Compend.
1505 1736 1605 1765 Theol„
1624 1744 1679 1769 cap.
1698 1744 1818 1767 ccxxxxv;
1839 1737 1868 1761 In
1889 1737 1976 1767 Ioan„
1996 1745 2051 1770 cap.
2070 1746 2096 1768 ιι,
2116 1739 2172 1764 lect.
2191 1746 2228 1763 ιιι.

218 1957 226 1974 ,2
434 1935 622 1965 neretum.
662 1927 767 1965 Sicut
794 1927 899 1965 enim
935 1939 1041 1965 mors
1069 1935 1124 1965 est
1154 1940 1282 1987 poena

230 1972 398 2030 λῆθ’
398 1986 421 2013 x
433 1980 579 2030 peccati
605 1980 718 2030 primi
746 1980 934 2027 Parentis,
963 1980 1014 2018 ita
1045 1980 1161 2018 etiam
1193 1980 1282 2018 inci—

220 2032 399 2081 necatio:
433 2033 580 2071 dictum
617 2041 673 2070 est
707 2033 812 2072 enim
847 2032 974 2082 primo
1011 2033 1160 2071 homini
1196 2042 1283 2083 post

219 2090 446 2136 peecatum:
481 2086 622 2124 Pulvis
633 2098 690 2132 es,
719 2092 753 2123 et
779 2088 816 2122 in
839 2087 1034 2135 pulverem
1071 2089 1281 2133 reverteris,

226 2145 288 2178 ut
295 2137 432 2183 dicitur
462 2139 554 2176 Gen.
569 2151 602 2176 111
621 2138 651 2176 ²¹³.
682 2139 759 2176 Sed
789 2138 961 2176 Christus
988 2147 1155 2176 mortem
1173 2139 1281 2176 susti-

220 2190 325 2238 nuit
336 2199 379 2229 ut
405 2203 478 2230 nos
504 2204 528 2229 a
554 2199 678 2230 morte
706 2191 890 2230 liberaret.
919 2192 1021 2240 Ergo
1050 2192 1164 2229 etiam
1191 2192 1282 2230 inci-

222 2244 352 2291 aerari
378 2243 511 2282 debuit
545 2256 687 2293 corpus
715 2244 817 2292 eius,
846 2252 888 2281 ut
915 2255 987 2282 nos
1015 2245 1063 2282 ab
1100 2244 1282 2282 incinera-

222 2297 332 2342 tione
358 2295 542 2335 liberaret.

282 2361 318 2386 2.
346 2350 576 2394 PRAETEREA,
601 2361 742 2400 corpus
762 2350 900 2388 Christi
927 2350 995 2387 suit
1018 2350 1190 2388 eiusdem
1217 2363 1283 2388 na-

223 2409 335 2445 ‚natae
362 2414 453 2441 cum
481 2402 708 2452 corporibus
735 2403 883 2441 nostris.
920 2403 998 2441 Sed
1025 2415 1188 2452 corpora
1214 2416 1283 2440 no-

224 2461 308 2501 stra
330 2454 470 2499 statim,
482 2463 570 2506 post
596 2463 763 2494 mortem
794 2456 934 2494 resolvi
959 2456 1146 2505 incipiunt
1172 2464 1209 2493 et
1235 2457 1284 2494 ad

220 2560 313 2608 {fido
334 2560 508 2608 naturali,
527 2561 748 2611 supervenit
766 2563 869 2600 calor
895 2570 1108 2608 extraneus,
1129 2561 1195 2610 qui
1213 2574 1284 2610 pu-

223 2613 494 2661 trefactionem-
515 2622 657 2652 causat.
687 2614 959 2663 Ergovidetur
985 2615 1092 2664 quod
1117 2614 1286 2651 similiter

224 2665 459 2716 incorpore
487 2667 627 2705 Christi
654 2667 841 2705 acciderit.

284 2719 319 2760 3.
348 2720 578 2767 Pmmm,
598 2719 695 2758 sicut
711 2719 867 2758 ⁴dictum
895 2729 950 2758 est
968 2720 999 2767 *,
1029 2720 1212 2758 Ωιιιίεῖιιε,
1229 2733 1285 2757 se-

225 2771 339 2822 peliri
355 2772 477 2811 voluit
495 2780 547 2810 -ut
564 2773 671 2811 daret
688 2773 912 2811 hominibus
929 2786 1040 2823 spem
1066 2773 1286 2821 resurgendi

225 2823 350 2863 ,etiam
372 2825 421 2863 de
452 2825 646 2875 sepulcris.
685 2827 787 2875 Ergo
824 2826 938 2864 etiam
973 2825 1286 2863 incinerationem

222 2876 308 2927 ¹&ati
336 2877 478 2925 debuit,
507 2886 550 2916 ut
576 2889 685 2928 spem
713 2879 934 2928 resurgendi
961 2878 1287 2928 incineratis-post

227 2929 546 2977 incinerationem
572 2932 690 2969 daret.

257 2983 360 3021 SED
378 2995 525 3022 CONTRA
543 2995 608 3021 nsi·
622 2984 761 3033 quod
752 2995 792 3021 111
811 2985 966 3022 Psalmo
979 2983 999 3006 '¹‘
1017 2984 1171 3021 dicitur:
1196 2985 1286 3021 Non

124 3020 173 3085 ³¹3³,
225 3011 334 3078 dahis
362 3038 537 3079 Sanctum
565 3042 667 3074 tuum
700 3037 826 3075 videre
852 3038 1157 3085 corruptionem.-
1180 3037 1287 3095 quod

131 3103 183 3136 -»ιχ
190 3087 496 3132 Damascenus
523 3089 690 3138 exponit,
710 3089 750 3126 in
768 3090 820 3126 111
831 3089 928 3126 libro
946 3089 982 3134 ²¹⁶,
1011 3089 1059 3126 de
1078 3089 1287 3138 corruptio—

187 3166 196 3176 ,
229 3152 284 3180 ne
306 3153 410 3190 quae
437 3149 493 3179 est
519 3153 589 3190 per
615 3141 888 3179 resolutionem
916 3141 954 3178 in
983 3143 1180 3179 elementa.

179 3181 510 3240 ⁶21..-Rszsponnzo
529 3205 709 3232 DICENDUM
727 3194 835 3242 quod
853 3205 933 3234 non
961 3193 1030 3230 fuit
1056 3193 1288 3231 conveniens

228 3257 374 3296 §orpus
403 3245 541 3284 Christi
567 3246 773 3295 putrefieri,
802 3247 863 3283 vel
891 3258 1140 3305 quocumque
1167 3246 1288 3283 modo

227 3297 445 3347 incinerari.
475 3298 579 3346 Quia
602 3298 826 3348 putrefactio
854 3298 1134 3347 cuiuscumque
1153 3310 1288 3346 corpo-

360 1854 379 1863 ,
407 1847 410 1851 -
433 1835 457 1860 n
479 1834 638 1861 'mimum
657 1835 708 1860 sm
728 1835 962 1882 PRoCEDrrUR.
991 1823 1152 1860 Videtur
1174 1824 1280 1872 quod
1306 1823 1310 1874 Ι
1335 1836 1472 1863 unum.
1501 1825 1609 1861 Mors
1628 1831 1757 1862 autern
1778 1824 1927 1870 Christi,
1949 1824 2043 1861 sieut
2062 1837 2177 1873 supra
2195 1825 2215 1847 '³‘
2242 1825 2386 1863 dictum
2414 1833 2423 1842 ⁸
2441 1831 2478 1858 Qu

1337 1883 1410 1922 est,
1439 1888 1520 1912 non
1548 1876 1678 1913 debuit
1706 1888 1786 1913 esse
1814 1889 1905 1913 cum
1924 1875 1939 1906 β
1966 1877 2180 1913 infirmitate
2209 1885 2385 1924 naturae,

1335 1940 1385 1965 ne
1414 1929 1630 1965 crederetur
1648 1940 1729 1966 non
1756 1940 1837 1965 esse
1865 1929 2089 1966 voluntaria.
2119 1930 2166 1966 Et
2193 1929 2280 1967 ideo
2307 1942 2387 1967 non

1336 1992 1384 2018 ex
1410 1981 1562 2028 morbo,
1581 1981 1648 2018 sed
1667 1993 1714 2018 ex
1731 1981 1908 2030 passione
1936 1981 2034 2018 illata
2052 1981 2175 2019 voluit
2197 1982 2306 2029 mori,
2327 1983 2388 2020 cui

1337 2045 1377 2070 se
1405 2034 1540 2071 obtulit
1558 2042 1704 2082 sponte.
1733 2035 1782 2071 Et
1806 2034 1893 2071 ideo
1914 2035 2097 2081 Christus,
2116 2047 2166 2071 ne
2184 2047 2289 2072 mors
2307 2035 2388 2072 eius

1337 2094 1494 2123 naturae
1532 2086 1739 2123 infirmitati
1774 2086 2066 2131 adscriberetur,
2095 2086 2216 2124 noluit
2249 2099 2388 2136 corpus

1338 2151 1454 2179 suum
1473 2139 1801 2188 qualitercumque
1819 2139 2024 2188 putrefieri,
2041 2147 2106 2176 aut
2124 2139 2387 2188 qualitercum—

1337 2204 1413 2240 que
1432 2191 1590 2228 resolvi:
1617 2192 1694 2238 sed,
1715 2192 1764 2228 ad
1783 2191 2039 2228 ostensionem
2059 2191 2205 2228 virtutis
2223 2192 2385 2239 divinae,

1337 2244 1458 2282 voluit
1472 2256 1612 2293 corpus
1626 2244 1718 2281 illud
1737 2244 2000 2293 incorruptum
2019 2256 2255 2294 permanere.
2277 2246 2387 2282 Unde

1338 2297 1638 2346 chrysostomus
1656 2297 1744 2334 dicit
1762 2297 1782 2318 ‘¹‘
1810 2297 1928 2346 quod,
1951 2299 2149 2334 viventibus
2167 2298 2248 2333 aliis
2272 2299 2385 2334 homi-

1339 2352 1454 2397 nibus,
1474 2351 1528 2387 his
1546 2350 1679 2386 scilicet
1698 2351 1760 2398 qui
1777 2355 1930 2399 egerunt
1947 2355 2103 2395 strenue,
2124 2349 2287 2386 arrident
2300 2362 2387 2399 pro-

1332 2404 1420 2452 pria
1447 2409 1570 2452 gesta:
1596 2404 1650 2439 his
1669 2408 1789 2439 autem
1804 2404 2050 2451 pereuntibus,
2065 2409 2231 2451 pereunt.
2262 2403 2333 2439 Sed
2350 2405 2387 2439 in

1342 2457 1485 2492 Christo
1513 2461 1563 2492 est
1589 2461 1702 2492 totum
1730 2457 1977 2492 contrarium:
2004 2467 2092 2491 nam
2120 2461 2204 2491 ante
2227 2467 2386 2502 crucem,

1338 2510 1466 2546 omnia
1483 2515 1566 2545 sunt
1584 2514 1722 2545 maesta
1742 2514 1774 2544 et
1792 2509 1961 2555 infirma,·
1989 2513 2027 2543 ut
2049 2513 2170 2544 autem
2189 2509 2389 2555 crucifixus

1339 2567 1401 2607 est,
1421 2563 1548 2598 omnia
1575 2561 1736 2598 clariora
1762 2566 1845 2597 sunt
1858 2561 1978 2608 facta,
2005 2566 2043 2596 ut
2071 2571 2198 2596 noscas
2226 2572 2299 2596 non
2321 2572 2388 2609 pu·

1339 2627 1424 2651 rum
1451 2615 1638 2651 hominem
1665 2615 1897 2661 crucifixum.

1393 2668 1450 2704 AD
1479 2679 1612 2703 PRIMUM
1641 2678 1738 2703 ERGO
1765 2677 1944 2703 monimum
1973 2666 2077 2714 quod
2098 2665 2278 2710 Christus,
2299 2676 2389 2702 curn

1340 2732 1420 2757 non
1448 2727 1544 2756 esset
1578 2718 1768 2755 subiectus
1802 2726 1975 2767 peccato,
2005 2730 2130 2766 neque
2167 2717 2278 2754 morti
2313 2725 2390 2754 erat

1338 2772 1531 2810 obnoxius
1558 2783 1684 2820 neque
1712 2770 1982 2807 incinerationi.
2015 2769 2234 2807 Voluntarie
2262 2777 2390 2816 tamen

1341 2833 1506 2863 mortem
1533 2823 1709 2861 sustinuit
1735 2830 1890 2872 propter
1916 2830 2084 2859 nostram
2112 2823 2283 2866 salutem,
2302 2833 2389 2870 pro-

1337 2885 1424 2927 pter
1442 2883 1457 2906 Υ
1486 2877 1648 2913 rationes
1675 2888 1791 2924 supra
1808 2875 1828 2897 '²‘
1855 2875 1982 2912 dictas.
2022 2874 2062 2912 Si
2089 2882 2217 2911 autem
2251 2886 2390 2924 corpus
2418 2906 2426 2915 ,

1342 2931 1423 2967 eius
1442 2930 1570 2966 fuisset
1587 2928 1840 2978 putrefactum
1858 2929 1919 2964 vel
1938 2929 2158 2973 resolutum,
2179 2927 2296 2974 magis
2316 2927 2390 2963 hoc

1340 2983 1470 3020 fuisset
1505 2982 1544 3018 in
1577 2981 1847 3018 detrimentum
1883 2981 2075 3016 humanae
2112 2979 2257 3016 salutis:
2295 2979 2391 3016 dum

1341 3047 1429 3072 non.
1449 3035 1664 3071 crederetur
1699 3033 1738 3070 in
1767 3045 1813 3069 eo
1847 3044 1928 3069 esse
1956 3032 2075 3069 virtus
2102 3031 2241 3068 divina.
2279 3032 2390 3069 Unde

2414 2308 2425 2318 ⁸
2431 2308 2495 2329 Cone.
2505 2307 2553 2329 lud.
2563 2310 2586 2329 et

2414 2334 2479 2356 Gent.
2486 2351 2493 2360 ,
2522 2340 2567 2362 quo

2415 2361 2519 2383 Christus
2553 2367 2573 2381 ,ςι

2449 2393 2484 2412 us,
2499 2393 2528 2407 nu
2556 2402 2561 2407 .

2414 2414 2463 2440 (Ed.
2472 2413 2562 2440 Mignel.

2569 2334 2586 2414 “D-<Q

1343 3100 1389 3124 ex
1416 3098 1580 3136 persona
1608 3086 1688 3122 eius
1715 3085 1754 3122 in
1783 3086 1935 3122 Psalmo
1953 3084 1973 3107 *
1995 3085 2152 3121 dicitur:
2188 3085 2292 3126 Quae
2328 3086 2390 3120 uti·
2418 3093 2428 3140 J
2460 3099 2470 3114 s
2493 3098 2545 3113 ιιι
2569 3098 2619 3113 ιε»

1342 3141 1423 3177 litas
1442 3142 1480 3176 in
1506 3140 1690 3188 sanguine
1714 3150 1796 3174 meo
1824 3138 1911 3174 dum
1939 3137 2115 3174 descendo
2135 3139 2171 3173 in
2191 3137 2391 3186 corruptio-

1343 3191 1456 3229 nem?
1476 3191 1596 3239 Quasi
1616 3191 1731 3228 dicat:
1753 3192 1792 3227 Si
1809 3202 1942 3239 corpus
1959 3202 2082 3226 meum
2096 3195 2292 3238 putrescat,
2307 3201 2391 3238 per-

1343 3245 1448 3282 detur
1474 3243 1582 3292 effusi
1607 3245 1799 3293 sanguinis
1826 3243 1957 3279 utilitas
1975 3242 2005 3278 *.

1395 3298 1453 3334 AD
1484 3308 1672 3334 SECUNDUM
1707 3307 1887 3333 mensuum
1915 3295 2020 3343 quod
2057 3306 2196 3343 corpus
2232 3294 2391 3341 Christi,

228 3350 287 3399 13⁶8
308 3351 488 3401 provenit
506 3363 553 3389 ex
571 3350 788 3389 infirmitate
813 3359 971 3389 naturae
989 3350 1087 3388 iuius
1106 3350 1287 3399 corporis,
1343 3357 1534 3398 quantum
1558 3349 1609 3386 ad
1637 3348 1895 3385 conditionem
1923 3355 2079 3384 naturae
2106 3346 2302 3396 passibilis,
2322 3357 2392 3396 pu-

235 3415 334 3453 quae
371 3416 451 3441 non
487 3411 611 3454 potest
647 3403 811 3453 amplius
848 3415 987 3485 corpus
1024 3403 1217 3440 continere
1250 3403 1289 3439 in
1343 3401 1558 3439 trefactibile
1586 3401 1676 3438 suit:
1707 3401 1790 3438 licet
1818 3412 1897 3437 non
1925 3408 2112 3449 quantum
2141 3400 2188 3436 ad
2214 3399 2393 3436 meritum

229 3483 257 3501 Hx
288 3487 293 3497 s
321 3490 324 3494 ⁴
374 3475 376 3478 ⁵

329 3535 563 3568 putrefactionem.
580 3548 600 3553 -
614 3534 783 3567 putredinem
805 3534 845 3558 edi
847 3534 939 3559 tiones.

287 3532 315 3604 33
331 3577 401 3596 cum.
418 3584 438 3589 —
455 3570 516 3596 Om.
535 3571 567 3601 H,
585 3577 622 3595 ex
641 3575 723 3594 cetera
741 3569 822 3594 tertia.

375 3623 485 3648 Sonam:
497 3623 599 3648 Tenon.
617 3623 649 3648 D.
669 3622 784 3647 'rnomn
802 3622 835 3646 T.
853 3621 918 3646 Vlll.

1395 3531 1422 3565 γ)
1437 3534 1597 3564 μνορΐεν.-
1614 3531 1757 3557 secundum
1777 3530 1877 3556 PElsG.

2221 3615 2253 3640 62
