2872 3970
110 358 120 368 ·
134 358 170 379 De
184 357 243 378 Fide
254 357 322 378 Orth.

112 383 152 405 hb.
168 384 206 410 111,
227 389 276 411 cap.
293 389 323 404 vi.

354 278 403 315 92

351 358 425 384 nus
445 345 543 393 dicit,
564 345 604 382 in
627 346 673 382 111
692 344 788 382 libro
808 345 838 392 ’¹‘,
860 344 968 394 quod
990 345 1064 380 Dei
1088 345 1249 380 Verbum
1277 354 1414 380 assum-

346 401 419 448 psit
437 410 573 448 corpus
592 404 625 435 et
643 399 811 435 animam
831 397 1111 434 intellectualem
1127 402 1160 432 et
1175 395 1416 432 rationalem:

350 460 387 488 et
411 459 546 501 postea
568 449 713 488 subdit:
748 453 860 488 Totus
878 451 943 487 toti
960 451 1081 486 unitus
1100 454 1162 494 est,
1183 454 1220 484 ut
1238 449 1304 484 toti
1324 448 1418 492 mihi

348 505 502 535 salutem
530 505 726 547 gratificet,
746 503 852 544 idest,
872 501 984 544 gratis
1009 501 1119 535 faciat
1137 498 1168 533 ⁶:
1199 497 1299 544 quod
1315 498 1414 532 enim

349 550 636 600 inassumptibile
654 555 666 571 ι
695 555 756 595 est,
785 549 990 586 incurabile
1017 554 1077 584 est.

401 601 555 650 Tertio,
598 603 675 639 hoc
715 608 902 650 repugnat
942 599 1088 637 veritati
1129 599 1411 638 incarnationis.

349 655 453 693 Cum
480 655 582 692 enim
613 666 755 703 corpus
791 653 1106 703 proportionetur
1132 653 1284 690 animae
1318 652 1414 689 sicut

347 708 507 745 materia
533 707 711 757 propriae
739 707 897 753 formae,
917 718 999 743 non
1026 713 1082 742 est
1108 718 1201 742 vera
1229 717 1318 742 caro
1341 706 1412 742 hu-

347 773 466 798 mana
492 772 593 810 quae
612 771 693 796 non
721 766 777 796 est
794 759 961 808 perfecta
988 758 1118 795 anima
1137 759 1322 805 humana,
1343 757 1412 794 sci-

347 813 432 851 licet
459 812 643 851 rationali.
673 813 722 849 Et
748 811 848 859 ideo,
869 811 900 848 si
929 810 1103 848 Christus
1131 810 1303 847 animam
1331 809 1412 847 sine

346 874 475 904 mente
504 865 718 911 habuisset,
747 876 828 901 non
865 863 1060 900 habuisset
1086 875 1221 900 veram
1255 875 1412 900 carnem

346 920 572 964 humanam,
589 918 656 954 sed
676 929 832 954 carnem
851 915 1070 953 bestialem:
1092 915 1183 965 quia
1201 927 1270 965 per
1289 917 1412 953 solam

346 979 517 1008 mentem
545 970 675 1007 anima
701 978 831 1006 nostra
860 969 985 1006 differt
1012 969 1060 1006 ab
1089 969 1219 1005 anima
1253 968 1410 1006 bestiali.

345 1024 457 1062 Unde
493 1023 582 1060 dicit
616 1022 871 1070 Augustinus,
900 1021 940 1058 in
972 1021 1069 1059 libro
1103 1021 1411 1071 Octogintatrium

351 1078 496 1119 Quaest.
517 1076 548 1122 ³¹⁸,
578 1076 686 1125 quod
710 1075 927 1112 secundum
955 1075 1061 1112 hunc
1087 1086 1257 1111 errorem
1277 1086 1411 1124 seque-

344 1137 448 1166 retur
475 1128 584 1178 quod
611 1127 730 1165 Filius
757 1127 830 1165 Dei
857 1127 1005 1165 beluam
1041 1127 1229 1177 quandam
1257 1139 1343 1164 cum
1359 1129 1410 1176 fi-

343 1195 444 1232 gura
467 1183 624 1219 humani
649 1182 818 1230 corporis
834 1182 1057 1230 suscepisset.
1078 1202 1104 1207 -—
1133 1180 1253 1227 Quod
1271 1179 1410 1218 iterum

344 1243 531 1284 repugnat
567 1233 715 1271 veritati
750 1233 923 1280 divinae,
953 1245 1054 1282 quae
1089 1234 1236 1270 nullam
1269 1233 1411 1282 patitur

343 1287 508 1325 fictionis
535 1287 746 1325 falsitatem.

397 1341 454 1378 Ao
475 1353 610 1378 ramum
632 1351 730 1377 ERGO
749 1351 932 1376 D1CENDUM
951 1339 1070 1388 quod,
1087 1338 1154 1376 ubi
1173 1346 1229 1375 est
1247 1337 1330 1388 ipsa
1348 1350 1409 1376 res

343 1406 414 1443 per
441 1393 500 1431 sui
527 1392 800 1442 praesentiam,
829 1403 910 1429 non
938 1391 1144 1441 requiritur
1170 1391 1253 1428 eius
1280 1390 1407 1440 imago

344 1447 394 1483 ad
422 1447 498 1483 hoc
516 1446 624 1495 quod
644 1446 820 1494 suppleat
846 1446 979 1482 locum
1003 1444 1076 1481 rei:
1107 1444 1214 1491 sicut,
1234 1444 1302 1481 ubi
1330 1452 1410 1482 erat

344 1499 563 1548 imperator,
593 1497 729 1535 milites
757 1509 838 1534 non
866 1496 1180 1534 venerabantur⁵
1208 1497 1291 1534 eius
1315 1497 1408 1534 ima-

396 1633 421 1667 δ)
440 1633 583 1666 gratificet,
603 1632 678 1661 idest,
698 1632 786 1665 gratis
798 1631 897 1665 faciat.
909 1646 928 1650 —
945 1631 1095 1664 largiretur
1114 1631 1143 1656 P.

397 1669 419 1704 ε)
440 1668 657 1700 inassumptibile.
671 1682 690 1686 -
709 1668 902 1699 inassumptum
922 1667 996 1692 tertia
1015 1672 1116 1699 praeter
1135 1667 1167 1692 G.

1071 263 1334 311 QUAESTIO
1363 237 1736 310 v‚‘ART1cU1.Us
1763 264 1815 302 1v

1468 341 1609 389 ginem.
1640 343 1717 380 Sed
1742 350 1872 380 tamen
1898 343 2103 392 requiritur
2127 355 2219 381 cum
2239 344 2452 393 praesentia
2476 344 2531 382 rei

1469 394 1597 442 imago
1625 394 1745 443 ipsius
1771 403 1815 432 ut
1840 395 2061 445 perficiatur
2086 408 2133 433 ex
2161 395 2244 444 ipsa
2271 395 2326 433 rei
2352 409 2531 446 praesen-

1469 446 1538 484 tia:
1576 446 1673 484 sieut
1698 446 1826 494 imago
1853 447 1894 484 in
1921 460 2008 485 cera
2042 448 2240 496 perficitur
2270 460 2341 497 per
2371 448 2530 498 impres-

1469 498 1619 533 sionem
1647 496 1764 544 sigilli,
1784 505 1821 534 et
1847 499 1975 546 imago
2003 499 2172 536 hominis
2200 501 2354 537 resultat
2378 500 2419 538 in
2445 513 2530 550 spe—

1469 549 1556 585 culo
1571 560 1641 605 per
1659 548 1741 586 eius
1759 551 2026 598 praesentiam.
2051 552 2175 598 Unde,
2191 552 2240 589 ad
2254 551 2530 601 perficiendam

1468 601 1684 638 humanam
1711 609 1894 650 mentem,
1923 603 2183 641 necessarium
2210 604 2280 642 fuit
2307 605 2415 654 quod
2442 617 2530 644 eam

1467 652 1539 690 sibi
1566 653 1741 690 Verbum
1767 654 1841 692 Dei
1867 655 2002 693 univit.

1520 707 1578 743 An
1597 718 1787 744 secunaum
1804 719 1986 746 monimum
2014 709 2122 758 quod
2140 710 2207 747 lux
2226 709 2351 747 maior
2369 718 2530 748 evacuat

1466 759 1592 795 lucem
1631 758 1824 796 minorem
1861 760 2014 798 alterius
2051 761 2222 811 corporis
2259 762 2527 809 illumInantis:

1466 823 1547 848 non
1575 819 1706 848 tamen
1733 819 1905 859 evacuat,
1935 814 2003 850 sed
2029 814 2179 863 perficit
2206 815 2332 852 lucem
2357 815 2529 865 corporis

1467 863 1680 901 illuminati.
1710 864 1772 902 Ad
1798 865 2054 914 praesentiam
2082 866 2186 904 enim
2219 867 2308 905 solis
2335 869 2529 906 stellarum

1466 917 1531 954 lux
1560 916 1805 954 obscuratur:
1841 918 1910 955 sed
1937 918 2034 956 aeris
2067 920 2200 956 lumen
2227 919 2433 969 perficitur.
2469 922 2528 958 In·

1465 970 1634 1006 tellectus
1662 977 1793 1006 autem
1820 982 1889 1007 seu
1916 983 2028 1008 mens
2055 971 2225 1009 hominis
2253 980 2308 1009 est
2335 972 2445 1022 quasi
2463 975 2529 1011 lux

1464 1021 1677 1060 illuminata
1704 1035 1727 1059 a
1754 1023 1839 1059 luce
1867 1022 1987 1060 divini
2014 1023 2142 1061 Verbi.
2179 1025 2228 1061 Et
2255 1024 2342 1062 ideo
2376 1037 2447 1074 per
2472 1027 2528 1063 lu-

1465 1087 1551 1112 cem
1570 1074 1690 1112 divini
1710 1081 1728 1102 η
1754 1075 1871 1112 Verbi
1890 1087 1971 1113 non
1990 1084 2200 1114 evacuatur
2217 1089 2328 1114 mens
2346 1077 2527 1127 hominis,

1465 1127 1532 1164 sed
1561 1127 1682 1176 magis
1709 1127 1917 1177 perficitur.

1517 1181 1575 1217 AD
1602 1193 1762 1218 TERTmM
1789 1193 1971 1219 mensuum
1999 1182 2125 1231 quod,
2154 1181 2240 1220 licet
2275 1182 2446 1232 potentia
2472 1182 2528 1221 in-

1463 1233 1649 1271 tellectiva
1685 1245 1766 1270 non
1803 1233 1850 1270 sit
1885 1234 2045 1272 alicuius
2082 1235 2254 1284 corporis
2290 1243 2417 1283 actus,
2446 1235 2530 1286 ipsa

1463 1294 1594 1323 tamen
1613 1286 1776 1323 essentia
1794 1286 1947 1324 animae
1967 1288 2174 1336 humanae,
2195 1299 2296 1338 quae
2322 1295 2378 1325 est
2404 1289 2529 1326 forma

1463 1338 1656 1388 corporis,
1686 1338 1892 1389 requiritur
1927 1341 2036 1389 quod
2073 1340 2119 1378 sit
2155 1340 2340 1389 nobilior,
2370 1341 2419 1378 ad
2452 1341 2530 1379 hoc

1463 1391 1570 1442 quod
1598 1391 1739 1430 habeat
1765 1391 1978 1441 potentiam
2006 1392 2249 1442 intelligendi.
2279 1394 2328 1431 Et
2354 1393 2442 1431 ideo
2461 1406 2528 1432 ne·

1462 1457 1589 1534 cessed
1605 1452 1660 1482 est
1694 1453 1736 1482 ut
1772 1457 1913 1495 corpus
1949 1445 2088 1484 melius
2123 1445 2354 1496 dispositum
2397 1445 2432 1483 ei
2471 1459 2527 1485 re-

1463 1509 1562 1546 spon
1591 1506 1663 1535 eat.

1517 1629 1543 1664 ζ)
1563 1631 1608 1656 ubi
1625 1635 1712 1657 erat...
1730 1631 1936 1657 venerabantur.
1948 1646 1967 1650 -
1986 1632 2030 1658 ubi
2048 1635 2114 1658 est...
2133 1636 2296 1659 venerantur
2314 1634 2343 1660 P.

1518 1665 1546 1701 η)
1565 1667 1649 1691 lucem
1669 1666 1761 1692 divini.
1774 1680 1793 1685 —
1806 1667 1992 1699 praesentiam
2011 1668 2094 1694 tertia.

1019 1746 1355 1779 Commentaria
1378 1745 1631 1778 cardinalis
1653 1746 1856 1780 Caietani

404 1839 511 1860 nutus
534 1829 653 1859 clarus:
678 1831 808 1868 propter
833 1826 1052 1866 Apollinarem
1075 1830 1197 1861 motus,
1223 1825 1407 1855 convictum

346 1843 444 1905 Tad
477 1872 697 1904 confitendum
727 1872 761 1901 in
793 1870 920 1901 Christo
953 1870 1108 1905 animam,
1141 1875 1172 1899 et
1199 1868 1407 1899 confitentem

343 1919 483 1950 animam
507 1917 688 1947 sensitivam
711 1916 745 1945 in
769 1915 907 1950 Christo,
927 1914 982 1944 sed
1001 1923 1068 1944 non
1083 1918 1236 1949 mentem,
1254 1913 1309 1943 sed
1332 1913 1406 1943 loco

342 1963 458 1994 mentis
473 1962 634 1997 Verbum;
658 1966 694 1990 ut
711 1960 808 1989 habes
824 1959 857 1989 in
873 1959 916 1988 IV
934 1958 1058 1988 Contra
1076 1957 1202 1993 Gentes,
1219 1967 1288 1998 cap.
1302 1967 1407 1994 xxxm,

343 2013 374 2038 et
397 2007 430 2037 in
453 2006 564 2036 littera.

397 2051 432 2081 In
457 2059 592 2090 corpore
615 2048 737 2079 articuli
759 2047 826 2078 duo
849 2046 949 2077 fiunt:
971 2046 1088 2086 primo,
1104 2046 1236 2086 ponitur
1258 2055 1345 2076 error
1363 2046 1407 2076 A-

340 2095 625 2135 pollinaristarum;
650 2091 803 2128 secundo,
824 2091 1001 2122 excluditur
1016 2091 1188 2130 tripliciter.
1213 2090 1254 2120 Et
1268 2091 1407 2120 rationes

340 2139 488 2170 videntur
511 2139 583 2168 satis
607 2137 718 2167 clarae.
753 2136 788 2166 In
810 2136 913 2176 prima
935 2141 1052 2170 tamen,
1077 2134 1204 2165 adverte
1227 2133 1318 2174 quod
1339 2144 1407 2164 non

341 2182 417 2213 dicit
439 2183 562 2213 Auctor
584 2181 827 2212 admirationem
851 2189 918 2210 esse
938 2185 1044 2210 actum
1067 2179 1213 2209 rationis:
1239 2177 1295 2209 sed
1318 2178 1408 2218 quod

341 2227 436 2267 exigit
456 2227 622 2263 rationem,
647 2225 725 2256 dum
741 2225 860 2264 absque
876 2224 998 2254 ratione
1015 2223 1162 2254 collativa
1185 2222 1315 2254 effectus
1332 2232 1406 2253 cum

341 2281 435 2301 causa
458 2281 525 2302 esse
548 2280 616 2301 non
639 2274 754 2310 potest.

1517 1825 1554 1856 11.
1579 1825 1615 1856 In
1645 1827 1856 1866 responsione
1886 1825 1926 1857 ad
1955 1825 2150 1863 secundum,
2181 1828 2326 1868 perspice
2356 1829 2446 1869 quod
2474 1830 2530 1862 lux

1461 1870 1564 1900 maior
1586 1869 1701 1900 dicitur
1724 1869 1880 1900 offuscare
1902 1871 2073 1907 minorem,
2097 1880 2165 1901 non
2189 1871 2297 1911 quoad
2320 1873 2529 1905 substantiam

1460 1914 1556 1950 lueis,
1581 1913 1637 1944 sed
1660 1913 1769 1954 quoad
1792 1913 1958 1944 effectum:
1992 1915 2067 1954 quia
2089 1914 2165 1945 facit
2186 1925 2254 1946 non
2277 1925 2428 1956 apparere
2452 1917 2528 1949 effe-

1461 1963 1549 1988 ctum
1572 1958 1715 1994 minoris,
1740 1967 1815 1988 cum
1838 1958 1917 1988 nihil
1934 1958 2025 1989 tollat
2040 1968 2058 1988 a
2073 1958 2146 1989 luce
2160 1960 2295 1990 minore.
2319 1960 2438 1999 Quoad
2452 1962 2527 1993 sub-

1461 2003 1607 2032 stantiam
1630 2011 1706 2032 vero
1730 2002 1785 2032 lux
1807 2003 1910 2032 maior
1931 2001 2056 2042 perficit
2082 2003 2258 2040 minorem,
2282 2003 2430 2044 augendo
2451 2005 2526 2037 effe-

1461 2051 1549 2076 ctum
1571 2046 1666 2076 illius.
1690 2046 1755 2076 Aer
1778 2047 1864 2077 enim
1886 2046 2083 2077 illuminatus
2105 2057 2124 2077 a
2146 2047 2294 2084 candela,
2318 2057 2393 2079 cum
2416 2058 2527 2090 super-

1461 2090 1658 2120 illuminatur
1681 2100 1699 2120 a
1722 2090 1807 2126 sole,
1831 2099 1899 2121 non
1921 2090 2026 2131 perdit
2047 2092 2135 2131 prius
2157 2092 2284 2128 lumen,
2313 2091 2370 2123 sed
2392 2094 2527 2134 acquirit

1461 2135 1563 2164 maius
1586 2134 1707 2164 lumen.
1730 2134 1876 2174 Augetur
1899 2135 1985 2165 enim
2008 2135 2119 2166 lumen
2141 2145 2179 2166 ex
2198 2137 2375 2176 praesentia
2396 2137 2526 2169 maioris

1460 2179 1556 2208 lucis:
1582 2177 1672 2218 quod
1695 2179 1728 2208 in
1750 2178 1853 2209 littera
1874 2184 2007 2209 vocatur
2023 2179 2150 2220 perfici.
2174 2179 2268 2212 Unde
2286 2189 2355 2211 non
2369 2186 2444 2212 sunt
2459 2181 2525 2214 duo

1461 2222 1583 2253 lumina
1605 2223 1639 2253 in
1663 2222 1795 2253 eodem:
1820 2222 1876 2253 sed
1898 2222 1984 2254 idem
2007 2223 2188 2264 perfectius.
