2872 3970
60 1299 74 1329 Ξ
82 1301 127 1329 Cf.
142 1308 206 1324 num.
219 1308 258 1324 vn.

57 1734 125 1765 PC(
141 1743 204 1760 uum.
215 1744 240 1766 v,
256 1741 278 1760 et

54 1770 65 1778 »
89 1773 115 1782 ω-
143 1770 168 1786 vn
181 1764 219 1786 fin.

54 2697 82 2709 w,

1013 186 1275 233 QUAESTIO
1305 186 1371 231 IV,
1401 185 1692 222 ARTICULUS
1720 186 1770 221 1V

305 266 581 306 communitate
600 266 747 315 generis
765 267 828 303 vel
855 264 1004 314 speciei,
1025 277 1124 313 quae
1150 264 1365 302 attribuitur

306 328 463 357 naturae
491 320 540 356 ab
568 318 775 356 individuis
803 325 1014 366 separatae:
1052 317 1118 353 sed
1147 316 1364 353 communi-

297 379 379 409 ¹tate
406 383 555 419 causae,
575 379 691 421 prout
709 370 826 407 Filius
854 369 925 406 Dei
953 369 1170 406 incarnatus
1199 376 1254 406 est
1281 368 1365 405 uni-

305 424 460 462 versalis
487 436 604 462 causa
633 423 760 461 salutis
788 423 994 458 humanae.

385 478 442 514 An
470 488 658 514 SECUNDUM
685 486 867 512 mcaNDUM
887 473 994 523 quod
1010 486 1082 523 per
1099 486 1138 510 se
1156 475 1267 511 homo
1286 485 1366 509 non

305 529 499 567 invenitur
525 529 565 566 in
592 540 723 565 rerum
757 534 894 564 natura
920 526 971 563 ita
1004 526 1112 574 quod
1140 525 1186 562 sit
1220 533 1369 574 praeter

306 580 519 628 singularia,
549 580 646 617 sicut
670 578 855 616 Platonici
879 586 1104 627 posuerunt.
1125 600 1150 604 —
1178 577 1369 624 Quamvis

306 633 465 683 quidam
491 633 619 670 dicant
646 632 753 681 quod
781 633 888 668 Plato
921 643 1002 667 non
1029 630 1208 667 intellexit
1244 629 1369 666 homi-

2426 184 2474 220 83

1419 275 1510 299 nem
1538 272 1756 313 separatum
1784 275 1865 299 esse
1885 263 1955 299 nisi
1984 263 2023 299 in
2050 263 2238 300 intellectu
2257 263 2400 301 divino.
2430 264 2478 300 Et

1421 315 1473 352 sic
1492 328 1572 353 non
1593 315 1762 365 oportuit
1780 316 1887 364 quod
1907 324 2164 353 assumeretur
2182 329 2204 353 a
2218 317 2365 361 Verbo:
2387 328 2478 353 cum

1421 367 1468 405 ab
1497 376 1651 405 aeterno
1681 368 1751 405 sibi
1779 367 1940 405 affuerit.

1500 422 1557 457 AD
1584 433 1743 458 TERTIUM
1770 433 1951 458 DICENDUM
1984 421 2090 479 quod
2118 429 2253 457 natura
2289 423 2477 468 humana,

1422 474 1600 531 quamvis
1624 486 1705 510 non
1724 473 1769 510 sit
1787 481 1983 522 assumpta
2011 473 2049 510 in
2077 482 2256 510 concreto
2277 482 2318 510 ut
2337 486 2478 523 suppo—

1423 525 1539 561 situm
1556 526 1875 574 praeintelligatur
1893 526 2162 575 assumptioni:
2192 526 2245 562 sic
2266 534 2394 563 tamen
2423 539 2479 562 as-

1424 586 1576 627 sumpta
1604 586 1659 614 est
1686 578 1726 615 in
1754 578 1972 625 individuo,
2003 578 2093 627 quia
2128 587 2323 628 assumpta
2357 586 2412 615 est
2439 586 2481 615 ut

1424 630 1469 666 sit
1496 629 1535 666 in
1563 630 1775 667 individuo.

979 725 1311 757 Commentaria
1332 723 1585 756 'Cardinalis
1609 725 1808 758 Caietam

335 825 356 845 N
377 815 471 846 titulo
494 814 528 856 ly
548 814 655 845 debuit
677 813 807 844 denotat
830 813 973 844 debitum
996 813 1238 852 congruentiae:
1270 818 1306 842 ut
1333 813 1366 842 in

306 826 493 909 Iprincipio
524 859 620 888 huius
650 857 845 898 quaestionis
875 862 1022 907 quartae,
1052 857 1109 886 ubi
1131 855 1367 895 distinguuntur

304 902 427 933 articuli
450 903 528 939 eius,
551 907 647 942 patet.
670 919 694 924 —
715 902 765 943 Ly
783 901 944 932 abstracta
966 901 1000 930 in
1016 909 1151 940 corpore
1167 900 1290 930 articuli
1314 900 1367 930 de-

305 946 449 977 clai-atur.

359 990 395 1020 In
419 999 554 1031 corpore
578 989 701 1020 articuli
723 989 781 1019 tria
803 988 895 1019 fiunt.
918 988 1037 1023 Primo,
1062 987 1237 1018 declaratur
1259 988 1369 1018 titulus

305 1039 462 1075 quantum
477 1033 517 1064 ad
531 1034 564 1075 ly
579 1034 740 1064 abstracta
756 1042 777 1063 a
790 1032 1021 1074 singularibus,
1039 1031 1262 1071 distinguendo
1279 1031 1369 1071 quod

305 1078 472 1118 dupliciter
494 1083 600 1118 potest
622 1077 770 1117 intelligi:
794 1077 911 1117 primo,
935 1075 1024 1116 quod
1042 1076 1156 1105 habeat
1172 1085 1239 1105 esse
1255 1085 1368 1106 secun-

305 1121 383 1152 dum
404 1131 472 1152 rem
496 1127 676 1161 separatum
699 1131 718 1151 a
735 1121 944 1161 singularibus
959 1119 1189 1156 materialibus;
1214 1120 1367 1155 secundo,

304 1165 394 1206 quod
415 1166 530 1196 habeat
553 1175 620 1202 esse
644 1165 839 1195 obiectivum
861 1165 895 1195 in
910 1164 1083 1199 intellectu,
1108 1164 1306 1203 quicumque
1330 1165 1369 1194 sit

303 1209 356 1240 ille
378 1209 567 1245 intellectus,
584 1209 709 1239 divinus
724 1209 775 1239 vel
797 1209 967 1238 humanus.
990 1226 1013 1230 -
1036 1207 1197 1243 Secundo,
1220 1213 1369 1238 tractatur

304 1253 449 1294 quaestio
479 1253 513 1283 in
535 1253 640 1293 primo
664 1262 769 1283 sensu.
792 1271 815 1274 —
837 1252 966 1287 Tertio,
996 1257 1146 1282 tractatur
1169 1252 1202 1281 in
1225 1251 1368 1282 secundo

304 1306 400 1327 sensu
416 1298 442 1327 θ.

359 1340 396 1371 ΙΙ.
420 1340 456 1370 In
478 1341 583 1380 primo
607 1345 715 1370 autem
738 1349 843 1376 sensu,
863 1349 904 1370 an
927 1339 1022 1370 fuerit
1037 1340 1231 1370 conveniens
1250 1339 1368 1370 Filium

287 1384 365 1414 'Dei
392 1393 551 1415 assumere
577 1385 808 1414 humanitatem
838 1394 896 1424 per
921 1394 955 1414 se
985 1389 1160 1424 separatam
1191 1383 1369 1414 secundum

304 1437 382 1465 esse,
407 1428 575 1469 dupliciter
596 1434 746 1459 tractatur
760 1429 794 1459 in
809 1429 920 1459 littera.
944 1429 1062 1464 Primo,
1078 1437 1136 1468 per
1150 1428 1369 1468 interemptio-

302 1481 380 1503 nem
403 1473 471 1503 eius
494 1471 584 1523 quod
605 1473 892 1523 praesupponstur,
922 1473 1042 1502 scilicet
1072 1471 1162 1512 quod
1189 1472 1369 1502 humanitas

302 1516 404 1567 possit
426 1517 471 1546 sic
493 1516 627 1546 inveniri
650 1517 684 1546 in
706 1525 813 1546 rerum
835 1522 956 1547 natura.
979 1516 1021 1546 Et
1039 1515 1112 1552 hoc,
1137 1515 1306 1561 asserendo
1322 1526 1370 1546 ra-

303 1560 427 1590 tionem
449 1559 637 1590 Aristotelis.

359 1603 520 1639 Secundo,
544 1604 603 1634 sub
627 1603 845 1640 conditionali,
870 1604 896 1634 si
919 1609 1001 1634 esset
1023 1604 1204 1634 humanitas
1219 1604 1264 1633 sic
1280 1613 1370 1644 sepa-

303 1653 380 1678 rata.
414 1648 456 1678 Et
478 1647 690 1687 respondetur
711 1648 857 1687 negative
880 1647 920 1678 ad
943 1649 1182 1687 quaestionem:
1215 1647 1320 1687 quod,
1345 1648 1370 1677 si

305 1697 386 1722 esset
408 1692 463 1727 sic,
486 1701 554 1721 non
577 1691 688 1722 fuisset
703 1692 897 1721 conveniens
921 1691 1010 1731 quod
1026 1696 1238 1722 assumeretur
1254 1701 1271 1721 a
1287 1691 1369 1721 Filio

304 1735 375 1766 Dei.
399 1735 440 1765 Et
462 1735 526 1765 hoc
548 1735 701 1775 probatur
723 1735 886 1775 tripliciter
901 1736 927 1765 ’ἦ
951 1735 1070 1771 Primo,
1095 1736 1171 1774 quia
1190 1735 1370 1765 humanitas

304 1779 486 1809 communis
508 1788 576 1808 non
600 1783 647 1808 est
668 1778 886 1818 personabilis,
912 1779 987 1818 quia
1009 1788 1077 1808 non
1099 1784 1145 1808 est
1160 1778 1370 1808 individuabi-

303 1823 357 1853 lis:
388 1831 525 1863 persona
555 1823 641 1852 enim
668 1822 870 1852 individuum
899 1821 1062 1862 quoddam
1091 1827 1147 1852 est.
1182 1822 1370 1862 Assumptio

304 1872 412 1901 autem
435 1865 475 1896 ad
497 1866 700 1906 personalem
722 1867 879 1896 unionem
902 1867 1098 1896 terminatur.

359 1909 410 1940 ΙΙΙ.
433 1910 496 1941 Ubi
519 1910 624 1940 statim
640 1910 777 1940 occurrit
792 1909 927 1940 dubium
943 1909 983 1940 de
1005 1911 1135 1940 veritate
1151 1909 1235 1940 illius
1250 1919 1371 1950 propo-

303 1954 442 1984 sitionis:
473 1953 533 1984 Est
554 1959 670 1984 contra
693 1954 852 1984 rationem
866 1954 1004 1995 formae
1030 1953 1208 1984 communis
1224 1959 1260 1984 ut
1273 1954 1316 1984 sit
1338 1954 1370 1985 in

297 2007 453 2039 persona.
477 1997 518 2028 Et
540 1998 620 2028 ratio
644 1997 733 2028 dubii
756 2003 802 2028 est
825 1998 916 2038 quia,
941 1998 967 2027 si
989 1998 1169 2028 humanitas
1193 2003 1275 2028 esset
1297 1999 1371 2028 sub—

303 2042 426 2078 sistens,
450 2047 487 2072 ut
507 2041 664 2072 Platonici
687 2040 836 2072 dicuntur
858 2041 996 2078 finxisse,
1019 2051 1087 2072 non
1111 2047 1192 2072 esset
1216 2042 1372 2072 excellen-

303 2086 366 2116 tior
389 2086 456 2116 aliis
478 2085 659 2116 substantiis
682 2086 841 2126 separatis,
866 2086 975 2126 quales
999 2090 1073 2116 sunt
1088 2086 1201 2125 angeli.
1226 2085 1289 2116 Sed
1303 2095 1371 2116 non

306 2135 353 2160 est
382 2135 493 2160 contra
521 2130 679 2159 rationem
707 2129 868 2169 angelicae
897 2135 1028 2160 naturae
1059 2139 1127 2160 esse
1156 2130 1189 2159 in
1206 2138 1370 2169 persona:

305 2174 407 2204 immo
438 2172 477 2203 de
500 2172 585 2203 facto
608 2178 720 2203 natura
743 2173 884 2213 angelica
907 2178 954 2204 est
980 2179 1159 2213 personata.
1195 2173 1280 2213 Ergo
1303 2183 1371 2204 non

305 2222 387 2248 esset
410 2222 521 2247 contra
542 2217 700 2247 rationem
721 2217 926 2248 humanitatis
949 2223 1110 2257 separatae
1132 2218 1306 2257 personari.

361 2260 526 2301 Amplius,
557 2260 643 2291 aliud
673 2266 720 2291 est
750 2260 905 2291 iudicium
935 2260 974 2291 de
1000 2266 1112 2291 natura
1141 2261 1308 2292 communi
1338 2262 1371 2292 in

307 2305 479 2345 exemplari
500 2305 753 2345 participatione,
770 2305 920 2345 singulari
935 2306 1091 2341 tamenin
1108 2304 1253 2341 essend0‚
1270 2305 1371 2345 qualis

307 2354 390 2380 esset
413 2349 594 2379 humanitas
620 2358 678 2388 per
700 2358 753 2378 se:
783 2354 814 2379 et
836 2348 922 2379 aliud
946 2354 993 2379 est
1014 2348 1170 2379 iudicium
1197 2348 1236 2379 de
1259 2354 1371 2380 natura

307 2393 474 2423 communi
503 2393 537 2423 in
567 2391 719 2428 essend0‚
745 2393 846 2432 qualis
876 2393 1061 2433 intelligitur
1090 2398 1201 2424 natura
1231 2393 1371 2424 humana

306 2441 343 2467 ut
366 2442 413 2467 est
435 2436 620 2467 universalis
642 2436 675 2466 in
697 2436 911 2476 praedicando
935 2436 974 2467 de
998 2437 1148 2467 omnibus
1175 2437 1369 2473 hominibus,

308 2480 410 2520 qualis
446 2490 514 2510 non
552 2485 633 2510 esset
670 2481 850 2511 humanitas
883 2490 940 2521 per
973 2490 1016 2510 se.
1056 2480 1178 2511 Contra
1214 2482 1370 2511 rationem

308 2524 394 2555 enim
416 2529 546 2555 naturae
569 2525 751 2555 communis
774 2525 807 2555 in
826 2524 960 2555 essendo
985 2530 1031 2554 est
1054 2524 1279 2555 individuatiO:
1303 2535 1371 2555 non

307 2573 415 2599 autem
438 2573 568 2598 naturae
584 2569 766 2598 communis
789 2569 822 2598 in
836 2569 1079 2608 participatione
1095 2569 1277 2609 exemplari.
1301 2569 1371 2599 Hu-

306 2612 441 2643 manitas
464 2615 571 2642 autem
594 2621 651 2652 per
673 2621 707 2642 se
729 2621 797 2642 non
819 2613 952 2652 ponitur
975 2613 1157 2643 communis
1175 2613 1208 2642 in
1225 2613 1370 2643 essendo.

363 2656 404 2686 Et
422 2655 637 2686 confirmatur.
661 2655 746 2693 Quia
761 2656 940 2686 humanitas
956 2657 1127 2687 subsistens
1142 2657 1256 2696 procul
1272 2656 1370 2687 dubio

308 2705 389 2731 esset
411 2709 460 2730 res
484 2699 648 2739 singularis
671 2700 704 2729 in
728 2699 873 2730 essendo.
896 2700 1062 2740 Alioquin,
1086 2710 1154 2731 non
1172 2701 1370 2731 subsisteret:

307 2745 390 2774 sicut
410 2752 471 2774 nec
495 2742 592 2774 deitas
615 2743 797 2774 subsisteret
818 2745 880 2774 nisi
903 2750 984 2774 esset
1006 2754 1055 2775 res
1078 2745 1254 2784 singularis.

364 2787 416 2818 IV.
439 2786 491 2817 Ad
514 2787 578 2817 hoc
600 2786 715 2817 dicitur
737 2787 841 2827 quod,
873 2789 948 2827 quia
971 2789 1050 2818 ratio
1073 2789 1132 2818 ista
1154 2798 1222 2819 non
1245 2788 1372 2819 affertur

308 2831 348 2862 ad
370 2830 611 2861 monstrandam
634 2831 920 2870 impossibilitatem
936 2833 1172 2872 assumptionis,
1189 2832 1244 2863 sed
1259 2833 1372 2863 incon-

307 2875 503 2916 gruentiam,
534 2874 607 2905 ideo
637 2875 873 2914 propositiones
897 2876 964 2906 eius
993 2876 1216 2916 intelligendae
1240 2882 1313 2907 sunt
1339 2878 1372 2907 in

306 2919 405 2960 plano
429 2928 540 2955 sensu,
565 2928 642 2958 quo,
667 2924 788 2949 servata
809 2920 1037 2950 univocatione
1059 2921 1288 2956 terminorum,
1312 2921 1372 2951 sci-

295 2964 382 2994 'licet
403 2963 436 3003 ly
452 2972 597 3003 persona
619 2962 758 2992 hominis
781 2968 812 2992 et
833 2962 866 3003 ly
889 2963 1088 2994 individuum
1106 2964 1254 3000 hominis,
1278 2974 1372 2995 mon-

308 3012 384 3038 strat
406 3012 514 3047 aperte
543 3007 820 3046 incongruentiam
849 3007 1052 3037 humanitatis
1079 3013 1239 3047 separatae
1262 3008 1302 3038 ad
1325 3018 1372 3038 as-

308 3051 537 3091 sumptionem.
561 3050 618 3080 Est
632 3050 727 3089 igitur
742 3059 852 3080 sensus
875 3050 958 3080 illius
980 3051 1225 3090 propositionis:
1251 3051 1372 3082 Contra

308 3095 466 3126 rationem
488 3100 618 3125 naturae
642 3094 824 3124 communis
847 3099 894 3124 est
917 3094 1006 3134 quod
1029 3095 1068 3124 sit
1089 3095 1123 3124 in
1145 3104 1292 3134 persona,
1312 3097 1372 3126 sci-

307 3139 383 3170 licet
404 3138 556 3174 humana,
581 3143 616 3168 ut
629 3143 706 3168 sunt
716 3147 880 3178 personae
900 3138 1062 3168 humanae
1079 3148 1160 3178 quas
1180 3139 1308 3170 scimus.
1332 3140 1372 3170 Et

309 3183 373 3213 hoc
399 3182 579 3213 manifestat
609 3182 684 3222 quia
706 3183 739 3212 in
762 3191 899 3222 persona
927 3181 1158 3212 individuatur:
1188 3183 1372 3222 relinquens

307 3235 369 3267 pro
392 3235 450 3268 per
472 3235 506 3257 se
528 3231 608 3256 noto
639 3225 728 3266 quod
758 3231 868 3256 contra
890 3226 1046 3256 rationem
1077 3225 1146 3255 talis
1168 3226 1371 3257 humanitatis

310 3275 358 3301 est
378 3269 584 3306 individuam
609 3269 699 3310 quod
721 3275 767 3300 est
789 3279 911 3305 verum,
934 3270 1072 3300 univoce
1088 3269 1252 3309 loquendo
1269 3270 1308 3300 de
1323 3271 1372 3300 in-

311 3313 528 3345 dividuatione
546 3319 583 3344 ut
596 3319 709 3344 natura
723 3313 808 3354 apud
823 3323 883 3344 nos
899 3313 1121 3343 individuatur.
1146 3313 1193 3343 Ex
1208 3314 1267 3344 hac
1282 3324 1371 3344 narn-

312 3366 376 3397 que
397 3358 620 3398 propositione
644 3363 674 3388 et
697 3359 818 3388 ratione
842 3358 963 3397 optime
986 3356 1119 3387 infertur
1147 3356 1236 3397 quod
1259 3358 1371 3388 huma-

310 3401 392 3432 nitas
413 3411 470 3442 per
492 3411 526 3432 se
548 3402 725 3442 incongrua
748 3407 794 3432 est
823 3402 1048 3441 assumptioni:
1080 3406 1191 3431 natura
1215 3402 1300 3432 enim
1323 3411 1371 3432 re-

311 3453 457 3484 pugnans
479 3446 623 3486 personis
646 3450 677 3476 et
699 3445 868 3476 individuis
891 3455 966 3475 suae
990 3445 1117 3486 speciei,
1140 3455 1207 3475 non
1231 3455 1371 3486 congrua

313 3493 360 3518 est
381 3487 420 3519 ad
442 3489 505 3520 hoc
525 3489 617 3530 quod
639 3490 778 3520 trahatur
800 3489 839 3520 ad
861 3489 996 3520 alienam
1018 3499 1198 3529 personam.

1475 813 1516 843 Et
1538 822 1595 852 per
1617 814 1695 844 haec
1718 819 1805 853 patet
1828 815 1994 854 responsio
2018 814 2057 844 ad
2080 814 2145 845 duo
2169 815 2291 845 ultima.

1476 856 1527 886 Ad
1542 858 1682 896 primum
1698 863 1806 888 autem
1829 858 1943 889 dicitur
1966 858 2064 898 quod,
2089 859 2114 888 si
2137 859 2315 889 humanitas
2332 864 2413 889 esset
2435 868 2483 888 se-

1420 906 1545 940 parata,
1570 907 1755 941 sequeretur
1779 907 1810 931 et
1833 902 1922 942 quod
1943 912 2011 932 non
2035 908 2115 932 esset
2138 913 2290 943 persona:
2322 903 2397 943 quia
2424 913 2482 942 po-

1421 945 1506 974 nitur
1529 944 1618 984 quod
1641 946 1680 975 sit
1702 951 1826 975 tanturn
1849 947 2043 982 humanitas;
2069 947 2225 986 equinitas
2241 947 2336 982 enim,
2353 953 2389 977 ut
2408 947 2484 977 dixit

1422 988 1619 1023 Avicenna*‚
1637 995 1683 1019 est
1698 995 1822 1019 tantum
1839 991 2004 1030 equinitas.
2024 991 2065 1020 Et
2080 990 2152 1020 ideo
2169 991 2347 1031 propositio
2363 991 2483 1021 litterae

1422 1037 1469 1062 est
1492 1032 1636 1062 absolute
1652 1042 1734 1069 vera,
1755 1033 1844 1072 quod
1860 1039 1970 1064 contra
1985 1035 2141 1064 rationem
2157 1040 2287 1065 naturae
2303 1036 2484 1065 communis

1422 1081 1503 1106 esset
1526 1077 1742 1115 personalitas.
1767 1077 1842 1107 Non
1866 1078 1910 1107 sic
1934 1083 2042 1107 autem
2065 1083 2111 1107 est
2135 1078 2173 1108 de
2189 1079 2308 1108 naturis
2324 1074 2483 1118 angelicis,

1394 1126 1396 1154 1
1422 1129 1505 1160 quae
1527 1129 1595 1150 non
1618 1126 1784 1159 ponuntur
1807 1127 1931 1151 tantum
1947 1122 2044 1160 ipsae,
2068 1121 2123 1151 sed
2146 1127 2311 1161 ponuntur
2333 1123 2484 1152 habentes

1421 1169 1548 1194 naturas
1564 1173 1645 1194 suas,
1669 1182 1692 1186 —
1709 1165 1750 1194 Et
1766 1171 1951 1204 sequeretur
1967 1165 2056 1204 quod
2071 1165 2200 1195 haberet
2215 1175 2400 1205 personam:
2426 1176 2484 1206 pro

1422 1213 1543 1248 quanto
1560 1217 1618 1247 per
1633 1218 1665 1237 se
1682 1209 1850 1248 separatim
1866 1209 2048 1238 subsisteret
2063 1209 2254 1240 naturaliter.
2271 1210 2338 1239 Nec
2350 1210 2483 1240 mirum:

1422 1252 1497 1292 quia
1520 1252 1711 1282 antecedens
1733 1252 1875 1292 implicat
1898 1253 2181 1292 incompossibilia.

1477 1296 1516 1326 V.
1548 1295 1694 1326 Secunda
1727 1296 1806 1325 ratio
1827 1297 1843 1312 θ’
1873 1301 1919 1326 est
1956 1297 2030 1336 quia
2059 1302 2190 1327 naturae
2220 1298 2386 1327 communi
2419 1306 2487 1327 non

1420 1345 1557 1380 possunt
1580 1340 1707 1370 attribui
1729 1340 1789 1369 nisi
1813 1341 2015 1380 operationes
2034 1350 2223 1371 communes
2239 1346 2270 1371 et
2286 1341 2486 1377 universales,

1423 1383 1601 1414 secundum
1618 1393 1696 1423 quas
1712 1384 1812 1413 homo
1828 1393 1896 1414 non
1911 1390 2051 1414 meretur
2065 1394 2125 1415 nec
2146 1384 2341 1415 demeretur:
2366 1395 2486 1416 assum-

1421 1429 1491 1468 ptio
1515 1433 1622 1458 autem
1638 1427 1720 1457 facta
1737 1433 1783 1457 est
1806 1427 1845 1457 ad
1868 1428 1931 1458 hoc
1955 1433 1990 1458 ut
2005 1428 2058 1458 ille
2074 1429 2174 1458 homo
2190 1435 2364 1459 mereretur
2382 1430 2485 1460 nobis.

1478 1471 1541 1503 Sed
1564 1476 1738 1502 occurrunt
1759 1471 1810 1501 hic
1834 1471 2046 1502 dubitationes
2070 1472 2161 1502 duae.
2197 1473 2303 1503 Altera
2327 1479 2386 1509 est,
2413 1474 2487 1513 quia

1423 1522 1477 1546 aut
1499 1516 1532 1545 in
1554 1516 1656 1555 prima
1671 1520 1758 1555 parte
1781 1516 2011 1555 propositionis
2026 1517 2154 1546 maioris
2171 1522 2217 1546 est
2233 1527 2336 1547 sermo
2354 1517 2392 1547 de
2409 1527 2487 1557 ope-

1422 1560 1545 1590 ratione
1569 1559 1735 1589 communi
1759 1565 1790 1589 et
1813 1560 1981 1590 universali
2012 1569 2049 1590 ex
2072 1566 2160 1599 parte
2184 1561 2325 1591 subiecti.
2362 1561 2402 1591 Et
2425 1562 2487 1591 hoc

1423 1613 1499 1634 non.
1531 1603 1616 1641 Quia
1638 1604 1701 1633 hoc
1725 1608 1771 1633 est
1794 1609 1904 1633 contra
1926 1604 2146 1644 hypothesim,
2172 1614 2235 1643 qua
2258 1605 2409 1644 ponimus
2431 1615 2487 1635 na-

1422 1653 1526 1678 turam
1551 1656 1759 1677 communem
1782 1656 1839 1686 per
1858 1656 1890 1676 se
1914 1647 2056 1683 existere,
2073 1657 2109 1677 ac
2132 1657 2189 1687 per
2211 1649 2274 1678 hoc
2298 1658 2364 1678 esse
2381 1650 2488 1688 singu-

1423 1691 1487 1721 lare
1511 1690 1675 1730 quoddam
1702 1691 1735 1719 in
1759 1690 1910 1720 essendo:
1943 1696 1973 1720 et
2002 1697 2235 1730 consequenter
2265 1693 2408 1731 operatio
2432 1702 2488 1722 sua

1424 1744 1461 1765 ex
1480 1739 1569 1774 parte
1585 1734 1718 1764 subiecti
1742 1739 1823 1763 esset
1846 1734 2020 1773 singularis.
2044 1753 2067 1756 —
2089 1735 2155 1764 Aut
2179 1745 2216 1764 ex
2239 1741 2327 1775 parte
2350 1737 2486 1772 termini,

1423 1788 1481 1808 seu
1505 1777 1651 1807 effectus:
1676 1783 1753 1816 puta
1777 1778 1852 1817 quia
1876 1778 2015 1808 extendit
2031 1788 2063 1808 se
2084 1778 2123 1808 ad
2139 1788 2251 1809 omnes
2267 1780 2423 1810 homines.
2448 1781 2489 1810 Et

1424 1823 1469 1852 sic
1491 1822 1571 1851 ratio
1595 1827 1642 1851 est
1669 1821 1709 1851 ad
1732 1822 1929 1861 oppositum.
1965 1822 2049 1860 Quia
2080 1822 2223 1852 Christus
2254 1824 2369 1853 meruit
2396 1825 2488 1854 nobis

1424 1871 1460 1896 ut
1483 1875 1577 1896 causa
1600 1865 1794 1901 universalis,
1818 1870 1854 1895 ut
1877 1865 1957 1896 infra
1972 1867 1989 1882 ᾖ
2012 1867 2147 1906 patebit:
2172 1876 2208 1896 ac
2231 1877 2288 1906 per
2310 1868 2386 1903 hoc,
2411 1877 2488 1898 con-

1424 1910 1556 1950 gruebat
1579 1910 1646 1939 eius
1669 1909 1783 1939 merito
1815 1915 1926 1939 natura
1948 1910 2088 1940 humana
2118 1919 2253 1950 operans
2276 1912 2489 1942 communiter

1425 1959 1456 1984 et
1479 1953 1705 1984 universaliter.

1480 1997 1588 2027 Altera
1611 2002 1673 2032 est,
1705 1998 1780 2037 quia
1803 1997 1943 2028 secunda
1964 2007 2035 2037 pars
2059 1997 2160 2028 dictae
2183 1999 2412 2038 propositionis
2443 2006 2489 2030 est

1425 2041 1511 2072 falsa.
1535 2041 1700 2079 Quoniam
1723 2041 1823 2071 homo
1847 2047 1996 2078 meretur,
2021 2042 2046 2072 si
2063 2048 2109 2072 est
2131 2043 2163 2072 in
2179 2044 2287 2082 gratia,
2311 2043 2488 2074 secundum

1426 2095 1538 2115 omnes
1554 2095 1626 2115 suas
1642 2086 1854 2124 operationes,
1879 2086 1945 2116 sive
1961 2086 2022 2116 sint
2037 2095 2227 2116 communes
2243 2087 2308 2117 sive
2322 2089 2487 2128 propriae:

1426 2130 1580 2169 quoniam
1604 2129 1669 2158 sive
1693 2128 1841 2159 comedat
1864 2130 1929 2159 sive
1953 2130 2048 2165 bibat,
2073 2130 2138 2160 sive
2161 2136 2303 2170 generet,
2328 2132 2392 2161 sive
2417 2131 2489 2162 dor-

1425 2174 1511 2209 miat,
1537 2173 1646 2203 omnia
1662 2172 1695 2202 in
1710 2173 1854 2214 gloriam
1869 2173 1933 2203 Dei
1941 2173 2040 2214 facit,
2057 2174 2143 2204 iuxta
2158 2174 2384 2214 Apostolicum
2399 2185 2489 2216 prae-

1426 2222 1556 2257 ceptum
1572 2218 1598 2246 *.

1480 2261 1532 2291 VI.
1557 2259 1608 2290 Ad
1623 2261 1759 2300 primam
1776 2260 2009 2291 dubitationem
2025 2260 2139 2292 dicitur
2155 2261 2244 2302 quod
2259 2272 2363 2293 sermo
2381 2268 2427 2293 est
2450 2263 2488 2294 de

1425 2306 1612 2346 operatione
1636 2305 1802 2334 communi
1826 2310 1856 2334 et
1879 2305 2047 2335 universali
2071 2315 2108 2335 ex
2131 2311 2219 2346 parte
2240 2307 2388 2337 subiecti:
2414 2308 2489 2347 quia

1425 2349 1544 2379 scilicet
1573 2358 1640 2379 non
1663 2349 1793 2378 haberet
1816 2350 2017 2388 operationes
2046 2349 2106 2379 nisi
2137 2358 2219 2389 quae
2247 2356 2489 2390 consequuntur

1425 2399 1570 2423 naturam
1590 2402 1798 2423 communem
1815 2393 1964 2423 omnibus
1979 2393 2172 2423 hominibus.
2197 2394 2291 2424 Tales
2308 2394 2393 2424 enim
2410 2404 2488 2434 ope-

1424 2438 1562 2468 rationes
1591 2436 1740 2467 dicuntur
1762 2446 1950 2467 communes
1974 2442 2005 2467 et
2027 2437 2218 2467 universales
2242 2447 2279 2467 ex
2302 2443 2390 2478 parte
2413 2439 2487 2468 sub-

1424 2482 1507 2517 iecti,
1532 2481 1607 2521 quia
1622 2485 1801 2520 sequuntur
1815 2486 1960 2511 naturam
1979 2480 2156 2511 secundum
2173 2491 2216 2517 se,
2232 2491 2299 2511 non
2319 2487 2354 2512 ut
2372 2483 2405 2512 in
2424 2483 2487 2512 hoc

1425 2531 1479 2556 aut
1502 2525 1568 2555 illo.
1592 2524 1712 2554 Natura
1735 2530 1842 2554 autem
1866 2524 2043 2555 secundum
2063 2535 2095 2555 se
2115 2526 2295 2555 communis
2315 2531 2346 2556 et
2361 2527 2486 2556 univer-

1425 2569 1496 2600 salis
1519 2568 1642 2599 dicitur.
1667 2569 1787 2598 Natura
1802 2574 1909 2599 autem
1933 2578 2074 2608 congrua
2093 2570 2303 2609 assumptioni
2326 2569 2419 2600 debet
2442 2571 2486 2600 sic

1425 2623 1457 2644 se
1480 2613 1594 2643 habere
1617 2617 1653 2642 ut
1675 2613 1876 2652 operationes
1891 2613 2083 2652 personales,
2101 2618 2131 2643 et
2150 2623 2218 2643 non
2240 2613 2345 2643 solum
2360 2619 2487 2644 natura-

1424 2657 1479 2693 les,
1497 2666 1639 2696 congrue
1662 2657 1720 2686 sibi
1745 2657 1962 2687 attribuantur.

1479 2700 1531 2731 Ad
1553 2700 1727 2731 secundam
1751 2700 1864 2730 dicitur
1894 2700 1983 2741 quod
2013 2701 2232 2740 operationem
2256 2701 2394 2741 aliquam
2418 2711 2485 2732 esse

1425 2745 1620 2775 meritoriam
1642 2744 1798 2784 contingit
1813 2744 1994 2784 dupliciter:
2020 2745 2138 2774 scilicet
2154 2754 2190 2774 ex
2207 2754 2265 2774 suo
2281 2754 2413 2784 genere;
2434 2746 2485 2776 vel

1426 2799 1464 2819 ex
1487 2794 1574 2828 parte
1599 2788 1758 2828 operantis
1781 2793 1914 2818 tantum.
1940 2788 2150 2828 Operationes
2168 2789 2253 2818 enim
2271 2789 2429 2819 naturales
2447 2799 2485 2820 ex

1425 2842 1485 2863 suo
1501 2842 1617 2872 genere
1637 2842 1705 2862 non
1721 2837 1794 2862 sunt
1808 2833 2003 2862 meritoriae:
2029 2837 2059 2861 et
2082 2832 2154 2862 ideo
2179 2832 2292 2863 dicitur
2315 2833 2404 2872 quod
2428 2843 2485 2863 na-

1426 2876 1584 2907 turalibus
1607 2885 1671 2906 non
1696 2885 1857 2905 meremur
1885 2885 1943 2906 nec
1965 2875 2173 2911 demeremur.
2212 2876 2350 2907 Possunt
2377 2883 2485 2907 tamen

1426 2930 1493 2951 esse
1516 2920 1695 2950 meritoriae
1719 2929 1756 2949 ex
1771 2919 1859 2958 parte
1883 2920 2052 2959 operantis,
2076 2920 2108 2949 in
2124 2919 2231 2950 Deum
2255 2921 2417 2951 obiectum
2433 2931 2485 2951 su-

1424 2963 1630 3004 pernaturalis
1653 2962 1853 2993 beatitudinis
1874 2963 1941 2992 illas
1956 2962 2128 2993 referentis.
2153 2963 2362 3003 Operationes
2378 2970 2485 2995 autem

1424 3008 1540 3038 liberae
1563 3017 1598 3037 ac
1621 3007 1782 3036 moraliter
1796 3007 1899 3036 bonae
1923 3016 1961 3037 ex
1983 3017 2042 3037 suo
2064 3017 2180 3047 genere
2200 3014 2274 3038 sunt
2288 3009 2483 3039 meritoriae:

1425 3052 1579 3092 quoniam
1604 3060 1641 3080 ex
1664 3060 1723 3080 suo
1746 3060 1861 3090 genere
1885 3050 2003 3081 habiles
2019 3057 2093 3081 sunt
2115 3057 2150 3081 ut
2166 3052 2292 3082 caritate
2310 3051 2484 3084 informen-

1423 3101 1484 3126 tur.
1510 3095 1545 3125 In
1567 3095 1668 3124 littera
1691 3103 1766 3134 ergo
1791 3100 1838 3124 est
1856 3103 1961 3124 sermo
1981 3094 2020 3125 de
2039 3095 2206 3125 meritoriis
2226 3105 2263 3125 ex
2282 3105 2341 3126 suo
2358 3106 2483 3136 genere.

1425 3140 1470 3170 Ita
1493 3138 1582 3178 quod
1610 3138 1689 3168 ratio
1713 3138 1834 3168 litterae
1863 3139 2005 3169 consistit
2032 3140 2066 3169 in
2087 3140 2167 3169 hoc:
2198 3139 2317 3170 Natura
2345 3141 2485 3171 humana

1424 3183 1479 3213 illo
1502 3181 1602 3212 modo
1627 3181 1750 3212 essendi
1773 3188 1820 3212 est
1841 3182 2017 3223 incongrua
2039 3184 2249 3223 assumptioni
2269 3193 2335 3224 quo
2351 3194 2418 3215 non
2439 3191 2485 3215 est

1424 3232 1497 3257 nata
1520 3231 1555 3256 ut
1578 3226 1769 3256 conveniant
1792 3226 1850 3256 sibi
1873 3227 2074 3266 operationes
2096 3228 2275 3258 meritoriae
2299 3237 2336 3258 ex
2355 3238 2414 3259 suo
2430 3238 2484 3269 ge-

1424 3279 1516 3300 nere:
1548 3270 1622 3310 quia
1645 3270 1819 3310 assumptio
1847 3269 1886 3300 ad
1909 3271 1972 3300 hoc
1994 3270 2095 3301 tendit
2117 3277 2168 3307 ut,
2193 3270 2352 3302 mediante
2373 3278 2485 3303 natura

1426 3319 1595 3354 assumpta,
1612 3314 1711 3344 Filius
1726 3314 1787 3344 Dei
1801 3320 1960 3345 mereatur
1974 3315 2076 3345 nobis.
2095 3314 2157 3346 Sed
2172 3320 2301 3346 naturae
2318 3317 2484 3347 communi

1424 3367 1492 3388 non
1516 3358 1728 3388 attribuuntur
1756 3358 1817 3388 nisi
1847 3360 2049 3398 operationes
2073 3369 2278 3395 communes,
2296 3365 2355 3390 etc.
2387 3361 2483 3400 Ergo.

1481 3402 1589 3432 Tertia
1611 3402 1689 3432 ratio
1706 3403 1722 3418 ὃ*
1746 3403 1945 3442 expositione
1967 3412 2035 3433 non
2058 3409 2138 3442 eget.

1480 3446 1547 3476 VII.
1572 3446 1607 3476 In
1623 3445 1764 3476 secundo
1781 3452 1887 3476 autem
1903 3457 1997 3477 sensu
2009 3446 2034 3482 *,
2048 3452 2195 3477 tractatur
2211 3448 2355 3487 quaestio
2371 3458 2485 3479 secun-

1426 3490 1504 3521 dum
1528 3499 1595 3521 esse
1613 3491 1649 3521 in
1662 3489 1781 3530 duplici
1796 3490 1975 3521 intellectu:
1999 3491 2114 3531 primo,
2131 3490 2256 3528 divino;
2281 3491 2405 3529 deinde,
2425 3493 2484 3523 hu-

2511 1000 2521 1010 ⁸
2535 999 2664 1026 Metaphys.
2681 998 2721 1019 lib.

2512 1026 2540 1052 V,
2556 1031 2597 1053 cap
2613 1032 2636 1047 1.'

2516 1302 2524 1311 '¹
2538 1300 2573 1322 Cf.
2589 1306 2652 1321 num.
2667 1306 2693 1321 ιι.

2516 1871 2525 1881 “
2536 1870 2583 1897 Qu.
2592 1877 2639 1897 x1x,
2650 1875 2692 1892 art.
2702 1878 2725 1898 4.

2516 2218 2526 2227 ⁹
2541 2217 2549 2238 l
2561 2217 2594 2237 ad
2609 2216 2663 2238 Cor.
2676 2223 2726 2245 cap.

2515 2249 2537 2270 x,
2553 2249 2611 2264 vei-⁵.
2627 2249 2660 2271 3¹·

2513 3401 2522 3410 ⁸
2536 3400 2571 3422 Cf,
2588 3406 2651 3421 num.
2667 3406 2692 3421 n.

2512 3454 2520 3464 ⁶
2535 3453 2604 3475 Num.
2620 3459 2627 3474 ι
2642 3453 2680 3474 fin.
