2872 3970
267 370 276 379 ·
290 367 356 389 Vers.
372 372 393 388 2.

267 690 277 698 ⁸
291 688 358 709 Vers.
371 693 391 715 3.

268 783 278 793 ¹·
292 782 357 804 Vers.
374 789 392 804 ι.

268 1002 278 1011 ·
292 1001 346 1022 Luc.
371 1006 420 1028 cap.
443 1007 479 1029 n,

266 1033 324 1048 vers.
338 1034 361 1053 4.

268 1109 277 1119 “
289 1107 359 1129 Ηοιιι.
380 1105 432 1127 VIII
450 1105 476 1127 In

266 1134 357 1160 Evang.

361 1169 377 1180 ν

367 1181 372 1194 I

267 1365 362 1392 ⁸1Reg„
369 1369 477 1391 cap xvu,

267 1397 324 1413 vers.
342 1396 374 1413 ιι.

267 1467 278 1478 ·
288 1467 308 1487 11
318 1466 383 1494 Reg„
395 1472 444 1493 cap.
456 1472 469 1486 v

267 1499 318 1540 vers
333 1499 415 1520 §sqq-3
427 1499 477 1520 cap.

269 1526 283 1540 v
294 1526 311 1540 ι.

363 1546 376 1570 δ

276 2560 286 2570 ’·
310 2558 344 2579 Cf.
368 2563 415 2585 arg.
439 2557 487 2579 Sed

276 2586 367 2606 contra.

285 3213 393 3261 :rezi-“1¹25
402 3218 452 3240 cap.
467 3219 492 3239 ιι,

287 3293 366 3321 ’Sap.
382 3299 407 3315 cn
409 3300 432 3321 p
447 3299 494 3319 vui.

286 3326 344 3341 ἾΕΙἮ.
362 3326 380 3341 Ι.

507 283 580 320 362

558 363 631 399 SED
655 371 800 398 CONTRA
818 371 883 396 EST
911 358 1019 408 quod
1038 357 1174 395 dicitur
1191 357 1309 394 Mich.
1329 369 1353 392 v
1371 356 1409 392 *ε
1438 358 1486 393 Et
1512 362 1562 402 tu,

502 414 714 452 Bethlehem
740 413 908 461 Ephrata
927 417 961 458 ²,
997 423 1047 448 ex
1073 416 1107 447 te
1138 411 1230 447 mihi
1260 409 1471 459 egredietur
1504 409 1567 457 qui

502 469 546 504 sit
573 467 783 503 dominator
809 465 847 501 in
875 464 1005 501 Israel.

557 520 780 556 Resposneo
814 528 995 554 DICENDUM
1029 515 1137 574 quod
1172 514 1345 551 Christus
1380 513 1419 550 in
1452 514 1565 550 Beth-

503 573 633 610 lehem
650 569 755 608 nasci
768 568 890 606 voluit
909 567 1051 629 duplici
1071 567 1226 604 ratione.
1247 566 1378 603 Primo
1394 565 1564 614 quidem,

504 625 595 674 quia
619 624 748 671 factus
782 627 832 659 est
866 633 915 658 ex
940 623 1080 657 semine
1104 619 1230 657 David
1254 619 1455 655 secundum
1483 630 1566 655 car-

505 690 601 723 nem,
626 683 668 713 ut
695 674 832 712 dicitur
857 675 968 710 Rom
996 673 1061 709 ι*.
1092 672 1154 709 cui
1182 671 1296 708 etiam
1323 671 1444 707 fuerat
1470 671 1567 708 facta

504 727 750 779 repromissio
776 725 947 776 specialis
975 726 1022 762 de
1047 725 1210 770 Christo,
1231 723 1447 760 secundum
1473 723 1566 760 illud

503 783 534 820 11
551 783 648 831 Reg.
668 792 750 817 xxm
768 779 804 816 *ε
833 779 939 815 Dixit
956 779 1015 815 vir
1032 779 1093 814 cui
1110 779 1340 814 constitutum
1360 775 1375 805 β
1394 776 1439 813 de
1460 777 1566 813 Chri-

503 841 557 872 sto
573 835 643 871 Dei
654 834 781 870 Iacob.
802 832 850 868 Ει
868 830 983 868 ideo
975 842 1014 867 m
1033 830 1270 875 Bethlehem,
1291 829 1339 866 de
1358 840 1436 877 qua
1454 836 1567 865 natus

503 887 572 925 fuit
599 885 737 931 David,
766 883 870 921 nasci
897 879 1031 929 voluit',
1061 890 1103 920 ut
1131 894 1177 918 ex
1204 881 1288 931 ipso
1318 882 1403 918 loco
1432 881 1566 918 nativi-

503 939 587 976 tatis
614 936 819 988 promissio
848 935 883 972 ei
909 936 1006 973 facta
1034 935 1189 984 impleta
1217 934 1490 971 ostenderetur.
1520 935 1568 971 Et

504 993 580 1029 hoc
607 990 778 1038 designat
796 987 1070 1036 Evangelista*
1097 987 1244 1024 dicens:
1274 988 1332 1024 Eo
1357 987 1455 1036 quod
1479 993 1568 1024 esset

503 1045 549 1082 de
575 1044 685 1081 domo
714 1049 747 1079 et
763 1042 919 1090 familia
947 1041 1081 1078 David.

557 1095 739 1134 Secundo
759 1094 860 1144 quia,
880 1101 923 1130 ut
941 1092 1149 1142 Gregorius
1168 1092 1297 1139 dicit,
1288 1104 1328 1130 1n
1346 1091 1551 1129 Homilia*

502 1150 716 1187 Bethlehem
747 1163 766 1182 «
788 1147 919 1184 domus
944 1149 1057 1196 panis
1078 1161 1097 1180 ›
1129 1147 1400 1195 interpretatur.
1442 1146 1529 1194 Ipse
1553 1150 1568 1173 Υ

508 1204 672 1240 Christus
699 1206 749 1238 est
777 1201 841 1250 qui
865 1201 935 1236 ait.-
961 1201 1046 1249 Ego
1065 1211 1147 1236 sum
1169 1200 1282 1248 panis
1299 1200 1415 1244 vivus,
1445 1199 1509 1247 qui
1525 1197 1570 1235 de

504 1255 608 1292 caelo
636 1254 816 1291 descendi.

558 1309 615 1344 AD
635 1319 770 1344 PmMUM
798 1317 896 1343 ERGO
920 1317 1101 1342 monimum
1129 1304 1248 1354 quod,
1269 1303 1366 1340 sicut
1383 1303 1510 1340 David
1530 1303 1568 1340 in

505 1360 731 1398 Bethlehem
759 1366 871 1395 natus
895 1365 950 1395 est
962 1357 993 1404 ²⁸,
1013 1357 1064 1394 ita
1089 1356 1204 1394 etiarn
1229 1357 1435 1394 Ierusalem
1462 1356 1570 1404 elegit

505 1421 547 1450 ut
575 1413 614 1450 in
642 1425 687 1449 ea
720 1411 852 1448 sedem
885 1410 990 1458 regni
1024 1410 1287 1456 constitueret,
1317 1417 1353 1446 et
1379 1410 1570 1458 templum

472 1482 477 1491 ·
505 1465 577 1503 Dei
605 1465 657 1502 ibi
685 1464 901 1501 aedificaret
919 1464 954 1510 ²⁸,
985 1471 1020 1500 et
1049 1463 1101 1500 sic
1128 1463 1334 1499 Ierusalem
1363 1469 1459 1498 esset
1478 1460 1491 1484 δ
1519 1461 1569 1498 ci-

505 1519 601 1555 vitas
629 1517 744 1554 simul
772 1516 904 1565 regalis
940 1523 976 1552 et
1010 1514 1263 1553 sacerdotalis.
1303 1514 1570 1552 Sacerdotium

506 1579 636 1608 autem
666 1569 824 1614 Christi,
854 1577 890 1606 et
918 1569 1000 1605 eius
1035 1580 1216 1616 regnum,
1245 1567 1451 1617 praecipue
1479 1579 1570 1604 con-

507 1631 746 1661 summatum
775 1630 830 1659 est
857 1622 896 1659 in
925 1621 1006 1658 eius
1034 1621 1223 1671 passione.
1253 1621 1302 1658 Et
1322 1620 1409 1657 ideo
1430 1632 1571 1657 conve-

506 1677 654 1714 nienter
673 1676 897 1712 Bethlehem
920 1674 1028 1723 elegit
1042 1673 1237 1720 nativitati,
1257 1674 1464 1711 Ierusalem
1477 1685 1571 1711 vero

507 1729 687 1779 passioni.

562 1781 686 1819 Simul
714 1780 828 1817 etiam
855 1792 925 1829 per
956 1781 1032 1816 hoc
1059 1779 1267 1816 hominum
1294 1779 1453 1827 gloriam
1481 1791 1572 1815 con-

508 1834 652 1880 futavit,
682 1833 748 1882 qui
771 1833 979 1881 gloriantur
1007 1833 1053 1869 de
1074 1833 1150 1869 hoc
1168 1831 1275 1881 quod
1294 1844 1340 1868 ex
1359 1831 1573 1868 civitatibus

510 1886 703 1924 nobilibus
738 1885 924 1934 originem
959 1885 1124 1922 ducunt:
1168 1884 1208 1921 in
1242 1884 1384 1933 quibus
1419 1883 1534 1920 etiam
1561 1888 1573 1905 ⁸

565 2017 592 2051 α)
612 2018 743 2050 Ephrata.
762 2032 780 2036 —
794 2018 927 2050 parvulus
945 2024 972 2042 es
992 2017 1017 2042 in
1037 2017 1152 2042 millibus
1173 2017 1241 2042 Iuda
1260 2017 1329 2041 addit
1347 2017 1375 2042 P.

565 2053 590 2087 β)
609 2054 790 2079 constitutum.
809 2067 829 2072 -
846 2057 886 2078 est
905 2053 1001 2078 addunt
1019 2053 1098 2078 PFla.

563 2089 589 2123 γ)
611 2090 676 2121 Ipse.
690 2103 708 2107 -
728 2089 786 2121 Ipse
805 2089 874 2113 enim
893 2089 934 2114 ed.
948 2095 974 2117 a,
995 2088 1107 2120 Pr0prie
1125 2088 1174 2117 Hb,
1195 2087 1255 2120 Ipse
1273 2091 1363 2112 autem
1383 2087 1468 2112 PEFc.

563 2124 588 2158 ὃ)
607 2128 682 2150 esset.
700 2138 719 2143 —
737 2125 816 2157 elegit
835 2127 863 2148 ut
883 2126 950 2148 esset
968 2123 991 2147 H
1015 2129 1041 2148 et
1059 2123 1193 2148 editiones.

564 2161 587 2194 ε)
606 2160 694 2185 etiam.
712 2174 732 2179 —
750 2159 862 2188 PEHIa,·
881 2166 933 2184 orn.
953 2158 1012 2186 Fbc,
1032 2161 1058 2183 et
1077 2158 1162 2183 ceteri.

1173 2246 1507 2279 Commentaria
1530 2244 1783 2277 Cardinalis
1806 2243 2009 2277 Caietani

514 2346 677 2410 Tirenus
702 2335 813 2365 clarus.
836 2353 860 2357 -
887 2335 923 2365 In
953 2343 1087 2374 corpore
1117 2343 1182 2364 una
1214 2333 1396 2364 conclusio:
1431 2332 1577 2363 Christus
1601 2331 1604 2370 Ι
1630 2332 1728 2368 bitris‚
1742 2332 1863 2363 civibus
1879 2332 1998 2363 scilicet
2014 2331 2241 2362 admirantibus
2257 2340 2370 2363 eorum
2381 2331 2559 2371 ingressum
2615 2319 2656 2338 Μ’

575 2376 823 2422 [convenienter]
848 2379 880 2408 in
900 2378 1083 2409 Bethlehem
1107 2378 1197 2408 nasci
1219 2377 1330 2409 voluit.
1355 2377 1575 2417 Probaturque

512 2424 696 2464 dupliciter.
720 2424 836 2463 primo,
853 2422 892 2453 ad
915 2423 1068 2459 litteram;
1092 2422 1245 2458 secundo,
1269 2422 1412 2462 mystice.

566 2467 704 2498 Adverte
727 2467 778 2497 hic
803 2466 892 2506 quod
914 2467 1037 2497 Auctor
1052 2465 1154 2497 reddit
1169 2467 1326 2496 rationem
1350 2475 1388 2496 ex
1408 2470 1497 2505 parte
1512 2465 1576 2495 loci

512 2512 621 2547 voliti,
653 2521 750 2552 quare
781 2511 924 2542 Christus
947 2511 1085 2541 voluerit
1107 2511 1194 2541 nasci
1217 2511 1270 2540 ibi.
1307 2510 1398 2547 Quae
1422 2509 1501 2539 ratio
1530 2514 1577 2539 est

513 2557 607 2587 etiarn
624 2557 702 2586 ratio
720 2565 817 2595 quare
833 2555 1014 2595 prophetari
1031 2554 1139 2585 fecerit
1162 2564 1195 2584 se
1214 2554 1256 2584 ibi
1273 2554 1469 2584 nasciturum
1484 2554 1510 2583 ἢ
1535 2553 1576 2583 Ει

512 2606 681 2641 propterea
704 2609 771 2630 non
788 2599 914 2629 affertur
937 2600 970 2629 in
989 2599 1091 2629 littera
1114 2599 1193 2628 ratio
1218 2608 1256 2628 ex
1278 2603 1366 2638 parte
1389 2597 1575 2638 prophetiae

513 2644 704 2684 implendae.

569 2688 606 2718 11.
631 2688 666 2718 In
690 2688 898 2727 responsione
922 2686 961 2717 ad
984 2686 1177 2723 secundum,
1201 2692 1278 2717 nota
1302 2685 1406 2726 quod,
1431 2685 1471 2715 ad
1494 2686 1575 2716 litte-

514 2742 591 2768 ram,
616 2731 688 2762 ideo
711 2733 746 2762 in
762 2731 934 2762 diversorio
957 2732 1044 2762 nasci
1060 2731 1154 2771 elegit
1170 2730 1324 2766 Christus,
1347 2735 1384 2760 ut
1399 2739 1576 2759 sacramen-

514 2782 584 2806 tum
607 2776 737 2815 virginei
760 2781 868 2815 partus
892 2776 1072 2811 occultum,
1101 2776 1220 2815 absque
1250 2774 1358 2804 matris
1386 2774 1576 2813 consangui-

514 2829 712 2860 nearumque
734 2825 821 2855 nota,
845 2826 997 2850 maneret.
1022 2819 1055 2850 Si
1079 2819 1165 2850 enim
1188 2819 1222 2849 in
1245 2819 1370 2849 civitate
1392 2818 1575 2858 peperisset,

516 2865 709 2903 oportuisset
738 2864 940 2894 obstetricem
963 2873 1078 2894 vocare
1110 2868 1140 2893 et
1171 2863 1433 2902 consanguineas.
1468 2862 1509 2892 Et
1532 2863 1576 2892 sic

516 2913 570 2937 aut
593 2908 751 2947 virginitas
781 2909 888 2938 matris
918 2908 1027 2938 fuisset
1057 2906 1270 2938 manifestata:
1303 2912 1357 2937 aut
1386 2906 1577 2946 reprehensa

516 2958 615 2981 mater
638 2951 747 2982 fuisset
770 2951 858 2991 quod
881 2962 948 2982 non
970 2957 1123 2982 vocasset.
1151 2951 1255 2982 Immo
1279 2959 1403 2981 sorores
1427 2951 1494 2980 eius
1518 2951 1575 2980 ob-

516 2995 674 3025 stetricem
698 2996 792 3026 etiam
816 2995 854 3026 ad
876 2996 1007 3026 invitam
1031 3000 1164 3026 matrem
1189 2999 1428 3026 convocassent.

562 3039 629 3069 Nec
653 3039 755 3069 obstat
778 3039 867 3079 quod
889 3041 922 3070 in
938 3040 1125 3070 Bethlehem
1147 3045 1240 3070 natus
1264 3038 1387 3069 dicitur.
1412 3038 1577 3076 Quoniam

518 3083 704 3113 Bethlehem
728 3084 941 3123 appellatione
964 3085 1096 3114 veniunt
1112 3084 1207 3114 etiarn
1231 3084 1430 3114 suburbanae
1450 3082 1576 3112 domus.

519 3126 554 3157 In
578 3127 667 3157 cuius
691 3128 826 3166 signum,
850 3127 1005 3164 Herodes,
1029 3127 1138 3158 audito
1163 3127 1252 3168 quod
1270 3128 1304 3158 in
1319 3127 1506 3159 Bethlehem
1521 3136 1577 3157 na-

518 3176 665 3207 sectetur,
689 3171 778 3201 iussit
800 3171 902 3201 occidi
925 3171 958 3201 in
981 3171 1169 3202 Bethlehem
1192 3177 1222 3202 et
1245 3172 1277 3202 in
1294 3171 1440 3202 omnibus
1451 3170 1578 3212 finibus

520 3214 587 3244 eius
617 3213 751 3244 infantes
770 3215 803 3250 ⁹,
830 3214 1007 3255 intelligens
1037 3225 1093 3255 per
1123 3216 1233 3246 locum
1262 3215 1430 3246 nativitatis
1461 3214 1578 3246 Christi

520 3262 623 3287 totum
646 3258 726 3288 infra
749 3257 828 3288 fines
851 3258 1047 3289 Bethlehem.

575 3302 718 3332 Suaviter
737 3311 812 3341 ergo
835 3302 944 3331 omnia
967 3301 1071 3332 divina
1095 3302 1251 3343 disposuit
1274 3302 1434 3343 Sapientia
1449 3304 1475 3339 *‚
1500 3302 1579 3334 dum

521 3345 607 3375 nasci
630 3346 663 3375 in
687 3345 858 3376 diversorio
883 3345 985 3385 elegit,
1007 3346 1062 3376 ubi
1077 3347 1195 3377 nullius
1211 3356 1286 3377 cura
1300 3347 1351 3377 vel
1366 3347 1488 3378 incuria
1504 3356 1578 3377 cen-

522 3398 625 3419 sorem
648 3389 786 3420 haberet.
810 3389 874 3420 Ubi
897 3394 928 3419 et
950 3398 968 3419 a
991 3389 1092 3429 Magis
1114 3390 1292 3421 adorandus
1308 3397 1373 3421 erat
1396 3391 1515 3431 absque
1531 3400 1578 3421 ar-

1153 279 1416 326 QUAESTIO
1446 279 1609 325 XXXV,
1638 278 1932 316 ARTICULUS
1959 278 2025 315 VII

1620 355 1826 414 praecipue
1839 357 1976 392 volunt
1994 354 2188 392 honorari.
2210 354 2384 392 Christus
2401 361 2536 392 autem
2551 366 2683 400 einum
2752 391 2761 405 ,1

1619 420 1732 445 verso
1751 407 1792 444 in
1810 407 1960 445 civitate
1978 407 2134 456 ignobili
2152 406 2257 444 nasci
2271 406 2405 454 voluit,
2421 414 2460 444 et
2470 405 2524 444 in
2518 402 2683 486 civitate
2712 431 2718 437 --
2733 427 2734 430 =
2749 409 2766 452 j‘

1620 459 1740 498 nobili
1766 460 1844 509 pati
1870 459 2138 509 opprobrium.
2545 482 2548 486 ·
2601 462 2683 498 rii»
2739 469 2758 500 ἶ”

1673 514 1730 549 Ao
1758 523 1948 550 secunaum
1979 523 2164 549 DICENDUM
2196 511 2305 561 quod
2339 483 2514 550 Christus
2537 487 2685 555 florem
2740 509 2774 553 sssst
2830 507 2835 521 ³

1620 565 1743 602 voluit
1770 564 1987 602 secundum
2005 563 2219 601 virtuosam
2239 563 2594 623 conversationem,
2601 568 2683 603 non

1621 617 1838 654 secundum
1865 615 1989 654 carnis
2017 616 2215 664 originem.
2253 617 2303 654 Et
2337 615 2426 653 ideo
2461 615 2502 654 in
2534 614 2684 656 civitate

1621 670 1814 707 Nazareth
1841 668 1997 706 educari
2019 668 2141 706 voluit
2168 675 2205 705 et
2223 667 2368 706 nutriri.
2396 669 2439 706 In
2457 669 2685 709 Betlflehm
2734 676 2759 727 ,3¹3

1621 730 1749 760 autem
1779 721 1901 759 voluit
1927 721 2038 770 quasi
2065 732 2221 770 peregre
2240 720 2362 758 nasci:
2391 721 2494 770 quia,
2513 727 2567 760 ut
2582 721 2736 775 Gna*

1620 775 1759 836 gorius·
1769 773 1858 811 dicit
1873 774 1904 821 *‚
1920 786 1994 824 per
2011 775 2276 812 humanitatem
2295 786 2409 823 quam
2426 773 2741 824 assun'tpsoefflj?

1621 829 1728 877 quasi
1745 829 1782 864 in
1802 827 1924 864 alieno
1944 828 2182 864 nascebatur.-
2209 838 2284 864 non
2307 826 2521 865 secundum

1621 886 1705 926 tem,
1724 880 1790 917 sed
1813 879 2014 916 secundum
2043 885 2229 917 naturam.
2258 878 2319 926 Et,
2338 887 2381 916 ut
2407 876 2523 917 etiam
2541 877 2570 904 t

1622 933 1711 970 dicit
1729 932 1760 979 ²⁸,
1775 944 1848 982 per
1871 933 1942 969 hoc
1960 932 2091 993 quod
2076 945 2114 969 m
2133 932 2338 970 diversorio
2357 931 2440 969 loco
2467 937 2574 982 eget,
2715 953 2721 961 .,

1622 986 1756 1023 multas
1779 986 1989 1022 mansiones
2014 986 2052 1021 in
2079 985 2189 1022 domo
2207 986 2329 1022 Patris
2349 985 2409 1022 sui
2425 996 2596 1044 praepar
2644 1024 2646 1026 ,
2704 990 2718 1021 s

1675 1039 1733 1075 An
1751 1049 1911 1075 TERTmM
1926 1049 2108 1075 monimum
2127 1037 2247 1086 quod,
2263 1036 2360 1075 sicut
2377 1036 2541 1075 dieitur'
2531 1049 2571 1075 m
2588 1039 2644 1090 qi
2641 1014 2725 1100 'mk

1623 1091 1715 1128 dam
1743 1091 1931 1128 Sermone
1959 1089 2146 1139 Ephesini
2174 1089 2336 1128 Concilii
2353 1089 2389 1135 ⁸,
2420 1091 2455 1127 si
2562 1090 2587 1120 .:

1622 1145 1786 1181 Romam
1824 1143 1989 1193 elegisset
2025 1144 2227 1189 civitatem,
2257 1149 2414 1193 propter
2437 1147 2456 1170 η
2482 1131 2714 1193 pueram

1623 1199 1759 1234 civium
1795 1197 2036 1233 mutationem
2073 1197 2172 1233 orbis
2207 1201 2394 1233 terrarum
2424 1200 2613 1245 putarent.
2636 1191 2733 1240 κῆ*

1612 1250 1720 1299 filius
1737 1250 1873 1297 fuisset
1890 1249 2145 1298 Imperatoris,
2159 1250 2330 1298 potestati
2347 1248 2535 1286 utilitatem
2552 1243 2723 1287 adsm

1623 1305 1761 1340 herent.
1786 1302 1859 1339 Sed
1875 1308 1914 1338 ut
1932 1302 2102 1339 divinitas
2120 1307 2408 1351 cognosceretur
2425 1302 2554 1340 orbem
2568 1302 2688 1353 traiic-

1613 1357 1807 1404 formasse
1833 1361 2039 1400 terrarum,
2068 1354 2341 1404 pauperculam
2375 1354 2486 1404 elegit
2510 1358 2693 1402 matrem,

1619 1409 1886 1458 pauperiorem
1908 1408 2085 1457 patriam.

1677 1461 1811 1520 Elegit
1827 1466 1950 1498 autem
1977 1460 2079 1496 Deus
2102 1461 2254 1508 infirma
2272 1460 2403 1497 mundi
2428 1465 2467 1496 ut
2486 1458 2708 1508 confundat¹¹

1614 1515 1757 1562 sortia:
1784 1513 1881 1550 sicut
1908 1512 2045 1550 dicitur
2071 1513 2086 1549 I
2109 1512 2274 1550 Cor.1*.
2304 1513 2353 1550 Et
2378 1512 2479 1560 ideo,
2507 1519 2551 1550 ut
2577 1518 2695 1551 :mam⁴
2739 1551 2742 1557 ἶ

1624 1573 1852 1616 potestatem
1875 1565 1995 1614 magis
2015 1565 2242 1612 ostenderet,
2262 1565 2302 1602 in
2320 1565 2403 1615 ipsa
2421 1566 2561 1612 Roma,
2587 1572 2617 1617 q
2722 1562 2743 1576 ”

1625 1627 1741 1669 caput
1768 1619 1871 1656 orbis
1899 1626 1991 1666 erat,
2019 1617 2146 1655 statuit
2173 1625 2288 1668 caput
2314 1617 2507 1663 Ecclesiae
2525 1616 2619 1666 stiae

1626 1673 1779 1721 signum
1805 1671 1994 1731 perfectae
2021 1670 2212 1718 victoriae,
2234 1678 2278 1708 ut
2304 1670 2442 1709 exinde
2466 1661 2579 1715 fides
2626 1712 2653 1721 .‚
2709 1661 2719 1674 ³

1625 1733 1780 1762 varetur
1798 1725 1848 1762 ad
1866 1724 2094 1762 universum
2111 1723 2328 1762 mundum:
2357 1722 2575 1767 secundum
2598 1717 2611 1731 ‘
2643 1762 2647 1765 ,

1626 1778 1742 1815 Isaiae
1762 1790 1846 1814 xxvi
1870 1777 1907 1814 *ε
1941 1778 2133 1815 Civitatem
2167 1777 2362 1814 sublimem
2395 1777 2695 1823 humiliabit,«a

1626 1831 1857 1868 conculcabit
1880 1842 1964 1867 eam
1991 1841 2055 1879 pes
2076 1831 2266 1880 pauperis,
2295 1829 2392 1867 idest
2410 1827 2565 1885 Christi,

1626 1895 1687 1920 sus
1715 1895 1934 1942 egenorum,
1964 1882 2060 1919 idest
2087 1883 2365 1932 Apostolorum
2391 1881 2493 1920 Petri
2513 1886 2562 1941 ,θι
2569 1834 2758 1939 iffi

1680 2014 1706 2049 ζ)
1728 2015 1770 2044 Et,
1791 2017 1821 2039 ut
1838 2014 1928 2040 etiam.
1946 2029 1966 2034 -
1988 2014 2021 2039 Ut
2039 2013 2120 2039 enam
2140 2013 2210 2044 Eae,
2231 2013 2268 2039 Ee
2286 2017 2316 2038 ut
2333 2012 2414 2039 etiam
2432 2016 2464 2038 ut
2481 2010 2566 2062 HpG)
2577 2012 2614 2039 Β
2622 1977 2667 2039 ιθι
2675 2007 2695 2044 t,

1633 2051 1667 2076 Ut
1685 2051 1766 2075 etiam
1786 2053 1816 2075 ut
1834 2050 1857 2079 b,
1879 2050 1914 2074 Η
1932 2050 2012 2074 etiam
2032 2052 2062 2074 ut
2082 2049 2135 2078 Ρα;
2155 2049 2174 2073 Ρ
2193 2049 2291 2083 pergit:
2311 2049 2388 2074 Beda
2407 2048 2489 2074 dicit:
2504 2053 2534 2074 ιιι
2547 2048 2696 2075 divom
2744 2053 2755 2065 -’

1629 2086 1686 2111 loco
1704 2086 1800 2119 egebat
1819 2089 1848 2110 ut
1867 2085 1967 2110 nobis...
1981 2087 2138 2117 praeparet.
2616 2102 2621 2114 :

1682 2120 1710 2154 η)
1725 2123 1847 2152 propter.
1865 2134 1884 2139 -
1902 2119 1964 2145 Om.
1983 2120 2058 2145 tertia
2076 2124 2178 2152 praeter
2196 2119 2224 2145 Ρ.

1630 2376 1734 2418 indice
1758 2377 1791 2407 in
1815 2376 1950 2407 domum
1974 2376 2099 2416 Ioseph.
2123 2376 2256 2416 Propter
2274 2374 2365 2416 quod
2387 2374 2597 2419 diversorium

1630 2430 1698 2451 non
1728 2421 1809 2451 intra
1840 2421 2017 2456 civitatem,
2040 2419 2096 2450 sed
2126 2424 2212 2450 extra
2233 2418 2358 2450 videtur
2379 2418 2495 2450 fuisse.
2529 2408 2571 2462 ιιξΙ
2621 2423 2623 2426 ⁴

1631 2464 1795 2495 diversorii
1816 2474 1938 2495 nomen
1960 2469 2062 2495 sonat.
2097 2463 2181 2494 Nam
2204 2463 2230 2494 si
2251 2464 2338 2494 intus
2364 2462 2492 2500 fuisset,
2523 2467 2525 2469 ’
2544 2467 2550 2470 ’
2642 2498 2643 2501 ¹
2733 2481 2748 2501 ,ς

1630 2509 1753 2540 Herodi
1779 2507 1939 2539 testificari
1961 2508 2055 2539 multi
2084 2517 2148 2559 qua
2171 2506 2257 2548 Magi
2287 2507 2322 2538 in
2347 2507 2536 2539 Bethlehem
2564 2500 2616 2515 ‘³⁴'
2649 2499 2657 2513 ‘

1631 2558 1744 2589 essent,
1762 2558 1821 2583 etc.
1847 2552 1910 2583 Sed
1932 2553 1988 2583 ubi
2007 2561 2065 2592 per
2079 2552 2164 2583 viam
2185 2552 2220 2583 in
2236 2551 2406 2583 diversoria
2421 2550 2522 2583 dot'no
2538 2541 2633 2583 celeb*

1631 2603 1677 2627 est
1700 2597 1854 2633 adoratio,
1879 2597 1970 2627 latuit
1992 2597 2061 2637 ipsa
2083 2595 2742 2629 adoratio.

1685 2641 1797 2671 111.1n
1819 2642 2029 2681 responsione
2052 2640 2092 2671 ad
2107 2641 2246 2676 tertium,
2266 2645 2345 2670 nota
2360 2639 2473 2680 quod·
2464 2649 2533 2681 lpse
2549 2629 2707 2675 christiin
2721 2636 2751 2679 3³5}

1629 2685 1753 2716 Romae
1783 2691 1880 2725 caput
1903 2685 2063 2716 Ecclesiae
2086 2694 2162 2715 suae
2191 2685 2314 2715 statuit.
2347 2694 2416 2715 non
2438 2684 2545 2715 solum
2570 2683 2727 2716 ration·

1630 2730 1807 2765 communi,
1833 2730 1908 2769 quia
1931 2729 2012 2759 facta
2027 2729 2261 2769 Apostolorum
2276 2733 2351 2759 sunt
2365 2727 2448 2759 facta
2463 2726 2592 2765 Christi,
2606 2717 2727 2769 iuffl}'⁴”

1629 2773 1718 2810 illud,
1735 2773 1812 2804 Sine
1827 2783 1876 2804 me
1892 2773 1973 2804 nihil
1983 2773 2118 2816 potestis
2123 2773 2285 2815 facere
2253 2773 2284 2790 “·
2301 2771 2358 2803 sed
2373 2772 2449 2812 quia
2462 2771 2585 2803 volenti
2598 2765 2726 2805 Pe&

1631 2827 1669 2847 ex
1691 2818 1796 2848 Roma
1817 2816 1975 2853 recedere,
1999 2817 2082 2848 sicut
2096 2817 2175 2848 olim
2191 2826 2230 2848 ex
2244 2816 2418 2847 Ann'ochia
2430 2820 2610 2857 recesserat.
2624 2816 2715 2857 ἱροῦ

1631 2861 1775 2892 Christus
1791 2862 1939 2898 obviavit,
1951 2862 2064 2892 iubens
2080 2866 2116 2892 ut
2130 2866 2303 2892 revertatur
2318 2866 2350 2892 et
2363 2860 2488 2891 Romae
2501 2851 2593 2891 sedet
2602 2858 2733 2911 Apo,-

1630 2906 1741 2936 stolica
1764 2906 1953 2942 stabiliatur,
1978 2905 2056 2936 dum
2079 2905 2170 2936 dixit:
2200 2905 2297 2935 Venio
2319 2905 2457 2936 Romam
2480 2903 2597 2936 iterum
2619 2905 2729 2941 cru-32²5

1630 2950 1707 2991 cifig
1709 2950 1761 2980 i*.
1786 2949 1819 2981 Si
1842 2950 1929 2981 enim
1951 2950 2062 2980 Petrus
2086 2949 2160 2980 alibi
2175 2948 2284 2980 sedem
2300 2948 2454 2989 elegisset,
2476 2957 2545 2980 non
2559 2943 2728 2985 Romam?-

1631 2993 1687 3024 sed
1715 2994 1748 3024 in
1774 2994 1848 3024 loco
1878 2993 1934 3024 illo
1961 2994 2019 3024 ubi
2043 2998 2208 3034 postremo
2234 2992 2383 3029 sedisset,
2410 2997 2508 3033 caput
2544 2997 2613 3022 tw.
2679 3030 2690 3031 Π
2711 3006 2725 3032 ,-

1630 3037 1750 3068 fuisset.
1774 3038 1816 3068 Et
1838 3038 1920 3068 sicut
1941 3047 2029 3068 nune
2051 3047 2120 3068 non
2142 3037 2362 3074 Antiochena,
2385 3035 2442 3068 sed
2463 3032 2611 3069 Rom
2654 3047 2678 3058 ·-
2696 3043 2712 3056 ³

1631 3082 1726 3112 clesia
1740 3087 1836 3123 caput
1852 3087 1908 3118 est,
1921 3083 1997 3122 quia
2010 3082 2178 3113 Romanus
2188 3080 2336 3112 Pontifex
2350 3088 2518 3112 successor
2530 3082 2591 3120 eet
2647 3117 2649 3120 y

1631 3126 1773 3157 similiter
1795 3127 1829 3156 in
1851 3126 1907 3157 illo
1931 3135 2007 3157 casu
2028 3135 2098 3157 non
2119 3125 2295 3162 Romanus,
2311 3124 2367 3156 sed
2389 3124 2474 3156 illius
2488 3115 2626 3157 alter&
2704 3142 2708 3150 ›

1630 3170 1775 3210 pontifex
1805 3180 1968 3201 successor
1999 3170 2110 3201 fuisset
2135 3169 2219 3200 Petri
2246 3178 2283 3200 ac
2306 3168 2424 3200 Christi
2445 3168 2590 3200 vicarius.
2631 3202 2633 3204 ,

1631 3223 1707 3255 ergo
1731 3213 1885 3251 Christus,
1908 3212 2135 3255 praecipiendo
2158 3221 2335 3254 regressum
2358 3217 2390 3244 et
2408 3220 2547 3248 crucem,
2569 3202 2627 3245 Ro
2680 3214 2734 3250 ji

1632 3258 1739 3289 statuit
1762 3264 1859 3299 caput
1881 3258 2052 3289 Ecclesiae.
2076 3257 2238 3296 Quocirca
2259 3266 2327 3288 non
2350 3261 2457 3298 potest
2477 3256 2620 3288 humana

1633 3303 1777 3333 ctoritate
1807 3303 1941 3338 mutari,
1966 3307 1998 3333 et
2026 3301 2095 3333 fieri
2123 3307 2160 3332 ut
2189 3301 2270 3332 alius
2292 3310 2391 3342 quam
2413 3308 2578 3332 successor
2599 3298 2733 3337 Petri.

1633 3346 1799 3378 Romanus
1821 3345 1979 3383 Pontifex,
2002 3346 2042 3377 sit
2065 3351 2162 3387 caput
2184 3345 2356 3377 Ecclesiae.
2589 3366 2591 3369 »
2674 3348 2681 3363 f
2699 3344 2745 3370 Τί
