2872 3970
190 1196 244 1236 et,
266 1195 359 1238 post
385 1195 551 1225 mortem
578 1188 750 1225 animam·
776 1188 876 1226 Petri
908 1190 1162 1238 alloquentes,
1191 1189 1245 1225 di-

110 1254 166 1269 -·
191 1240 331 1279 cimus:
352 1242 485 1278 Sancte
502 1242 619 1287 Petre,
636 1253 705 1278 ora
718 1254 792 1290 pro
812 1243 926 1278 nobis.
951 1242 1027 1278 Sed
1041 1249 1127 1300 post
1145 1253 1245 1278 mor-

104 1449 133 1502 {j
190 1460 235 1489 ln
258 1449 321 1487 illo
340 1449 466 1487 triduo
485 1449 618 1486 mortis
638 1449 811 1487 Christus
833 1450 902 1487 fuit
920 1451 1114 1487 sacerdos.
1143 1449 1249 1486 aliter

104 1503 110 1553 ¹:
131 1514 134 1516 ·
191 1501 296 1541 enim
323 1513 403 1539 non
421 1514 560 1539 verum
580 1509 677 1538 esset
704 1502 811 1551 quod
830 1501 993 1539 dicitur
984 1514 1024 1539 111
1043 1503 1196 1539 Psalmo
1211 1501 1245 1537 *z

125 1563 134 1573 ”
195 1554 252 1592 ru
271 1565 309 1590 es
325 1554 498 1591 sacerdos
525 1556 562 1590 in
582 1560 784 1591 aeternum.
813 1555 915 1603 Ergo
936 1554 1136 1591 Christus
1126 1566 1166 1590 1n
1185 1553 1247 1590 illo

104 1731 110 1742 =
135 1701 138 1703 ⁴
191 1709 317 1747 serius.
347 1710 425 1748 Sed
451 1710 598 1758 vivum,
623 1710 702 1747 sive
738 1710 960 1758 animatum,
988 1718 1044 1747 est
1075 1710 1249 1760 superius

51 2269 54 2271 Α
194 2232 270 2269 Dei
291 2233 451 2270 Verbum
473 2244 626 2281 passum
654 2244 785 2278 carne,
815 2237 848 2268 et
875 2233 979 2268 cruci
1004 2243 1098 2268 xum
1125 2243 1250 2275 carne,

52 2302 55 2305 ·
105 2287 115 2311 Γ
135 2326 145 2335 ,‚
195 2290 231 2321 et
247 2284 347 2334 quod
361 2290 518 2322 mortem
541 2286 700 2334 gustavit
720 2296 846 2330 carne,
865 2285 1063 2320 anathema
1081 2284 1134 2319 sit.
1164 2284 1252 2319 Per-

136 2338 142 2341 “
195 2336 289 2374 tinet
315 2344 442 2374 autem
471 2337 521 2374 ad
539 2337 738 2373 veritatem
756 2335 889 2373 mortis
908 2335 1076 2372 hominis
1094 2336 1156 2371 vel
1174 2334 1252 2372 ani-

898 314 1157 361 QUAESTIO
1186 316 1237 362 L,
1266 315 1556 352 ARTICULUS
1583 316 1633 352 lv
2260 317 2341 364 483

959 447 1274 489 ARTICULUS
1304 447 1574 496 QUARTUS

684 545 840 577 UTRUM
864 546 1076 578 CHRISTUS
1098 547 1142 577 IN
1165 542 1330 579 TRIDUO
1355 547 1518 579 MORTts
1540 548 1699 579 FUERIT
1722 547 1851 578 HOMO

446 632 477 657 111
496 632 579 661 Sent„
599 632 656 657 dist.
674 640 734 662 xxn,
754 640 798 664 qu.
817 639 835 662 1,
854 637 901 658 art.
920 639 949 663 15
969 633 1065 663 Quodl.
1084 633 1112 664 ll,
1132 641 1176 666 qu.
1194 640 1213 664 1,
1232 638 1278 658 art.
1299 640 1328 665 13
1347 634 1386 664 111,
1405 642 1450 666 qu.
1468 641 1495 665 n,
1515 639 1561 659 art.
1582 641 1612 664 2;
1634 634 1776 666 Compend.
1798 633 1897 663 Theol„
1918 641 1971 666 cap.
1991 641 2088 659 ccxxix.

195 733 201 736 ⁴*
227 741 231 752 ·
257 740 282 762 ,;,
302 739 310 765 ⁸,
322 743 374 783 46(
396 731 419 756 1)
439 730 610 761 QUARTUM
629 731 681 756 sm
700 730 934 756 PROCEDITUR.
957 719 1116 757 Videtur
1134 721 1241 769 quod
1297 721 1387 757 citer
1413 728 1448 757 et
1467 721 1638 758 absolute
1667 721 1875 769 loquendo,
1896 732 2102 757 erroneum
2130 728 2195 757 est.
2224 721 2350 757 Potest

249 784 268 803 ,γ

321 781 387 839 *³2⁹4-
398 770 570 808 Christus
597 771 637 807 in
663 770 790 808 triduo
817 771 950 808 mortis
977 772 1087 809 fuerit
1107 773 1240 810 homo.
1296 780 1426 810 tamen
1462 772 1536 810 dici
1568 773 1675 822 quod
1708 772 1880 819 Christus
1915 772 1954 808 in
1988 772 2113 809 triduo
2146 772 2215 809 fuit
2241 774 2351 810 homo

202 818 250 867 ‘1⁸
256 842 325 869 «η
342 831 367 866 r
397 822 496 860 Dicit
523 822 627 860 enim
655 822 902 871 Augustinus,
922 823 961 860 in
985 825 1063 861 Ide
1085 827 1120 862 T
1118 837 1188 861 rm
1203 824 1240 861 *z
1297 831 1474 862 mortuus.

110 907 126 915 .„
198 854 341 919 Ᾱὲξῶ
370 896 388 913 ἢ
402 875 502 913 Talis
529 881 608 912 erat
627 875 690 912 illa
708 877 896 924 susceptio,
918 889 1012 925 quae
1032 878 1154 913 Deum
1181 877 1242 913 ho·
1351 877 1522 924 Quidam
1549 885 1679 914 tamen
1707 876 1868 913 confessi
1895 884 1983 913 sunt
2011 877 2205 913 Christum
2233 876 2272 913 in
2290 876 2351 913 tri-

112 931 137 982 f·
158 968 160 970 ,
188 929 326 966 minem
343 929 491 976 faceret
509 933 542 964 et
560 928 746 964 hominem
773 929 906 964 Deum.
937 929 1014 966 Sed
1041 929 1102 965 illa
1121 940 1243 965 susce·
1298 929 1377 966 duo
1406 930 1607 966 hominem
1633 928 1758 975 fuisse,
1779 928 1945 965 dicentes
1973 929 2130 977 quidem
2151 929 2269 966 verba
2295 940 2351 966 er-

121 994 128 1002 „
188 980 271 1039 ptio
287 991 368 1017 non
387 978 546 1016 cessavit
563 991 634 1028 per
651 986 827 1016 mortem.
848 981 949 1029 Ergo
968 980 1119 1018 videtur
1137 981 1244 1030 quod
1299 993 1428 1028 ronea,
1449 981 1516 1018 sed
1544 993 1700 1018 sensum
1719 980 1855 1017 erroris
1879 993 1958 1017 non
1981 981 2163 1018 habentes
2190 981 2229 1017 in
2256 980 2350 1017 fide:

107 1040 130 1068 :i
189 1036 260 1085 per
284 1039 450 1069 mortem
478 1032 558 1068 non
585 1031 694 1068 desiit
721 1044 802 1068 esse
830 1033 962 1070 homo.
1299 1033 1394 1070 sicut
1421 1033 1536 1081 Hugo
1564 1034 1612 1070 de
1641 1034 1780 1070 Sancto
1808 1033 1958 1069 Victore
1979 1033 2016 1079 ²¹³,
2043 1033 2109 1081 qui
2137 1045 2182 1070 ea
2209 1032 2352 1070 ratione

109 1115 120 1133 Β,
151 1093 165 1130 j
244 1095 278 1121 2.
307 1085 537 1130 PRAETEREA,
557 1083 816 1132 Philosophus
835 1084 935 1131 dicit,
955 1084 995 1121 in
1013 1086 1064 1122 IX
1082 1084 1233 1122 Ethic.*
1299 1085 1391 1122 dixit
1420 1085 1615 1122 Christum
1643 1085 1682 1121 in
1705 1085 1831 1122 triduo
1850 1084 1982 1121 mortis
2008 1085 2122 1121 fuisse
2140 1085 2351 1131 hominem,

157 1145 165 1153 ·
190 1136 298 1187 q'uod
325 1138 568 1185 unusquisque
585 1137 696 1173 homo
716 1142 766 1173 est
783 1149 870 1173 suus
897 1138 1104 1174 intellectus.
1134 1137 1244 1174 Unde
1300 1138 1390 1186 quia
1408 1137 1557 1174 dicebat
1576 1137 1746 1174 animam
1765 1148 1846 1173 esse
1861 1137 2071 1174 hominem.
2094 1138 2211 1183 Quod
2226 1144 2353 1173 tamen

1300 1198 1355 1226 est
1382 1189 1532 1235 salsum,
1552 1197 1594 1225 ut
1621 1189 1660 1225 in
1688 1189 1816 1225 Prima
1845 1189 1987 1224 Parte*
2011 1197 2206 1226 ostensum
2235 1196 2299 1225 est.

1353 1241 1532 1289 Magister
1569 1241 1683 1277 etiam
1721 1240 2021 1285 Sententiarum,
2051 1241 2089 1276 in
2123 1253 2192 1277 xxu
2227 1240 2354 1277 distin-

1300 1294 1425 1330 ctione
1443 1293 1463 1314 *
1491 1294 1536 1330 111
1563 1292 1657 1338 libri,
1677 1292 1804 1341 posuit
1831 1293 1937 1341 quod
1966 1293 2136 1330 Christus
2164 1293 2203 1329 in
2230 1292 2354 1329 triduo

1301 1345 1433 1383 mortis
1452 1345 1520 1382 fuit
1538 1346 1670 1392 homo,
1691 1345 1762 1382 alia
1780 1344 1940 1381 ratione:
1967 1345 2058 1394 quia
2076 1335 2232 1382 cffedidit
2250 1345 2356 1393 quod

1302 1397 1403 1435 111110
1419 1397 1569 1434 animae
1589 1405 1625 1434 et
1643 1397 1765 1434 earnis
1784 1409 1863 1434 non
1883 1405 1979 1434 esset
2006 1398 2053 1434 de
2072 1397 2216 1434 ratione
2235 1396 2356 1434 homi-

1302 1450 1371 1496 nis,
1384 1450 1451 1486 sed
1466 1450 1604 1487 sufficit
1617 1450 1666 1486 ad
1680 1450 1755 1486 hoc
1769 1450 1876 1498 quod
1890 1449 2032 1498 aliquid
2047 1449 2092 1486 sit
2106 1450 2237 1496 homo,
2250 1449 2355 1498 quod

108 1329 124 1334 ,
144 1310 167 1337 ee
190 1297 269 1331 tem
287 1291 405 1330 Filius
423 1292 496 1330 Dei
514 1304 594 1330 non
619 1293 688 1329 fuit
713 1301 908 1342 separatus
927 1293 975 1330 ab
995 1294 1123 1330 anima
1141 1294 1246 1330 intel-

129 1359 166 1374 ’Μ
190 1344 349 1383 tectuali.
379 1345 513 1393 Ergo
504 1357 544 1382 111
567 1344 630 1382 1110
648 1345 774 1382 triduo
794 1345 911 1382 Filius
930 1345 1003 1382 Dei
1025 1345 1094 1382 fuit
1112 1346 1244 1382 horno.

246 1397 280 1434 3.
310 1397 541 1444 ΡιῑΑΕτΕκΕΑ,
566 1397 693 1434 omnis
721 1395 898 1435 sacerdos
925 1405 981 1434 est
1006 1398 1139 1435 homo.
1171 1397 1247 1434 Sed

1302 1502 1440 1539 habeat
1458 1502 1627 1539 animam
1646 1502 1859 1538 humanam
1878 1509 1914 1538 et
1932 1513 2082 1551 corpus,
2099 1502 2177 1538 sive
2197 1501 2355 1538 coniun-

1302 1562 1360 1591 cta
1389 1554 1468 1591 sive
1496 1566 1576 1591 non
1603 1554 1817 1591 coniuncta.
1861 1554 1979 1600 Quod
2007 1554 2121 1591 etiam
2147 1562 2248 1602 patet
2276 1565 2356 1590 esse

1302 1606 1439 1643 falsum
1459 1619 1504 1643 ex
1532 1606 1590 1642 his
1618 1618 1717 1654 quae
1741 1606 1839 1642 dicta
1867 1614 1954 1643 sunt
1981 1606 2020 1642 in
2048 1606 2176 1643 Prima
2197 1607 2305 1643 Parte
2324 1606 2355 1650 *‚

106 1597 135 1624 ⁹²
191 1603 318 1643 triduo
346 1605 415 1643 fuit
442 1607 575 1643 horno.

116 1663 121 1671 “
1303 1666 1339 1695 et
1357 1671 1404 1695 ex
1418 1658 1476 1695 his
1495 1670 1594 1707 quae
1613 1658 1711 1695 dicta
1727 1664 1744 1679 ‘²
1763 1665 1851 1694 sunt
1864 1658 1884 1679 ’¹‘
1898 1658 1995 1695 circa
2009 1659 2173 1695 modum
2191 1657 2355 1695 unionis.

245 1657 319 1696 SED
348 1670 503 1705 CONTRA,
533 1666 682 1695 remoto
711 1658 917 1707 superiori,
947 1666 1167 1695 removetur
1193 1658 1248 1694 in-

192 1760 243 1800 'ad
269 1762 411 1800 animal
430 1770 466 1799 et
485 1763 533 1799 ad
557 1763 777 1799 hominem:
807 1775 900 1800 nam
918 1762 1060 1800 animal
1083 1770 1138 1799 est
1161 1763 1249 1799 sub-

193 1814 328 1852 stantia
347 1814 514 1852 animata
532 1815 727 1852 sensibilis.
759 1815 835 1852 Sed
854 1815 893 1851 in
913 1814 975 1852 illo
994 1814 1121 1851 triduo
1148 1827 1250 1851 mor-

192 1865 239 1903 tis
266 1877 411 1915 corpus
436 1867 574 1904 Christi
601 1879 681 1904 non
700 1866 768 1903 fuit
792 1867 928 1903 vivum
957 1879 1083 1915 neque
1107 1866 1250 1903 anima-

193 1925 289 1956 tum.
332 1919 433 1967 Ergo
461 1931 541 1955 non
568 1918 637 1955 fuit
664 1920 796 1955 homo.

198 1977 200 1979 ’
246 1971 469 2010 ΚΕεΡοΝοΕο
488 1982 669 2008 DICENDUM
693 1970 800 2019 quod
829 1970 1025 2007 Christum
1048 1982 1137 2007 vere
1163 1969 1251 2006 fuis-

195 2031 236 2060 se
259 2031 460 2060 mortuum
487 2030 542 2059 est
569 2023 749 2060 articulus
776 2022 867 2059 fidei
885 2022 916 2058 ³⁸.
946 2023 1057 2060 Unde
1085 2034 1251 2059 asserere

195 2082 312 2114 'omne
339 2074 378 2112 id
402 2087 472 2124 per
489 2075 597 2124 quod
623 2075 766 2112 tollitur
783 2074 920 2111 veritas
947 2074 1081 2111 mortis
1101 2074 1250 2120 Christi,

1304 1762 1469 1811 suscepit
1496 1762 1665 1799 animam
1693 1770 1730 1798 et
1757 1774 1912 1799 carnem
1939 1763 2102 1799 unitam:
2133 1770 2169 1799 et
2187 1762 2274 1799 ideo
2298 1762 2358 1798 illa

1305 1814 1494 1863 susceptio
1538 1814 1623 1850 fecit
1663 1815 1791 1851 Deum
1837 1814 2037 1851 hominem
2083 1822 2118 1851 et
2159 1814 2358 1851 hominem

1305 1867 1445 1903 Deum.
1482 1867 1575 1902 Non
1611 1873 1741 1902 autem
1777 1866 1936 1903 cessavit
1972 1867 2033 1903 illa
2069 1866 2257 1915 susceptio
2291 1878 2360 1914 per

1306 1917 1586 1967 separationem
1613 1918 1728 1954 Verbi
1756 1919 1804 1954 ab
1833 1918 1961 1955 anima
1988 1919 2049 1954 vel
2076 1931 2098 1954 a
2122 1931 2251 1955 carne:
2282 1930 2359 1955 ces-

1304 1970 1401 2018 savit
1428 1977 1557 2006 tamen
1585 1969 1678 2006 unio
1707 1970 1828 2007 carnis
1857 1978 1893 2006 et
1919 1970 2081 2007 animae.

1359 2023 1415 2058 AD
1444 2034 1631 2059 SECUNDUM
1657 2034 1836 2059 DICENDUM
1856 2023 1961 2070 quod
1985 2023 2105 2059 homo
2125 2022 2261 2059 dicitur
2279 2034 2359 2059 esse

1307 2087 1399 2111 suus
1436 2073 1665 2119 intellectus,
1695 2085 1775 2110 non
1812 2075 1902 2123 quia
1939 2074 2146 2111 intellectus
2182 2075 2227 2111 sit
2260 2082 2360 2111 totus

195 2133 252 2164 est
277 2138 384 2165 error
401 2135 535 2164 contra
551 2127 682 2164 fidem.
713 2128 873 2176 Propter
899 2126 1006 2175 quod
1025 2126 1064 2163 in
1083 2126 1253 2175 Epistola

111 2143 130 2176 ῃ,
1307 2127 1446 2171 homo,
1475 2126 1542 2162 sed
1570 2125 1660 2174 quia
1687 2126 1895 2163 intellectus
1923 2134 1978 2163 est
2005 2126 2247 2175 principalior
2273 2138 2359 2175 pars

118 2205 124 2207 -
196 2178 379 2232 Synodali
408 2179 536 2230 Cyrilli
554 2179 575 2201 '¹‘
602 2179 756 2216 dicitur:
787 2181 827 2216 Si
854 2181 932 2228 quis
961 2191 1034 2215 non
1059 2180 1252 2226 confitetur

1307 2177 1493 2224 hominis,
1522 2178 1562 2214 in
1589 2190 1668 2226 quo
1696 2178 1902 2215 virtualiter
1937 2178 2056 2215 existit
2074 2177 2089 2207 β
2122 2186 2200 2215 tota
2233 2178 2359 2227 dispo-

1308 2229 1391 2267 sitio
1411 2229 1596 2266 hominis:
1627 2229 1722 2267 sicut
1740 2230 1771 2267 si
1789 2238 1912 2267 rector
1939 2230 2095 2267 civitatis
2120 2230 2266 2267 dicatur
2283 2238 2361 2267 tota

1308 2282 1459 2328 civitas,
1489 2282 1579 2331 quia
1615 2282 1655 2318 in
1691 2294 1738 2319 eo
1773 2282 1940 2319 consistit
1975 2290 2053 2319 tota
2084 2282 2278 2331 dispositio
2311 2282 2360 2318 ci-

1307 2333 1441 2371 vitatis.

1362 2387 1418 2422 AD
1455 2398 1612 2423 TERTIUM
1648 2398 1828 2424 manDUM
1864 2387 1971 2436 quod
2008 2399 2088 2423 esse
2125 2386 2360 2424 sacerdotem

1309 2438 1489 2476 convenit
1516 2438 1664 2475 homini
1692 2438 1836 2476 ratione
1864 2438 2026 2483 animae,
2046 2438 2085 2475 in
2113 2451 2191 2487 qua
2218 2445 2273 2475 est
2300 2449 2360 2475 or-

1310 2490 1407 2528 dinis
1435 2491 1638 2527 character.
1677 2491 1788 2528 Unde
1824 2502 1893 2539 per
1928 2498 2092 2528 mortem
2129 2491 2249 2527 homo
2282 2501 2361 2526 non

1309 2542 1433 2592 perdit
1469 2542 1643 2580 ordinem
1672 2543 1954 2580 sacerdotalem.
1993 2543 2041 2579 Et
2076 2544 2197 2579 multo
2233 2541 2361 2579 minus

1312 2594 1496 2643 Christus,
1525 2595 1592 2643 qui
1620 2603 1675 2631 est
1701 2594 1816 2632 totius
1844 2594 2042 2632 sacerdotii
2070 2594 2188 2642 origo.

196 2388 306 2427 malis
333 2389 440 2439 quod
466 2400 537 2438 per
563 2396 730 2426 mortem
761 2387 908 2425 desinat
934 2399 1016 2425 esse
1043 2388 1164 2424 homo
1191 2388 1254 2423 vel

197 2437 357 2479 animal.
386 2453 492 2478 mors
510 2441 614 2478 enirn
642 2440 810 2478 hominis
828 2441 890 2477 vel
916 2439 1089 2477 animalis
1116 2451 1253 2489 prove-

197 2492 258 2531 nit
277 2505 325 2531 ex
351 2493 589 2543 separatione
617 2493 787 2540 animae,
816 2505 916 2542 quae
944 2493 1110 2541 complet
1142 2491 1253 2528 ratio-

197 2551 290 2583 nem
317 2545 489 2583 animalis
515 2547 578 2583 vel
593 2545 785 2583 hominis.
815 2545 863 2582 Et
890 2545 978 2582 ideo
1001 2544 1125 2581 dicere
1146 2543 1254 2580 Chri-

198 2604 301 2637 stum
327 2596 368 2635 in
394 2597 520 2636 triduo
555 2597 688 2635 mortis
715 2597 917 2635 hominem
949 2596 1083 2643 fuisse,
1113 2595 1254 2645 simpli-

251 2746 280 2782 α)
298 2746 379 2773 dicta.
395 2760 416 2766 -—
432 2753 516 2779 cupra
537 2746 611 2772 dicta
629 2746 658 2772 P.
1283 2739 1287 2766 Ι
1365 2742 1391 2777 β)
1409 2743 1512 2768 existit.
1524 2756 1543 2761 -
1561 2742 1683 2768 consistit
1696 2742 1760 2767 HsG
1773 2747 1798 2766 et
1816 2742 1954 2773 editiones;
1974 2742 2000 2766 in
2019 2749 2097 2774 quo...
2111 2741 2225 2766 hominis
2243 2749 2295 2766 orn.
2310 2741 2361 2766 BE.

869 2831 1202 2864 commentaria
1222 2830 1474 2863 Cardinalts
1496 2829 1695 2862 Caietani

56 2920 61 2927 “
122 2927 141 2944 ῑ-
201 2926 252 2991 Iu
273 2918 368 2950 titulo
386 2918 532 2950 Christus
555 2917 711 2959 significat
725 2927 895 2959 personam
915 2918 1014 2949 divini
1030 2918 1126 2948 Verbi
1144 2927 1257 2948 secun·
1281 2915 1286 2980 Ι
1311 2917 1396 2955 Quia
1418 2926 1504 2947 mors
1527 2916 1669 2946 consistit
1690 2916 1723 2946 in
1745 2916 1942 2954 separatione
1966 2915 2099 2951 animae,
2116 2924 2198 2955 quae
2221 2915 2361 2955 complet

231 2961 310 2993 dum
332 2972 404 2993 eam
426 2962 670 3003 dispositionem
697 2971 795 3012 quam
818 2962 858 2993 de
880 2961 965 2992 facto
988 2962 1123 2992 habebat
1148 2962 1181 2991 111
1204 2962 1257 2991 tri-
1310 2961 1466 2991 rationem
1492 2959 1630 2990 hominis
1656 2964 1687 2989 et
1710 2958 1861 2989 animalis.
1885 2976 1906 2981 -
1930 2957 2168 2998 Consequentia
2199 2958 2359 2998 probatur.

124 2999 150 3052 'u
201 3005 267 3036 dno
282 3005 350 3043 illo,
365 3006 485 3037 scilicet
505 3006 595 3046 quod
610 3011 676 3036 erat
697 3006 785 3036 unita
804 3006 929 3036 animae
944 3010 976 3036 et
991 3006 1119 3046 corpori
1141 3004 1258 3035 Christi
1311 3004 1395 3042 Quia
1422 3012 1556 3034 asserere
1589 3011 1686 3032 omne
1708 3001 1787 3032 illud
1809 3011 1865 3041 per
1888 3000 1977 3041 quod
2003 3001 2123 3032 tollitur
2138 3002 2250 3032 veritas
2275 3011 2361 3032 mor-

200 3049 349 3090 separatis
371 3050 411 3080 ab
434 3050 581 3080 invicem.
1310 3048 1349 3077 tis
1366 3047 1491 3082 Christi,
1509 3051 1555 3076 est
1570 3055 1656 3076 error
1671 3050 1781 3075 contra
1795 3044 1902 3075 fidem.
1926 3044 2024 3082 Quod
2039 3045 2206 3084 probatur:
2224 3045 2299 3084 quia
2314 3054 2361 3075 ar-

255 3092 297 3124 111.
315 3102 450 3133 corpore
472 3093 531 3123 tria
553 3092 644 3123 fiunt.
660 3093 778 3129 Primo,
794 3091 1004 3132 respondetur
1026 3093 1170 3132 quaesito
1194 3101 1258 3121 una
1309 3090 1426 3121 ticulus
1447 3089 1523 3120 fidei
1539 3094 1585 3119 est
1607 3089 1646 3119 de
1661 3094 1764 3119 morte
1780 3087 1911 3124 Christi;
1935 3094 1966 3119 et
1988 3089 2172 3119 auctoritate
2196 3087 2315 3128 Cyrilli.

179 3142 181 3145 ’
202 3136 425 3168 conclusione:
449 3135 566 3166 Dicere
590 3136 752 3166 Christum
775 3136 807 3166 in
832 3134 939 3166 triduo
963 3135 1076 3166 mortis
1098 3135 1257 3165 hominem
1363 3132 1521 3168 Secundo,
1533 3132 1646 3162 dicitur
1657 3131 1746 3172 quod
1751 3137 1859 3172 potest
1869 3131 1933 3162 dici
1945 3132 2104 3162 Christum
2117 3132 2149 3161 in
2162 3131 2362 3172 triduosuis—

193 3179 311 3222 fuisse,
327 3179 513 3220 simpliciter
527 3185 558 3210 et
571 3179 714 3210 absolute
730 3178 898 3219 loquendo,
915 3187 1086 3209 erroneum
1102 3182 1157 3208 est.
1180 3177 1257 3208 Pro·
1309 3186 1344 3207 se
1354 3176 1512 3206 hominem
1524 3180 1695 3205 mortuum.
1711 3175 1752 3205 Et
1766 3176 1800 3205 in
1812 3180 1964 3215 promptu
1975 3176 2053 3205 ratio
2066 3180 2125 3205 est:
2143 3175 2217 3215 quia
2231 3175 2264 3215 ly
2275 3184 2361 3204 mor-

202 3223 303 3254 batur.
333 3223 385 3254 Ad
407 3224 571 3254 veritatem
593 3223 704 3253 mortis
722 3223 861 3253 hominis
883 3222 933 3252 vel
956 3222 1099 3252 animalis
1121 3222 1257 3261 pertinet
1311 3225 1384 3250 tuus
1399 3225 1445 3250 est
1460 3218 1601 3249 conditio
1618 3219 1811 3254 diminuens;
1835 3219 1916 3248 sicut
1931 3219 1963 3259 ly
1972 3219 2079 3258 pictus
2095 3223 2148 3248 aut
2164 3218 2316 3258 lapideus.

63 3301 68 3314 1
131 3264 143 3270 ”
203 3266 293 3308 quod
307 3267 429 3298 desinat
444 3276 511 3298 esse
534 3267 634 3297 homo
650 3266 701 3297 vel
723 3266 848 3296 animal.
873 3265 958 3305 Ergo
975 3264 1078 3295 dicere
1094 3264 1256 3295 Christum
1364 3263 1493 3298 Tertio,
1517 3267 1705 3293 excusantur
1726 3262 1824 3302 Hugo
1849 3267 1880 3292 et
1902 3262 2051 3302 Magister
2073 3261 2315 3292 Sententiarum.
2338 3278 2363 3283 -

67 3343 71 3358 c
140 3320 143 3345 ζ
203 3310 238 3342 in
265 3310 371 3342 triduo
393 3311 504 3342 mortis
526 3310 710 3346 hominem,
735 3314 793 3340 etc.
816 3327 839 3331 —
861 3308 1061 3339 Antecedens
1092 3308 1253 3348 probatur.
1309 3306 1426 3337 Omnia
1449 3306 1529 3336 clara
1551 3311 1625 3336 sunt
1648 3315 1685 3335 ex
1709 3311 1780 3335 ante
1803 3305 1903 3335 dictis.

1356 1711 1413 1747 AD
1442 1723 1575 1748 PRIMUM
1604 1722 1701 1747 ERGO
1729 1723 1909 1747 DICENDUM
1946 1711 2053 1759 quod
2079 1711 2252 1747 Verbum
2284 1709 2356 1747 Dei
2387 1698 2395 1708 ’
2435 1703 2449 1718 “

2380 1038 2390 1048 ·
2399 1037 2434 1058 De
2442 1037 2590 1059 Sacrament.

2380 1064 2419 1084 lib.
2440 1063 2469 1090 11,
2493 1067 2550 1090 part.
2571 1064 2590 1090 Ι,

2380 1095 2429 1117 cap.
2444 1095 2476 1110 xi.

2382 1194 2390 1204 ⁸
2399 1193 2445 1220 Qu.
2451 1198 2519 1219 μιν,
2525 1195 2591 1218 11114.

2382 1327 2429 1346 ΠΜ
2383 1299 2456 1345 ‘'Cart-2.
2465 1297 2511 1319 Hic
2520 1302 2592 1324 quae-

2385 1611 2395 1620 ·
2410 1609 2446 1631 Cf.
2462 1615 2500 1637 qu.
2515 1614 2593 1634 axvi,

2384 1640 2426 1657 art.
2443 1643 2461 1658 ι.
