2872 3970
181 1015 247 1037 ⁸-Cf
272 1021 319 1042 arg.
344 1014 392 1036 Sed

181 1044 258 1067 cont-,-
279 1041 390 1063 Ambros.

180 1068 306 1090 Commeat.
321 1073 391 1120 supeg

180 1094 243 1148 itti·
252 1094 309 1147 la,
318 1093 388 1141 ξέ..

179 1633 190 1644 ·
204 1633 239 1654 Cf.
259 1638 322 1654 num.
340 1639 387 1660 seq.

288 3436 314 3478 12
310 3435 398 3478 ³«.⁸‘⁴{¹.‘.‘.

189 3430 286 3478 ΞῩἯΥ

426 295 502 333 236
1102 292 1365 340 QUAESTIO
1395 292 1531 338 XVIII,
1559 291 1852 330 ARTICULUS
1879 293 1931 331 VI

423 375 655 424 inquantum
683 373 822 411 scilicet
858 373 952 410 ratio
991 371 1206 409 considerat
1238 371 1394 420 aliquod
1421 382 1487 407 vo-

424 427 534 465 litum
561 427 601 464 in
629 426 763 463 ordine
791 426 841 463 ad
868 426 1107 462 voluntatem
1135 423 1259 461 amici.

1541 378 1714 407 mentem
1740 371 1937 408 fruebatur
1962 371 2059 418 Deo,
2090 378 2126 408 et
2153 371 2319 409 habebat
2345 383 2501 410 carnem
2519 384 2605 423 pas-

1543 422 1704 460 sibilem.
1733 423 1784 460 Et
1801 423 1890 461 ideo
1909 436 1956 462 ex
1973 431 2080 473 parte
2100 424 2223 461 carnis
2250 424 2437 474 passibilis
2457 432 2606 476 poterat

476 481 534 516 An
561 491 720 517 TER'rmM
747 491 929 516 morannum
949 477 1055 537 quod
1077 476 1250 514 Christus
1279 475 1394 512 simul
1418 474 1488 512 fuit
1541 474 1582 512 in
1610 487 1657 512 eo
1686 475 1831 535 aliquid
1858 475 2029 514 accidere
2057 477 2165 526 quod
2187 485 2416 537 repugnaret
2443 477 2605 516 naturali

422 533 727 582 comprehensor
753 539 790 568 et
816 531 958 568 viator:
989 530 1222 578 inquantum
1250 527 1392 565 scilicet
1417 539 1488 577 per
1541 527 1729 565 voluntati
1756 527 1888 578 ipsius,
1917 536 1954 566 et
1980 529 2096 566 etiam
2123 529 2308 579 appetitui
2335 529 2528 568 sensitivo.

1094 624 1430 656 commentaria
1451 622 1703 656 Cardinalis
1725 623 1927 658 Caietam

481 718 587 739 nunus
621 708 722 739 clarus
753 712 815 743 est,
843 706 883 737 de
906 705 1137 742 ¹conformitate
1163 703 1336 734 voluntatis
1363 702 1481 734 Christi

423 719 638 783 Thumanae
666 751 705 781 ad
728 750 867 781 divinam
889 751 923 780 in
945 749 1056 780 volito.
1088 748 1171 778 Nam
1195 747 1234 778 de
1257 746 1480 778 conformitate

420 797 454 827 in
475 795 576 827 modo
599 794 728 826 volendi
748 794 836 824 nulla
860 799 906 824 est
929 793 1092 832 quaestio:
1123 801 1198 822 cum
1221 790 1420 831 impossibile
1443 791 1483 821 sit

419 840 616 870 voluntatem
640 843 776 869 creatam
798 837 879 867 velle
904 846 943 867 eo
966 835 1066 866 modo
1099 845 1166 875 quo
1190 835 1258 865 vult
1283 835 1382 865 Deus.
1417 833 1481 865 Sed

419 894 460 914 an
483 885 565 914 circa
587 891 655 912 rem
677 881 808 911 volitam
838 880 933 910 fuerit
957 879 1180 915 conformitas,
1212 879 1254 908 ita
1286 877 1375 918 quod
1401 878 1481 909 nihil

418 927 554 958 voluerit
577 925 754 956 secundum
778 925 954 964 appetitum
970 924 1148 954 humanum
1172 922 1261 962 quod
1284 922 1426 952 alienum
1442 923 1481 952 sit

419 981 436 1001 a
458 971 558 1001 volito
582 969 759 999 secundum
783 967 922 998 divinam
944 967 1154 1002 voluntatem,
1179 967 1212 996 in
1229 965 1364 998 dubium
1385 967 1480 997 verti-

418 1020 483 1045 tur:
514 1019 682 1054 propterea
706 1011 795 1052 quod
817 1012 952 1051 legimus
968 1012 984 1027 ³*
1009 1010 1186 1046 Christum,
1219 1010 1398 1040 secundum
1420 1010 1480 1040 ho-

417 1060 546 1093 minem,
571 1057 712 1087 noluisse
740 1060 878 1086 mortem
907 1055 1080 1095 propriam,
1106 1063 1204 1094 quam
1225 1059 1334 1085 tamen
1357 1059 1482 1085 constat

418 1101 555 1133 eundem
578 1101 716 1130 voluisse
738 1099 903 1130 voluntate
927 1098 1042 1129 divina.

472 1145 578 1176 11.1n
608 1154 743 1184 corpore
777 1143 899 1174 articuli
929 1141 1140 1182 respondetur
1171 1151 1247 1172 cum
1278 1141 1481 1173 distinctione

417 1190 571 1231 quaesito,
585 1187 707 1219 duabus
724 1187 994 1218 conclusionibus.
1012 1186 1181 1216 Distinctio
1198 1191 1245 1216 est
1261 1185 1300 1217 de
1315 1186 1431 1226 triplici
1446 1187 1481 1216 in

417 1234 544 1265 Christo
560 1233 700 1263 humana
715 1232 894 1262 voluntate:
918 1231 982 1261 hoc
998 1236 1055 1267 est,
1071 1230 1237 1261 voluntate
1253 1230 1479 1268 sensualitatis;

415 1278 579 1309 voluntate
602 1276 747 1307 rationali
769 1281 805 1306 ut
828 1281 874 1306 est
895 1280 1024 1311 natura;
1049 1280 1080 1305 et
1103 1274 1268 1318 voluntate
1283 1275 1429 1306 rationali
1444 1280 1480 1305 ut

418 1327 464 1352 est
485 1322 576 1352 ratio.

470 1366 574 1396 Prima
598 1365 762 1396 conclusio
787 1368 852 1394 est:
880 1362 1044 1398 Christus,
1076 1362 1252 1393 secundum
1282 1363 1480 1394 voluntatem

415 1409 642 1445 sensualitatis,
666 1414 698 1439 et
714 1407 888 1439 secundum
904 1407 1102 1437 voluntatem
1123 1406 1317 1438 rationalem
1334 1415 1398 1447 per
1412 1416 1480 1437 mo-

416 1454 491 1485 dum
514 1459 661 1489 naturae,
680 1457 814 1493 poterat
835 1451 927 1482 aliud
949 1451 1031 1482 velle
1052 1460 1150 1492 quam
1163 1451 1263 1482 Deus.
1286 1468 1310 1474 —
1333 1450 1480 1482 Secunda

416 1498 580 1529 conclusio
597 1502 658 1527 est:
686 1497 841 1532 Christus,
858 1494 1033 1526 secundum
1049 1495 1247 1526 uoluntatem
1264 1504 1328 1536 per
1350 1495 1480 1527 modum

415 1542 562 1577 rationis,
586 1551 710 1581 semper
733 1540 815 1571 idem
839 1539 942 1571 voluit
963 1538 1051 1580 quod
1072 1539 1172 1576 Deus.

469 1586 646 1616 Probantur
661 1584 755 1615 simul
768 1584 950 1624 dupliciter:
968 1584 1084 1624 prim0‚
1098 1584 1238 1620 ratione;
1258 1582 1411 1620 secundo,
1425 1593 1481 1614 au-

415 1631 558 1661 ctoritate
573 1630 599 1659 ⁴⁹.
624 1629 717 1659 Ratio
738 1634 784 1659 est
803 1629 872 1658 ista.
895 1627 1053 1658 Voluntas
1070 1627 1279 1658 sensualitatis
1298 1627 1481 1658 naturaliter

414 1674 530 1714 refugit
553 1679 584 1704 et
607 1673 781 1703 laesionem
805 1673 949 1712 corporis
973 1677 1004 1702 et
1027 1671 1154 1702 dolores
1171 1671 1352 1707 sensibilem
1377 1677 1408 1702 et
1422 1681 1481 1702 vo-

414 1719 518 1749 luntas
540 1723 576 1748 ut
598 1723 710 1748 natura
732 1716 879 1757 repudiat
902 1721 933 1747 et
957 1717 1113 1747 contraria
1139 1721 1287 1752 naturae,
1313 1721 1344 1746 et
1366 1725 1480 1747 secun—

415 1763 493 1793 dum
507 1771 541 1792 se
556 1762 653 1798 mala;
679 1767 711 1791 et
724 1761 873 1791 voluntas
893 1770 950 1801 per
966 1759 1103 1791 modurn
1118 1761 1248 1790 rationis
1272 1759 1360 1800 eligit
1379 1769 1481 1800 quan-

416 1806 524 1847 doque
546 1806 624 1836 haec
649 1805 761 1837 eadem
789 1814 827 1835 ex
850 1804 962 1835 ordine
986 1804 1025 1835 ad
1048 1803 1164 1841 finem;
1195 1809 1227 1835 et
1248 1804 1396 1834 voluntas
1419 1805 1481 1835 Dei

416 1856 480 1881 erat
502 1855 539 1881 ut
562 1849 706 1880 Christus
729 1855 867 1880 mortem
891 1854 922 1879 et
937 1849 1021 1879 mala
1035 1853 1205 1889 pateretur,
1229 1857 1297 1878 non
1318 1847 1407 1887 quod
1422 1848 1481 1878 ista

415 1894 509 1925 vellet
537 1893 715 1924 secundum
738 1903 781 1930 se,
806 1892 862 1923 sed
883 1893 918 1923 in
941 1892 1052 1923 ordine
1076 1892 1116 1922 ad
1138 1891 1247 1922 finem.
1279 1891 1364 1931 Ergo
1389 1891 1481 1922 Chri—

415 1944 490 1974 stus,
514 1937 692 1968 secundum
715 1937 914 1968 voluntatem
938 1936 1146 1967 sensualitatis
1170 1941 1202 1966 et
1224 1935 1403 1966 secundum
1422 1946 1481 1966 vo-

415 1983 570 2014 luntatem
595 1992 653 2022 per
675 1981 812 2012 modurn
834 1987 983 2017 naturae,
1013 1986 1139 2021 poterat
1161 1979 1248 2011 aliud
1269 1980 1352 2011 velle
1383 1990 1480 2021 quam

416 2027 520 2057 Deus:
545 2032 576 2057 et
590 2025 770 2057 secundum
785 2026 986 2058 voluntatem
1007 2034 1066 2065 per
1079 2023 1217 2056 modum
1237 2025 1379 2061 rationis,
1398 2034 1482 2056 sem-

415 2081 472 2111 per
494 2071 597 2101 voluit
618 2070 705 2101 idem
728 2069 818 2110 quod
841 2070 938 2101 Deus.

470 2114 683 2150 Antecedens‚
706 2114 827 2144 habens
851 2119 990 2154 quatuor
1012 2118 1127 2154 partes,
1152 2112 1260 2154 quoad
1283 2114 1400 2153 primas
1420 2118 1482 2143 tres

415 2164 519 2199 partes
542 2159 695 2199 probatur
718 2168 756 2188 ex
774 2159 838 2188 hoc
862 2158 951 2198 quod
966 2157 1112 2188 videmus
1128 2157 1363 2187 sensualitatem
1379 2163 1411 2187 et
1425 2167 1482 2188 vo-

416 2203 571 2233 luntatem
601 2209 637 2233 ut
659 2208 805 2233 naturam
834 2202 979 2242 refugere
1003 2201 1222 2238 adustionem,
1254 2210 1352 2241 quam
1374 2206 1483 2232 tamen

417 2247 564 2278 voluntas
586 2256 643 2287 per
660 2245 796 2277 modum
811 2247 942 2277 rationis
965 2245 1164 2286 quandoque
1179 2246 1267 2286 eligit
1288 2251 1420 2286 propter
1435 2255 1482 2276 sa-

416 2292 548 2322 nitatem
582 2291 817 2331 acquirendam.
847 2309 871 2313 -
902 2290 1144 2330 Consequentia
1177 2295 1285 2320 autern
1318 2290 1481 2330 probatur.

417 2335 516 2365 Filius
532 2335 602 2371 Dei,
620 2345 657 2365 ex
674 2335 812 2375 quadam
826 2334 1074 2375 dispensatione,
1092 2339 1164 2365 ante
1180 2334 1364 2374 passionem
1379 2343 1481 2370 suam,

417 2379 619 2419 permittebat
649 2379 799 2410 omnibus
821 2380 942 2409 viribus
969 2379 1094 2408 animae
1125 2387 1217 2418 agere
1248 2387 1331 2418 quae
1353 2378 1483 2418 propria

418 2428 492 2453 sunt
515 2424 568 2454 eis.
593 2423 678 2463 Ergo
701 2423 903 2463 permittebat
925 2423 958 2453 in
983 2422 1111 2453 Christo
1134 2422 1334 2452 voluntatem
1353 2431 1482 2452 sensua-

417 2467 510 2497 litatis
533 2467 668 2498 refutare
691 2468 866 2498 laesionem
890 2467 1044 2502 absolute,
1062 2471 1140 2503 etc.;
1172 2471 1203 2497 et
1225 2466 1424 2496 voluntatem
1446 2472 1483 2496 ut

417 2516 562 2542 naturam
585 2511 752 2552 repudiare
774 2516 912 2542 mortem
936 2510 1098 2547 absolute;
1123 2516 1154 2540 et
1168 2510 1367 2540 voluntatem
1383 2515 1420 2540 ut
1433 2520 1482 2540 ra—

417 2555 541 2587 tionem
564 2561 729 2596 acceptare
751 2555 887 2586 eandem
909 2556 943 2586 in
962 2554 1074 2589 ordine
1089 2554 1130 2584 ad
1144 2553 1243 2584 finem
1258 2554 1418 2585 humanae
1433 2564 1482 2585 sa—

418 2599 501 2630 lutis.
532 2600 597 2630 Ubi
617 2605 704 2639 patet
726 2600 844 2639 primas
867 2599 954 2638 duas,
967 2599 1148 2630 voluntates
1171 2598 1257 2629 aliud
1278 2598 1360 2628 velle
1384 2607 1482 2638 quarn

418 2643 523 2679 Deus,
555 2648 586 2673 et
608 2644 732 2673 tertiam
755 2643 837 2673 velle
860 2643 945 2673 idem
973 2642 1063 2683 quod
1089 2642 1186 2673 Deus.
1216 2661 1240 2664 —
1269 2642 1481 2683 Assumptum

419 2687 457 2717 ad
477 2687 674 2727 probandam
699 2688 978 2728 consequentiam,
1011 2687 1173 2727 probatur.
1209 2686 1294 2724 Quia
1316 2695 1412 2726 supra
1435 2686 1481 2717 di-

419 2735 506 2761 ctum
530 2737 577 2761 est
599 2731 688 2772 quod
711 2731 812 2762 Filius
835 2732 904 2767 Dei,
929 2741 966 2761 ex
986 2731 1124 2771 quadam
1140 2729 1385 2771 dispensatione,
1403 2740 1481 2771 per-

1519 690 1526 695 ·
1537 703 1680 734 mittebat
1697 704 1790 737 carni
1812 713 1912 746 agere
1926 710 1959 737 et
1966 705 2039 746 pati
2061 714 2144 747 quae
2158 711 2235 738 sunt
2255 706 2286 737 ei
2303 707 2453 749 propria.
2476 707 2526 739 Ex
2538 707 2603 739 hoc

1538 748 1626 779 enim
1648 749 1802 788 sequitur,
1826 758 1883 788 per
1905 749 1991 780 viam
2013 759 2051 781 ac
2072 750 2230 782 rationem
2253 751 2380 788 similis,
2404 750 2495 792 quod
2515 751 2604 783 simi·
2851 790 2854 791 ⁷

1537 791 1608 823 liter
1630 793 1774 832 permisit
1795 793 1914 824 viribus
1937 794 2062 824 animae
2084 803 2176 834 agere
2199 803 2285 834 quae
2305 795 2351 826 eis
2367 800 2441 826 sunt
2463 804 2602 836 proptu.
2851 796 2857 836 3

1593 836 1644 867 111.
1668 835 1793 866 Deinde
1808 837 1984 876 probantur
2002 838 2114 868 ambae
2137 838 2361 869 conclusiones
2383 840 2734 870 auctoritate··01·u>
2752 860 2774 874 a
2853 840 2858 851 ⁹

1537 881 1633 910 unica
1649 879 1767 911 Christi
1787 881 1905 910 orantis
1927 880 1967 911 ad
1989 880 2129 912 Patrem:
2154 881 2229 912 Non
2252 882 2336 913 sicut
2356 892 2418 924 ego
2442 883 2527 920 volo,
2547 883 2604 914 sed
2752 894 2773 896 ”

1536 924 1621 955 sicut
1650 929 1694 954 tu.
1726 924 1760 954 In
1784 924 1833 954 his
1856 925 1943 955 enim
1964 925 2068 955 verbis
2099 925 2212 965 triplex
2234 927 2382 957 voluntas
2412 932 2515 967 patet:
2543 928 2604 958 sci-

1537 967 1612 998 licet
1635 968 1758 1004 divina,
1781 968 1816 998 in
1838 968 1871 1008 ly
1894 973 1928 998 tu
1935 975 1949 1005 ,⁸
1977 969 2118 999 humana
2141 969 2316 1000 conformis
2347 970 2491 1007 divinae,
2513 971 2548 1002 in
2570 971 2604 1012 ly

1536 1012 1618 1043 sicut
1643 1017 1694 1048 tu,
1719 1021 1802 1052 quae
1826 1017 1872 1042 est
1894 1012 2042 1043 voluntas
2069 1022 2126 1053 per
2148 1013 2284 1044 modurn
2307 1014 2454 1051 rationis;
2486 1019 2518 1045 et
2542 1015 2604 1046 hu-

1537 1065 1632 1086 mana
1655 1055 1741 1087 aliud
1755 1055 1868 1086 volens
1892 1065 1990 1096 quam
2009 1055 2125 1093 divina,
2140 1057 2176 1088 in
2197 1057 2231 1098 ly
2253 1067 2320 1088 non
2335 1057 2419 1089 sicut
2433 1067 2494 1099 ego
2511 1059 2605 1097 210103

1538 1105 1569 1130 et
1591 1100 1671 1130 haec
1695 1105 1742 1130 est
1763 1100 1912 1131 voluntas
1935 1100 2097 1131 rationalis
2119 1110 2177 1141 per
2191 1101 2328 1132 modum
2343 1107 2485 1139 naturae,
2508 1111 2604 1143 repu-

1537 1143 1626 1174 dians
1649 1149 1788 1174 mortem
1811 1143 1966 1180 absolute,
1990 1149 2022 1175 et
2042 1144 2192 1175 voluntas
2214 1145 2440 1181 sensualitatis,
2463 1146 2604 1178 refutans

1537 1187 1665 1219 dolores
1680 1188 1853 1225 sensibiles,
1865 1193 1924 1219 etc.
1941 1188 2031 1219 Patet
2045 1198 2121 1229 ergo
2138 1198 2176 1219 ex
2191 1189 2251 1220 hac
2267 1190 2453 1221 auctoritate
2468 1195 2604 1232 utraque

1538 1232 1716 1263 conclusio.

1592 1276 1646 1307 IV.
1668 1276 1764 1312 Nota,
1786 1275 1926 1313 Novitie,
1951 1275 2050 1318 quod,
2074 1282 2112 1309 ut
2132 1277 2166 1308 ιιι
2181 1277 2392 1318 responsione
2408 1277 2448 1309 ad
2461 1278 2604 1320 primm

1537 1319 1651 1351 clarius
1675 1320 1876 1361 explanatur,
1899 1326 1966 1352 tam
1989 1326 2078 1351 actus
2100 1320 2275 1352 voluntatis
2301 1331 2360 1362 per
2381 1321 2519 1355 modum
2546 1327 2604 1355 Ωι-

1536 1369 1642 1402 turae,
1667 1373 1765 1405 quam
1788 1369 1877 1395 actus
1899 1364 2132 1402 sensualitatis,
2151 1374 2189 1396 ex
2215 1366 2345 1406 propria
2366 1371 2480 1398 natura
2507 1365 2605 1402 hahet

1537 1409 1702 1439 obiectum
1725 1409 1907 1440 abstrahens
1929 1409 1969 1439 ab
1988 1408 2100 1440 ordine
2119 1408 2159 1440 ad
2174 1408 2314 1440 divinam
2329 1408 2539 1442 voluntatem.
2561 1409 2605 1442 Et

1536 1458 1721 1493 propterea,
1745 1458 1903 1493 quantum
1927 1458 1974 1484 est
1996 1462 2034 1484 ex
2057 1458 2147 1493 parte
2170 1453 2305 1490 obiecti,
2328 1462 2398 1485 non
2418 1459 2542 1495 spectat
2562 1453 2604 1486 ad

1537 1497 1596 1527 hos
1619 1502 1728 1527 motus
1751 1496 1959 1528 conformitas
1982 1496 2022 1528 ad
2045 1497 2184 1528 divinam
2206 1498 2416 1529 voluntatem.
2439 1498 2524 1533 nico
2546 1504 2603 1536 911,-

1536 1545 1612 1576 tem,
1636 1546 1792 1582 quantum
1815 1546 1863 1572 est
1884 1551 1926 1572 ex
1942 1545 2040 1581 parte
2063 1541 2194 1572 obiecti:
2218 1542 2294 1582 quia
2312 1552 2351 1572 ex
2365 1547 2454 1582 parte
2469 1542 2604 1578 subiecti

1538 1585 1633 1615 etiam
1657 1590 1745 1615 aetus
1767 1585 1819 1615 isti
1843 1584 2026 1616 conformes
2041 1590 2116 1616 sunt
2132 1584 2257 1616 divinae
2271 1585 2430 1620 voluntati
2444 1586 2478 1617 in
2493 1586 2602 1624 beatis.

1538 1628 1584 1659 Ita
1606 1628 1696 1669 quod
1717 1629 1799 1659 inter
1822 1628 1986 1659 Christum
2009 1634 2082 1659 ante
2104 1634 2252 1666 mortem,
2269 1635 2301 1660 et
2320 1629 2440 1666 beatos,
2457 1629 2603 1665 differen-

1537 1673 1580 1703 tia
1602 1673 1720 1703 horum
1738 1678 1889 1703 motuum
1912 1674 1946 1703 in
1960 1673 2120 1703 volito-ex
2135 1678 2224 1714 parte
2240 1674 2374 1704 subiecti
2390 1675 2507 1705 oritur:
2526 1673 2604 1715 q&

1538 1716 1658 1747 scilicet
1684 1716 1830 1748 Christus
1859 1718 2000 1748 animam
2030 1722 2062 1747 et
2084 1726 2212 1748 carnem
2235 1717 2419 1758 passibilem
2446 1717 2602 1756 habebat,

1537 1761 1621 1792 beati
1644 1766 1752 1792 autem
1774 1771 1853 1792 non.
1888 1762 1974 1792 Hinc
1987 1762 2088 1794 enim
2111 1760 2147 1792 fit
2169 1767 2205 1792 ut
2229 1761 2347 1793 Christi
2367 1762 2529 1801 voluntati,
2546 1772 2604 1801 mg-

1537 1805 1630 1836 turali
1653 1811 1685 1836 et
1707 1805 1847 1837 sensuali
1863 1811 2067 1837 occurrerent
2082 1805 2188 1856 aliqua
2203 1810 2240 1836 ut
2255 1806 2412 1838 contraria
2427 1811 2460 1839 et
2476 1806 2602 1847 lucin,
2750 1823 2755 1827 ·
2786 1837 2803 1843 ,,

1538 1858 1622 1890 quae
1645 1846 1754 1885 beatis,
1772 1850 1944 1890 exemptis
1957 1849 1996 1880 ab
2020 1849 2125 1880 omnis
2147 1849 2357 1890 possibilitate
2378 1850 2468 1888 mali,
2489 1859 2602 1890 οοςιις-
2720 1878 2724 1889 ,
2755 1859 2791 1891 ω’
2847 1871 2852 1893 f

1536 1902 1604 1924 rere
1634 1898 1812 1933 nequeunt.
1842 1893 1884 1924 Et
1905 1898 2075 1934 propterea
2098 1893 2198 1930 beati,
2223 1894 2319 1924 etiam
2342 1893 2524 1933 secundum
2544 1902 2603 1931 na-
2790 1895 2791 1898 ’
2847 1897 2849 1909 ²

1536 1937 1671 1968 tui-alem
1693 1937 1866 1968 voluntatis
1888 1942 2016 1968 motum
2039 1943 2071 1968 et
2093 1917 2272 1968 secun’dum
2301 1939 2481 1979 appetitum
2502 1938 2602 1970 sensi·-

1536 1982 1649 2018 tivum,
1666 1981 1908 2012 conformantur
1929 1981 2054 2012 divinae
2075 1981 2236 2012 voluntati
2255 1982 2291 2012 in
2313 1982 2431 2013 volito:
2456 1981 2602 2018 Chsfflus

1536 2031 1644 2056 autem
1667 2035 1745 2056 non.

1591 2070 1632 2100 Et
1655 2070 1734 2101 scito
1758 2069 1849 2110 quod
1874 2069 1925 2100 isti
1947 2070 2120 2100 voluntatis
2141 2075 2251 2101 motus
2278 2070 2335 2111 qui
2360 2071 2394 2101 in
2417 2069 2504 2105 aliud
2531 2076 2602 2108 ten—
2846 2086 2848 2089 ’

1536 2112 1653 2144 debant
1674 2114 1709 2144 in
1725 2113 1863 2150 Christo,
1879 2113 1958 2144 nihil
1974 2113 2060 2144 aliud
2083 2119 2157 2144 sunt
2172 2123 2270 2155 quam
2286 2114 2461 2150 velleitates
2471 2114 2498 2146 ἰ
2522 2114 2602 2154 Uni-
2629 2117 2735 2148 ’0⁶22'
2764 2148 2766 2151 ,
2780 2123 2785 2129 ²
2845 2111 2846 2114 ¹

1535 2158 1696 2188 versaliter
1718 2157 1877 2198 siquidem
1891 2157 2069 2198 loquendo,
2093 2163 2182 2189 actus
2196 2158 2370 2189 voluntatis
2393 2167 2451 2199 per
2464 2158 2603 2195 modum

1535 2207 1684 2239 naturae,
1715 2202 1880 2232 distinctus
1911 2207 2023 2232 contra
2053 2207 2160 2232 actum
2182 2202 2355 2234 voluntatis
2385 2212 2443 2243 per
2464 2202 2602 2235 modum

1535 2246 1666 2276 rationis
1690 2247 1884 2277 conuarium
1900 2246 2054 2286 eligentis,
2070 2246 2150 2276 nihil
2165 2246 2252 2277 aliud
2267 2253 2315 2278 est
2329 2255 2429 2298 quam
2443 2246 2600 2279 velleius
2843 2257 2846 2288 j

1537 2290 1577 2321 de
1600 2299 1664 2330 qua
1687 2289 1802 2321 dicitur
1823 2291 1858 2321 ιιι
1881 2290 1922 2320 111
1943 2290 2048 2321 Ethic.
2068 2291 2085 2307 ³*
2116 2290 2205 2331 quod
2236 2296 2283 2322 est
2306 2291 2402 2327 etiam
2425 2291 2602 2333 ιηφοωὶὴὴ-
2627 2291 2713 2343 {⁰¹32
2782 2309 2792 2326 .-

1537 2335 1625 2365 lium.
1657 2335 1703 2365 Ita
1725 2334 1816 2375 quod
1837 2335 1872 2365 ιιι
1900 2335 2000 2365 beatis
2021 2344 2084 2366 nec
2107 2335 2221 2367 electio
2244 2345 2306 2366 nec
2327 2335 2469 2370 velleitas
2491 2341 2542 2371 est
2561 2334 2602 2377 sni
2647 2335 2653 2342 '

1536 2378 1622 2409 aliud
1643 2378 1780 2410 volitum
1812 2388 1910 2419 quam
1937 2377 2027 2419 quod
2056 2378 2144 2410 Deus
2167 2378 2251 2410 vult:
2282 2378 2317 2410 in
2339 2378 2511 2414 Christoa

1537 2423 1650 2453 electio
1675 2424 1780 2453 omnis
1804 2422 1978 2455 conformis
1993 2422 2065 2453 Deo
2088 2422 2172 2454 fuit·
2163 2432 2197 2453 ιιι
2211 2423 2324 2459 volito,
2341 2422 2397 2454 sed
2411 2432 2480 2454 non
2494 2432 2516 2456 0

1535 2467 1675 2497 velleitas
1699 2467 1767 2498 eius
1790 2466 1850 2497 fuit
1873 2466 2048 2497 conformis
2071 2466 2143 2497 Deo
2173 2466 2207 2497 in
2228 2466 2344 2504 volito;
2379 2467 2490 2498 habuit
2512 2466 2600 2500 etnim
2737 2507 2743 2511 .
2777 2499 2779 2502 ⁴
2842 2478 2845 2498 ῑ

1536 2510 1682 2541 Christus
1706 2511 1899 2541 velleitatem
1926 2520 1995 2541 non
2019 2510 2161 2551 patiendi
2187 2520 2332 2547 crucem,
2365 2520 2463 2552 quam
2491 2508 2601 2544 tamen
2703 2508 2741 2529 ³⁴¹*-
2840 2520 2845 2542 i

1536 2555 1630 2595 elegit
1653 2555 1728 2595 quia
1750 2555 1838 2585 Deus
1861 2555 1906 2585 sic
1927 2554 2065 2586 volebat.
2092 2555 2135 2585 Et
2156 2555 2259 2586 simile
2282 2560 2330 2590 est
2351 2556 2386 2586 in
2407 2556 2506 2589 nobis.
2523 2565 2600 2593 m
2747 2561 2781 2580 »ἰ

1535 2599 1682 2629 dolemus
1705 2598 1744 2629 de
1767 2603 1870 2629 morte
1892 2599 1973 2629 iuste
1988 2599 2188 2638 patientium,
2213 2605 2245 2630 et
2266 2599 2367 2640 plagis
2389 2600 2475 2635 iuste
2494 2610 2513 2632 a
2527 2600 2600 2646 Μ

1534 2643 1627 2673 nobis
1646 2642 1782 2679 inflictis,
1808 2647 1839 2673 et
1854 2642 1921 2673 aliis
1936 2642 2131 2674 huiusmodi.
2155 2643 2320 2675 Vellemus
2336 2644 2423 2676 enim
2437 2645 2521 2679 haee
2530 2643 2600 2677 non

1535 2696 1616 2717 esse:
1641 2692 1860 2723 veruntamen,
1883 2686 1961 2718 Fiat
1974 2687 2125 2718 voluntas
2139 2687 2211 2724 Dei,
2232 2687 2367 2719 dicimus
2391 2693 2423 2719 et
2436 2688 2598 2734 volumus,
2651 2724 2655 2727 Δ

1535 2731 1560 2760 si
1583 2740 1651 2761 non
1675 2731 1898 2761 exorbitamus.
2668 2735 2670 2738 '

2718 1402 2767 1420 :21¹3

2691 2707 2778 2744 fidel,
2837 2743 2838 2746 Ἴ

1229 2865 1548 2908 ARTICULUS
1577 2866 1786 2908 SEXTUS

851 2959 1008 2990 UTRUM
1031 2958 1075 2989 IN
1100 2958 1289 2990 CHRISTo
1313 2959 1473 2996 FUEmT
1498 2959 1835 2990 CONTRARIETAS
1857 2959 2169 2993 VOLUNTATUM

978 3039 1009 3064 111
1029 3039 1113 3069 δεκιυ
1133 3039 1192 3064 dist.
1209 3046 1270 3068 xvn.
1289 3044 1335 3065 art.
1355 3046 1378 3069 α,
1398 3039 1448 3072 qu·
1468 3046 1492 3069 2,
1513 3039 1542 3071 35
1563 3039 1708 3072 compend.
1730 3039 1834 3069 Tneol„
1853 3047 1908 3073 cap.
1927 3047 2037 3067 ccxxxix.

463 3133 517 3170 2--3
553 3135 610 3170 ης(
631 3129 653 3154 D
682 3129 821 3154 ssxrum
848 3130 899 3155 s1c
918 3130 1152 3156 paocsmrua.
1182 3117 1343 3156 Videtur
1371 3118 1477 3168 quod
1502 3121 1506 3149 Ι
1532 3130 1701 3156 manam.
1726 3119 1838 3157 Unde
1859 3119 2090 3160 Athanasius
2108 3119 2239 3168 dicit,
2229 3133 2271 3161 ιη
2296 3120 2396 3161 libro
2421 3121 2597 3169 adversus

531 3198 541 3212 ,
554 3135 610 3223 ᾗῇ,
634 3168 672 3205 in
701 3169 850 3206 Christo
879 3170 988 3207 fuerit
1023 3170 1266 3209 contrarietas
1302 3173 1477 3209 volunta-

446 3246 465 3271 ἶ,
540 3238 554 3269 s
581 3208 727 3274 rg‘tum.
758 3221 1010 3260 Contrarietas
1030 3223 1135 3261 enim
1153 3225 1398 3262 voluntatum
1425 3232 1478 3263 at—

484 3286 492 3294 »
526 3270 543 3295 ''-
558 3286 567 3296 ν
602 3272 800 3310 tenditur
827 3274 1041 3313 secundum
1077 3277 1382 3315 contrarietatem
1409 3277 1477 3315 ob-

426 3323 626 3361 iectorum:
648 3324 743 3361 sicut
762 3332 797 3360 et
817 3326 1057 3363 contrarietas
1077 3337 1256 3366 motuum
1275 3330 1479 3368 attenditur

426 3377 638 3412 secundum
673 3376 974 3414 contrarietatem
1002 3380 1273 3427 terminorum,
1303 3390 1344 3420 ut
1376 3391 1478 3432 patet

427 3438 494 3475 per
521 3428 820 3477 Philosophum,
848 3428 887 3466 in
915 3430 949 3466 V
976 3431 1122 3479 Physic.
1142 3433 1162 3454 '¹‘
1195 3434 1272 3471 Sed
1305 3436 1477 3473 Christus

427 3480 639 3516 secundum
668 3481 835 3517 diversas
864 3482 1076 3518 voluntates
1104 3486 1290 3523 contraria
1308 3488 1475 3525 volebat:

427 3542 517 3568 nam
537 3533 750 3570 secundum
765 3534 1000 3571 voluntatem
1020 3533 1190 3572 divinam
1204 3539 1356 3576 volebat
1374 3552 1476 3578 mor-

428 3591 516 3629 tem,
537 3594 654 3632 quam
678 3585 881 3633 refugiebat
909 3586 1123 3623 secundum
1142 3590 1378 3628 voluntatem
1406 3592 1476 3629 hu-

1531 3171 1806 3222 Apollinarium
1829 3171 1866 3210 *z
1902 3173 2060 3222 Quando
2093 3175 2256 3212 Christus
2282 3174 2392 3223 dzxzt,
2430 3189 2449 3209 «
2470 3175 2679 3224 Pam-⁰·

1530 3226 1564 3262 si
1582 3225 1757 3275 possibile
1784 3231 1845 3272 est,
1865 3231 2027 3265 transeat
2054 3239 2079 3269 a
2105 3239 2166 3268 me
2192 3227 2294 3267 calix
2319 3229 2394 3274 iste,
2415 3233 2449 3266 et
2470 3233 2594 3272 tamen
2619 3207 2739 3300 *Q

1533 3290 1608 3316 non
1627 3290 1724 3325 mea,
1743 3279 1808 3316 sed
1823 3284 1887 3316 tua
1909 3279 2079 3318 voluntas
2085 3281 2162 3328 fiat
2183 3295 2219 3327 ιι,
2240 3286 2274 3319 et
2299 3282 2443 3328 iterum,
2476 3296 2497 3317 «ι
2516 3282 2595 3333 Spa}
2713 3259 2752 3327 ξ’,

1532 3332 1622 3368 ritus
1648 3337 1843 3382 promptus
1875 3338 1942 3379 est,
1975 3344 2066 3370 caro
2103 3339 2225 3370 autem
2262 3335 2414 3382 infirma
2435 3348 2470 3381 ι»,
2503 3334 2595 3372 duas

1530 3384 1734 3422 voluntates
1764 3386 1824 3422 hic
1855 3386 2029 3422 ostendit:
2064 3387 2281 3434 humanam,
2314 3399 2410 3436 quae
2438 3392 2596 3437 propter

1531 3438 1782 3485 infirmitatem
1809 3439 1934 3475 carnis
1961 3439 2169 3488 reficgzebat
2190 3440 2404 3489 passionem
2411 3453 2426 3485 ;
2453 3445 2487 3477 et
2504 3440 2593 3478 divi-

1533 3502 1621 3526 nam
1640 3491 1727 3536 eius,
1739 3496 1953 3540 promptam
1967 3491 2019 3528 ad
2028 3493 2253 3541 passionem.
2270 3493 2371 3541 Ergo
2386 3492 2426 3530 in
2441 3492 2592 3531 Christo

1531 3541 1599 3578 fuit
1626 3542 1870 3581 contrarietas
1897 3544 2226 3582 voluntatum..
2811 3567 2814 3585 .-

1587 3605 1620 3630 2.
1660 3595 1899 3643 PRAETEREA‚
1938 3596 2058 3633 Galat.
2083 3608 2107 3633 v
2130 3596 2150 3618 ¹⁸
2187 3596 2324 3634 dicitur
2359 3598 2466 3648 quod
2502 3608 2592 3636 caro
2621 3603 2710 3626 ’Μ
2726 3602 2785 3632 ¹²*
