2872 3970
246 1175 258 1185 ⁸
272 1173 336 1195 Vers.
355 1178 384 1200 ¹5-

257 2035 327 2056 ·Vide
335 2034 467 2056 Comment.

258 2062 331 2084 Caiet.
351 2064 404 2088 post
424 2064 465 2081 art.

257 2094 341 2136 praem,
356 2093 420 2108 num.
435 2092 466 2112 iv,
519 2089 521 2097 ’

264 2121 307 2136 ine.

258 2185 267 2194 ⁸
281 2182 350 2204 Num.
364 2187 387 2207 4.

260 2453 270 2463 ⁸
283 2451 348 2473 Vers.
365 2450 400 2473 ¹6.

261 2510 270 2556 i
285 2509 416 2531 Comment.
429 2509 468 2530 lib.

264 2874 273 2882 ⁸
289 2872 354 2894 Vers.
372 2879 404 2900 ¹9.

267 2973 314 2995 ·Ct.
325 2974 374 2995 Cat.
384 2974 440 2995 Aur.
450 2974 473 2995 in

266 2999 364 3026 Matth.,
382 3000 419 3021 ubi
435 3001 472 3021 cit.

268 3026 359 3047 Clo-na.

267 3085 276 3093 ⁸
291 3083 376 3105 Homil.
391 3083 434 3106 lV.
449 3084 472 3105 ln

266 3109 474 3134 minimum-,Cum

267 3138 328 3157 αισι
345 3135 474 3163 desponsa-

268 3164 299 3183 ta.
307 3172 316 3177 -
324 3162 355 3183 Cf.
361 3162 412 3184 Cat.
418 3163 474 3185 Aur.

268 3189 291 3209 in
306 3188 387 3210 Matth.

483 308 557 344 312

484 385 547 415 lam
571 384 772 424 coniugalem
795 383 934 423 praecise
957 391 1025 412 non
1048 380 1242 422 praeiudicat
1261 378 1393 410 mentali
1415 377 1543 418 virgini-

482 429 549 464 tati,
566 434 612 459 est
636 428 710 468 quia
733 427 766 457 in
789 427 907 467 copula
929 426 1090 466 coniugali
1120 434 1187 454 non
1211 423 1393 454 continetur
1426 421 1543 461 copula

483 472 615 502 carnalis
637 471 697 502 nisi
721 471 754 501 in
776 471 929 511 potentia.
954 469 1039 507 Quia
1061 468 1204 509 potentia
1231 472 1338 497 autem
1361 471 1408 496 est
1431 464 1543 495 condi-

482 516 528 546 tio
552 515 748 550 diminuens,
772 514 958 551 coniunctio
983 514 1068 543 enim
1091 513 1124 542 in
1146 511 1291 551 potentia
1305 518 1373 540 non
1397 514 1444 539 est
1466 517 1544 539 con-

482 560 620 595 iunctio,
644 559 726 589 sicut
748 567 808 588 nec
832 567 886 588 rex
908 558 941 587 in
960 557 1103 597 potentia
1128 561 1174 585 est
1196 563 1266 591 rex;
1291 554 1435 593 sequitur
1455 551 1544 592 quod

483 612 658 633 consensus
681 603 715 632 in
738 601 890 641 copulam
920 600 1123 640 coniugalem
1153 607 1220 628 non
1247 599 1286 628 sit
1312 605 1488 627 consensus
1511 596 1544 626 in

483 646 634 686 copulam
664 646 831 676 carnalem.

537 690 631 720 Ratio
654 699 730 720 vero
755 698 852 729 quare
875 697 1050 719 consensus
1073 687 1117 717 sic
1134 685 1371 717 conditionatus
1394 684 1427 714 in
1443 693 1544 723 copu-

483 734 547 764 lam
571 733 727 764 camalem
749 741 816 763 non
839 730 1033 772 praeiudicat
1055 730 1185 761 mentali
1204 728 1382 768 virginitati,
1408 733 1454 758 est
1470 727 1545 767 quia

485 786 659 807 consensus
682 778 757 812 iste,
780 781 845 806 tarn
868 775 1042 805 formaliter
1069 783 1166 814 quam
1190 772 1408 807 materialiter,
1433 777 1480 802 est
1505 770 1546 801 ad

484 820 700 851 obediendum
724 820 813 855 Deo;
837 825 869 850 et
892 818 1043 858 copulam
1059 817 1217 848 carnalem
1240 825 1308 846 non
1323 816 1384 846 nisi
1402 825 1462 855 pro
1478 824 1546 845 ma—

483 865 560 894 teria
582 869 721 900 remota,
746 869 777 893 et
799 863 854 893 tali
877 862 1062 892 conditione
1085 861 1232 891 vallatam
1255 860 1350 890 habet
1381 865 1418 890 ut
1441 867 1546 899 oppo-

484 909 579 938 situm
602 917 669 938 non
692 907 784 938 liceat
806 907 922 936 habere
946 906 979 936 in
1001 905 1179 945 proposito.

538 951 589 981 111.
613 951 664 981 Ad
687 951 777 981 cuius
801 949 1002 985 evidentiam,
1018 950 1096 979 scire
1113 953 1240 989 oportet
1265 947 1354 988 quod
1377 946 1547 988 dupliciter

483 995 614 1034 intelligi
637 999 743 1035 potest
766 990 819 1024 illa
841 993 995 1029 conditio,
1018 993 1047 1023 si
1068 993 1138 1023 Deo
1157 991 1330 1033 placuerit.
1353 991 1472 1025 Primo,
1497 999 1545 1020 se-

485 1038 627 1069 cundum
650 1047 857 1068 communem
876 1036 1030 1077 loquendi
1045 1046 1151 1067 usum.
1176 1036 1216 1066 Et
1232 1036 1276 1066 sic
1292 1034 1361 1065 sola
1375 1035 1546 1075 negatione

484 1082 719 1122 beneplacitum
736 1082 796 1112 Dei
812 1086 1010 1122 expectatur:
1030 1081 1150 1111 scilicet
1166 1079 1255 1120 quod
1267 1079 1355 1110 Deus
1371 1079 1452 1109 sinat
1467 1077 1547 1109 illud

485 1126 562 1157 fieri.
587 1126 628 1156 Et
650 1126 695 1156 sic
718 1126 862 1166 loquitur
883 1125 1061 1165 Apostolus
1084 1124 1229 1160 Iacobus,
1248 1124 1282 1154 in
1297 1133 1355 1154 sua
1370 1122 1545 1156 Canonica,

486 1179 554 1210 cap.
567 1180 598 1199 1v
610 1171 640 1200 *2
663 1171 707 1200 Ut
720 1170 844 1205 dicatis,
861 1169 896 1199 Si
907 1169 1067 1199 Dominus
1083 1168 1231 1199 voluerit.
1250 1167 1292 1198 Et
1306 1167 1376 1198 talis
1392 1166 1546 1202 conditio,

486 1215 561 1254 quia
584 1214 846 1244 communissima
868 1218 931 1250 est,
955 1213 1088 1243 habetur
1110 1221 1169 1252 pro
1193 1221 1260 1242 non
1283 1211 1414 1242 adiecta.
1445 1211 1548 1251 Virgi-

485 1258 682 1298 nitatemque
705 1257 876 1288 mentalem
907 1256 1009 1287 aufert
1031 1256 1146 1297 procul
1169 1255 1268 1286 dubio
1298 1265 1316 1286 a
1339 1255 1384 1286 sic
1411 1265 1547 1286 consen-

485 1302 583 1332 tiente
606 1303 639 1332 in
663 1301 813 1342 copulam
837 1301 1004 1331 carnalem.
1039 1300 1080 1330 Et
1102 1305 1271 1340 propterea
1297 1308 1365 1330 non
1389 1300 1433 1330 sic
1457 1299 1548 1330 intel-

486 1346 592 1386 ligitur
615 1346 648 1376 in
671 1346 837 1386 proposito
861 1345 976 1376 Beatae
998 1344 1146 1384 Virginis,
1169 1344 1198 1374 si
1219 1344 1291 1374 Deo
1307 1343 1481 1384 placuerit.

541 1389 690 1420 Secundo
714 1390 849 1419 sumitur
865 1389 998 1429 placere
1019 1397 1079 1428 pro
1103 1388 1220 1423 iubere,
1248 1397 1285 1418 ac
1308 1388 1334 1418 si
1357 1387 1479 1418 dictum
1502 1396 1551 1417 es-

487 1439 547 1463 set:
571 1433 600 1464 si
620 1434 710 1464 Deus
733 1433 870 1463 iusserit.
895 1432 935 1463 Et
959 1433 1014 1466 sic⁴
1027 1432 1163 1462 sumitur
1185 1432 1219 1462 in
1237 1432 1416 1472 proposito.
1440 1431 1550 1462 Ratio-

486 1477 591 1508 nabile
614 1476 772 1517 siquidem
796 1482 842 1507 est
865 1482 900 1506 ut
924 1476 1012 1516 quod
1032 1481 1223 1515 conceperat
1237 1475 1422 1516 virginitatis
1438 1481 1550 1506 votum

487 1520 592 1551 divina
614 1521 821 1561 inspiratione
844 1526 917 1550 ante
940 1520 1236 1560 desponsationem,
1267 1529 1335 1550 non
1358 1519 1419 1550 nisi
1442 1518 1550 1549 divino

486 1565 574 1595 iussu
598 1565 780 1604 conceperit
802 1574 934 1604 quoque
958 1563 1158 1594 solvendum.
1183 1562 1320 1603 Experta
1336 1562 1495 1603 siquidem
1518 1563 1551 1593 in

487 1614 553 1639 tota
575 1609 638 1639 vita
662 1609 817 1639 anteriore
848 1614 913 1638 tam
937 1607 1123 1638 familiarem
1150 1607 1285 1648 Spiritus
1308 1607 1415 1638 Sancti
1442 1617 1551 1638 curam

1257 1763 1573 1805 ARTICULUS
1603 1762 1903 1805 SECUNDUS

844 1856 1000 1887 UTRUM
1024 1855 1157 1886 INTER
1181 1855 1354 1886 MARIAM
1378 1855 1436 1886 ET
1460 1854 1615 1886 IOSEPH
1638 1855 1798 1886 FUERIT
1821 1855 1975 1886 VERUM
1999 1854 2318 1886 MATRtMONJUM

1173 1933 1207 1958 lV
1227 1933 1315 1962 Sent.,
1336 1933 1393 1957 dist.
1411 1940 1467 1962 xxx,
1486 1940 1532 1965 qu.
1550 1940 1577 1962 n,
1596 1937 1644 1958 art.
1663 1939 1693 1964 23
1714 1933 1743 1957 In
1763 1931 1875 1962 Matth.,
1894 1940 1949 1966 cap.
1967 1939 1986 1958 1.

548 2064 555 2071 ἱ
582 2041 587 2052 ι
613 2044 681 2084 .›1:0,‹<
705 2034 727 2058 D
755 2033 943 2058 SECUNDUM
980 2033 1032 2058 Slc
1068 2033 1292 2059 Pnocsm'rua
1319 2021 1350 2058 *.
1393 2021 1554 2059 Videtur
1605 2027 1662 2058 sta
1669 2027 1818 2071 putaret
1831 2022 1938 2069 (cum
1952 2020 2044 2058 dixit
2057 2022 2195 2071 Ioseph
2209 2021 2339 2060 virum
2352 2022 2499 2061 Mariae
2511 2022 2558 2072 t),
2573 2026 2675 2075 quod
2698 2037 2711 2049 ⁸
2735 2007 2767 2039 ””

563 2071 569 2079 “
620 2063 680 2116 ἰὴ
706 2074 811 2123 quod
832 2073 928 2110 inter
945 2073 1112 2111 Mariam
1131 2081 1167 2110 et
1185 2075 1323 2123 Ioseph
1343 2085 1423 2111 non
1442 2073 1554 2111 fuerit
1608 2087 1682 2111 non
1702 2086 1752 2111 ex
1769 2076 1846 2111 eius
1863 2076 2069 2121 concubitu,
2557 2078 2585 2087 '⁷

512 2129 515 2133 .
631 2103 693 2138 bs.

528 2142 624 2174 {jxff

496 2232 590 2280 seph
618 2231 762 2269 Mariae
782 2233 997 2279 custosfuit,
1011 2234 1134 2281 potius
1153 2244 1263 2281 quam
1288 2234 1442 2269 maritus
1465 2233 1551 2269 eius.

497 2284 573 2322 Sed
602 2284 631 2320 si
659 2284 788 2321 fuisset
808 2296 946 2321 verum
975 2284 1276 2331 matrimonium,
1296 2297 1387 2322 vere
1415 2286 1554 2334 Ioseph
1602 2287 1792 2335 permixto
1820 2287 1988 2335 corporis
2014 2297 2118 2323 sexu.
2571 2292 2590 2304 ³
2613 2309 2622 2337 J

496 2336 654 2374 maritus
673 2336 754 2374 eius
773 2336 912 2374 fuisset.
934 2338 1035 2385 Ergo
1050 2337 1202 2374 videtur
1219 2338 1327 2387 quod
1345 2349 1426 2375 non
1444 2337 1555 2375 fuerit

495 2401 633 2426 verum
661 2389 951 2427 matrimonium
979 2390 1076 2427 inter
1093 2390 1256 2428 Mariam
1287 2398 1323 2427 et
1349 2391 1499 2440 Ioseph.

551 2453 585 2478 2.
615 2443 851 2490 PRAETEREA,
886 2455 1002 2492 super
1035 2442 1126 2480 illud
1163 2444 1298 2481 Matth.
1331 2455 1340 2480 1
1366 2443 1404 2491 *,
1440 2445 1555 2481 Iacob

496 2497 624 2545 genuit
641 2497 774 2545 Ioseph
801 2498 922 2534 virum
941 2498 1106 2542 Mariae,
1127 2495 1215 2533 dicit
1234 2495 1497 2546 Hieronymus
1510 2496 1553 2533 ³⁸:

502 2549 595 2585 Cum
622 2550 744 2586 virum
768 2549 940 2595 audieris,
960 2551 1116 2599 suspicio
1144 2551 1209 2587 tibi
1235 2562 1309 2586 non
1337 2551 1463 2587 subeat
1491 2562 1555 2586 nu-

492 2602 675 2650 ptiarum:
710 2602 775 2638 sed
810 2602 1009 2639 recordare
1044 2603 1313 2639 consuetudinis
1350 2604 1556 2652 Scriptura-

499 2666 595 2700 rum,
617 2654 715 2703 quod
730 2656 856 2704 sponsi
872 2657 944 2692 viri
970 2661 1003 2692 et
1028 2667 1186 2705 sponsae
1203 2661 1385 2693 vocantur
1407 2668 1554 2693 uxores.

500 2707 576 2743 Sed
603 2719 741 2743 verum
769 2707 1061 2744 matrimonium
1089 2719 1169 2745 non
1188 2708 1351 2745 efficitur
1368 2720 1415 2744 ex
1443 2720 1556 2758 spon-

499 2758 651 2802 salibus,
673 2760 739 2796 sed
765 2771 810 2796 ex
830 2760 982 2809 nuptiis.
1012 2762 1113 2808 Ergo
1133 2773 1213 2798 non
1232 2760 1300 2798 fuit
1318 2773 1457 2798 verum
1476 2773 1556 2799 ma-

498 2811 723 2849 trimonium
752 2812 847 2849 inter
874 2814 1032 2850 Beatam
1050 2813 1247 2861 Virginem
1275 2822 1311 2851 et
1338 2814 1487 2864 Ioseph.

555 2864 588 2901 3.
619 2866 848 2913 PRAETEREA,
868 2867 1002 2903 Matth.
1024 2879 1032 2903 1
1058 2866 1078 2888 *
1106 2866 1261 2904 dicitur:
1294 2882 1313 2901 «
1334 2868 1479 2917 Ioseph,
1501 2869 1558 2905 vir

500 2918 587 2963 eius,
608 2930 692 2954 cum
713 2925 800 2955 esset
819 2920 940 2966 iustus,
957 2925 989 2956 et
1009 2920 1118 2957 nollet
1137 2932 1220 2957 eam
1239 2920 1433 2957 traducere
1449 2935 1483 2966 »,
1505 2919 1556 2958 id-

501 2978 566 3016 est,
583 2972 619 3006 in
639 2971 790 3007 domum
809 2983 914 3009 suam
935 2973 986 3009 ad
1002 2974 1307 3010 cohabitationem
1326 2973 1511 3010 assiduam
1525 2973 1556 3021 *,

505 3037 522 3055 «
546 3023 655 3059 voluit
681 3036 763 3060 eam
786 3025 924 3061 occulte
942 3025 1121 3062 dimittere
1142 3041 1175 3072 »,
1196 3025 1302 3071 idest,
1322 3031 1463 3075 tempus
1491 3039 1557 3063 nu-

497 3077 660 3124 ptiarum
686 3082 841 3123 mutare,
863 3085 903 3114 ut
931 3077 1127 3126 Remigius
1147 3078 1302 3127 exponit
1321 3078 1351 3115 *.
1381 3079 1482 3127 Ergo
1502 3079 1557 3116 vi-

503 3128 612 3164 detur
640 3129 757 3177 quod,
782 3130 959 3166 nondum
985 3130 1126 3180 nuptiis
1154 3131 1359 3178 celebratis,
1380 3132 1558 3170 nondum

503 3188 599 3216 esset
617 3192 755 3217 verum
774 3181 1084 3220 matrimonium:
1110 3184 1331 3232 praesertim
1351 3196 1452 3232 cum,
1471 3193 1559 3235 post

504 3232 792 3270 matrimonium
812 3242 1059 3282 contractum,
1080 3248 1159 3273 non
1179 3236 1286 3274 liceat
1305 3237 1416 3274 alicui
1444 3250 1558 3287 spon-

504 3297 585 3322 sam
614 3285 811 3322 dimittere.

558 3339 630 3374 SED
660 3350 802 3375 CONTRA
831 3350 895 3376 EST
923 3340 1028 3388 quod
1058 3341 1292 3388 Augustinus
1325 3342 1432 3389 dicit,
1463 3343 1500 3380 in
1529 3344 1558 3380 11

506 3390 550 3426 de
580 3391 767 3428 Consensu
795 3391 1020 3441 Evangelist.
1040 3391 1070 3438 *,
1101 3406 1173 3430 non
1203 3400 1252 3431 est
1269 3395 1338 3442 fas
1365 3401 1402 3432 ut
1427 3397 1558 3446 Ioseph

506 3443 551 3478 ob
570 3443 639 3480 hoc
658 3456 681 3480 a
697 3448 713 3465 α
733 3445 908 3494 coniugio
923 3445 1076 3482 Mariae
1096 3446 1343 3494 separandum
1363 3449 1559 3498 Evangeli-

561 3572 587 3602 ι)
606 3573 637 3597 ⁰1>
656 3574 703 3599 hoc
715 3581 739 3599 a.
751 3589 770 3593 -
789 3575 833 3606 Pl;
854 3575 890 3600 ad
908 3575 956 3600 hoc
974 3576 1004 3605 Α,
1018 3575 1050 3600 ob
1068 3574 1116 3600 hoc
1130 3574 1158 3605 E,
1172 3576 1205 3600 ab
1219 3575 1267 3601 hoc
1280 3577 1364 3604 ceteri.
1375 3591 1395 3597 -
1411 3585 1471 3604 cum
1485 3578 1558 3604 dixit

508 3607 598 3639 loseph
619 3609 703 3634 virum
723 3610 828 3635 Mariae
845 3619 898 3636 om.
919 3610 947 3635 Ρ.
1419 3615 1422 3619 “

1160 301 1424 350 QUAESTIO
1454 300 1598 346 XXIX,
1627 298 1919 336 ARTICULUS
1946 298 1976 335 11

610 2157 631 2173 ,
652 2132 681 2174 (g.
705 2138 842 2163 verum
869 2126 1170 2163 matrimonium.
1204 2126 1303 2163 Dicit
1330 2126 1434 2163 enim
1463 2126 1553 2163 Hie·
1606 2127 1696 2163 Hoc
1722 2129 1821 2164 enim
1849 2127 2020 2176 exemplo
2038 2126 2260 2175 manifestess
2279 2129 2676 2179 insinuatur-siffis
2716 2170 2722 2172 ,
2747 2150 2759 2178 χ

548 2154 646 2215 ζ’ίὲῖἓ·
661 2172 694 2215 Χ
705 2191 903 2228 ronymus,
923 2185 1053 2216 contra
1072 2180 1287 2217 Helvidium
1306 2179 1337 2226 ²⁸,
1358 2179 1466 2228 quod
1495 2180 1552 2216 Io-
1607 2181 1825 2229 coniugatis,
1855 2181 1964 2217 etiam
1991 2186 2138 2218 servata
2159 2182 2252 2230 pari
2275 2192 2456 2219 consensu
2482 2185 2674 2230 commi

1595 386 1631 407 ac
1654 376 1903 408 sollicitudinem
1930 375 1969 406 de
1991 376 2056 406 vita
2079 385 2115 406 ac
2139 375 2291 415 operibus
2314 375 2400 411 eius,
2435 379 2548 416 utpote
2579 383 2662 416 quae

1594 429 1764 461 nunquam
1787 421 1883 451 etiam
1904 419 2069 450 venialiter
2083 419 2246 460 peccabat,
2267 424 2352 449 certe
2367 418 2504 461 sibiipsi
2518 419 2664 459 polliceri

1595 470 1720 504 poterat
1745 463 1974 505 perficiendam
1996 463 2238 504 inspirationem
2261 461 2300 494 de
2322 459 2520 503 virginitate,
2553 468 2664 498 contra

1595 507 1701 548 legem
1724 508 1831 548 Moysi
1845 509 1873 544 ·‚
1895 507 1958 538 nisi
1980 507 2068 538 Deus
2092 506 2179 537 aliud
2201 505 2387 547 inspimndo
2410 506 2462 538 vel
2484 504 2664 547 nuntiando
2691 512 2703 524 ⁸
2723 517 2731 530 ¹

1594 552 1728 582 iuberet.
1753 551 1841 582 Talis
1865 556 1973 582 autem
1997 549 2157 587 conditio,
2186 550 2326 582 subdens
2348 550 2507 591 propositi
2529 551 2581 582 sui
2605 550 2666 592 op-

1595 596 1738 635 positum
1761 594 1870 626 divino
1893 600 2076 635 praecepto,
2099 594 2247 625 transfert
2269 601 2463 625 consensum
2483 595 2517 626 in
2532 595 2666 636 opposi-

1596 645 1666 670 tum
1682 639 1732 669 sui
1746 639 1920 679 propositi:
1945 644 1982 669 ut
1997 644 2084 679 patet
2099 638 2329 678 exemplariter.
2354 638 2565 679 Quicumque
2579 639 2666 673 enim

1596 689 1686 724 pater
1701 683 1862 714 consentit
1884 683 1918 713 in
1941 682 2139 713 occisionem
2153 683 2276 723 proprii
2298 682 2357 713 filii
2370 682 2399 714 si
2413 683 2507 714 Deus*
2525 682 2666 720 iusserit,

1595 736 1664 758 non
1687 731 1858 768 propterea
1881 727 2043 757 consensit
2066 727 2100 757 in
2122 731 2261 757 mortem
2283 725 2358 757 filii:
2390 731 2422 758 et
2444 727 2471 759 si
2493 727 2667 761 sanctimo—

1597 770 1688 802 nialis
1711 771 1800 811 virgo
1825 771 1984 801 consentit
2000 771 2033 801 in
2053 771 2182 811 nuptias
2200 770 2229 802 si
2243 770 2334 802 Deus
2349 771 2488 807 iusserit,
2506 780 2575 802 non
2591 774 2667 812 pro*-
2758 789 2767 796 π

1597 820 1706 855 pterea
1729 814 1889 845 consentit
1911 814 1945 845 in
1967 814 2106 854 nuptias.
2137 814 2190 845 Sic
2213 819 2322 846 autem
2343 814 2449 846 Beata
2462 814 2563 856 Virgo
2589 811 2668 846 con·
2715 852 2718 855 .

1597 859 1694 889 sensit
1717 858 1976 889 conditionaliter
2003 858 2037 888 in
2060 858 2220 889 carnalem
2243 858 2413 899 copulam:
2443 859 2473 890 si
2498 858 2571 890 Deo
2591 859 2668 901 pia-
2747 857 2765 865 ”

1598 903 1702 934 cuerit
1722 902 1920 943 beneplacito
1939 902 2116 943 praecepti.
2731 901 2759 944 -JJ

1654 946 1706 977 IV.
1731 946 1939 977 Credendum
1973 955 2107 987 quoque
2137 946 2348 978 nihilominus
2376 951 2424 979 est
2452 946 2544 989 quod
2570 944 2670 986 etim

1599 991 1650 1021 hic
1673 991 1717 1021 sic
1740 989 1979 1021 conditionatus
1995 999 2171 1021 consensus
2187 990 2220 1022 in
2236 990 2396 1026 carnalem
2421 991 2584 1032 copulam,
2594 998 2668 1030 ,11911
2735 986 2762 1032 ,ξ

1599 1040 1682 1070 actu,
1707 1034 1763 1065 sed
1785 1034 1896 1065 habitu
1918 1039 2045 1065 tantum
2067 1033 2163 1065 fuerit
2185 1035 2219 1065 in
2242 1034 2340 1066 Beata
2362 1034 2503 1077 Virgine.
2527 1034 2570 1066 Et
2587 1027 2671 1070 rati&
2720 1048 2723 1053 ¹
2749 1035 2764 1056 5⁷

1599 1084 1646 1109 est
1669 1079 1745 1119 quia
1767 1078 1875 1109 nullus
1891 1083 1980 1109 actus
1996 1077 2177 1119 superfluus
2193 1078 2253 1110 fuit
2267 1079 2302 1110 in
2317 1088 2365 1110 ea-
2388 1078 2451 1110 Hic
2467 1084 2575 1110 autem
2590 1076 2672 1111 effi
2736 1093 2767 1124 ,ᾗ

1599 1132 1710 1153 sensus
1733 1123 1768 1152 in
1791 1127 1864 1153 actu
1887 1121 2069 1163 superfluus
2091 1122 2212 1159 fuisset,
2229 1128 2342 1164 utpote
2357 1132 2468 1154 carens
2481 1123 2671 1155 necessitate

1600 1173 1631 1197 et
1653 1167 1781 1207 pietate.
1805 1167 1889 1198 Nam
1912 1166 1952 1198 ad
1974 1167 2091 1198 mentis
2110 1176 2186 1198 suae
2209 1166 2434 1199 rectitudinem
2456 1172 2504 1198 sat
2526 1164 2671 1211 “thing
2685 1203 2695 1212 .
2720 1178 2722 1181 ’
2741 1173 2770 1210 j

1600 1211 1675 1242 bere
1698 1211 1785 1241 hunc
1801 1216 1909 1242 actum
1923 1212 1957 1241 in
1972 1211 2093 1248 habitu,
2109 1211 2173 1242 hoc
2190 1216 2238 1242 est
2254 1212 2289 1242 in
2303 1212 2557 1252 praeparatione*
2581 1246 2587 1253 ἶ
2603 1211 2610 1219 ”
2721 1215 2724 1218 ”
2738 1221 2771 1228 “

1600 1255 1642 1285 Et
1657 1254 1838 1285 secundum
1853 1255 1951 1286 animi
1966 1254 2244 1296 praeparationem
2258 1252 2502 1297 intelligendum
2514 1260 2562 1290 eet
2577 1255 2634 1299 qui

1602 1298 1680 1339 quid
1703 1308 1720 1329 a
1744 1299 1838 1329 sacris
1861 1298 2058 1330 Doctoribus
2089 1298 2204 1330 dicitur
2227 1299 2267 1331 de
2290 1299 2407 1331 Beatae
2429 1298 2570 1341 Virginis
2590 1302 2670 1337 ’ῥόα-

1602 1352 1697 1374 sensu
1732 1342 1953 1374 conditionato
1988 1344 2021 1374 in
2056 1343 2208 1384 copulam
2242 1343 2405 1375 carnalem
2436 1338 2671 1376 committendi)

1602 1396 1694 1418 suam
1717 1396 1846 1418 causam
1870 1387 1979 1418 divino
2003 1388 2142 1418 arbitrio.
2166 1387 2280 1419 Preces
2303 1389 2391 1419 enim
2408 1397 2469 1429 pro
2483 1388 2674 1430 virm
2715 1398 2718 1399 ’
2749 1394 2763 1430 ζὲ

1602 1432 1835 1472 perseverantia
1858 1431 2023 1462 actualiter
2045 1431 2215 1463 fundebat:
2240 1431 2296 1463 sed
2314 1431 2355 1464 ad
2370 1433 2558 1474 oppodtun
2578 1440 2673 1474 pn&

1603 1475 1725 1515 paratio
1749 1475 1817 1506 sola
1839 1476 1948 1512 animi,
1965 1475 2184 1507 conditionata
2198 1481 2235 1507 ut
2257 1475 2379 1509 dictum
2401 1482 2450 1508 est
2463 1478 2492 1513 ',
2508 1481 2585 1515 erat,
2598 1477 2672 1522 ab&
2697 1482 2728 1518 ‘3
2740 1481 2750 1486 ’

1604 1529 1668 1560 que
1692 1519 1807 1550 actuali
1830 1529 2001 1556 consensu,
2026 1525 2326 1562 quantumcumque
2349 1518 2599 1556 conditionat0.'
2644 1520 2657 1530 ‘'

1659 1563 1700 1593 Et
1722 1563 1802 1594 haec
1825 1564 1887 1594 sint
1910 1564 2007 1594 etiam
2029 1572 2090 1605 pro
2114 1565 2262 1605 sequenti
2285 1565 2431 1601 articulo,
2454 1564 2512 1596 ubi
2533 1557 2674 1610 explic&
2744 1582 2773 1605 1„

1604 1612 1656 1638 tur
1678 1617 1854 1638 consensus
1876 1607 1930 1638 ille
1953 1608 1998 1639 sic
2022 1607 2260 1639 conditionatus
2282 1609 2316 1639 in
2334 1609 2486 1650 copulam
2501 1606 2674 1659 carnalem:
2712 1615 2719 1629 '⁷‘

1693 1695 1720 1702 m

2087 2075 2153 2112 sed
2176 2077 2286 2125 virgo
2303 2078 2450 2125 peperit
2470 2077 2669 2116 Chusa-m.

1607 2233 1678 2278 tia,
1701 2245 1811 2282 posse
1841 2245 2069 2282 permanere
2094 2234 2295 2283 vocarique
2328 2236 2564 2286 coniugium,
2586 2243 2670 2276 non

1661 2339 1886 2376 REsponnEo
1914 2350 2096 2376 morannum
2123 2339 2232 2388 quod
2263 2339 2557 2380 matrimonium
2584 2339 2680 2381 au&

1609 2391 1833 2439 coniugium
1867 2391 2005 2429 dicitur
2039 2402 2179 2429 verum
2215 2403 2262 2430 ex
2298 2393 2376 2430 hoc
2415 2392 2676 2443 queam
2835 2430 2837 2432 .

1608 2444 1882 2494 perfectionem
1910 2443 2063 2493 attingit.
2093 2445 2246 2495 Duplex
2272 2452 2328 2482 est
2355 2445 2675 2499 autem·ffl÷pef*'
2833 2454 2837 2497 ξ

1608 2497 1737 2535 sectio:
1773 2497 1899 2547 prima
1926 2505 1963 2534 et
1989 2498 2169 2535 secunda.
2207 2497 2336 2536 Prima
2363 2498 2523 2548 quidem
2546 2500 2678 2551 pii&-

1609 2550 1683 2588 ctio
1711 2550 1750 2587 in
1770 2550 1852 2600 ipsa
1880 2550 2004 2588 forma
2031 2550 2085 2588 rei
2113 2550 2293 2598 consistit,
2322 2563 2369 2588 ex
2396 2563 2475 2602 qua
2502 2552 2680 2603 speffi

1610 2603 1779 2641 sortitur:
1809 2604 1979 2641 secunda
1997 2615 2091 2641 vero
2105 2603 2290 2654 perfectio
2318 2604 2488 2643 consistit
2511 2605 2672 2657 ini-epe,-

1610 2656 1755 2694 ratione
1775 2656 1839 2703 rei,
1860 2668 1930 2707 per
1948 2668 2068 2706 quam
2088 2668 2150 2694 res
2167 2656 2379 2706 aliqualiter
2405 2668 2523 2696 suum
2538 2644 2694 2710 finffl‘j
2710 2671 2715 2677 ·

1610 2709 1764 2758 attingit.
1803 2710 1946 2747 Forma
1987 2717 2117 2747 autem
2157 2709 2393 2748 matrimonii
2424 2705 2698 2751 comfflffflffl'

1610 2763 1778 2812 quadam
1806 2762 2024 2800 indivisibili
2051 2761 2322 2802 coniunctione
2349 2762 2482 2802 animo
2599 2764 2682 2816 pff

1611 2827 1730 2864 quam
1757 2827 1860 2852 unus
1882 2815 2093 2864 coniugum
2119 2815 2396 2854 indivisibiliter
2419 2772 2682 2857 altum
2719 2847 2755 2874 1

1611 2880 1762 2905 servare
1785 2876 1946 2906 tenetur.
1976 2868 2080 2906 Finis
2099 2876 2227 2906 autem
2247 2868 2482 2908 matrimonii
2508 2877 2566 2908 est
2581 2882 2671 2921 pro·

1611 2922 1664 2958 les
1687 2921 1904 2969 generanda
1923 2929 1959 2958 et
1987 2921 2205 2960 educanda:
2235 2922 2284 2960 ad
2303 2921 2474 2972 quorum
2498 2922 2669 2974 primum
2706 2918 2756 2973 J}

1611 2973 1832 3023 pervenitur
1858 2986 1929 3023 per
1959 2974 2210 3012 concubitum
2236 2974 2496 3024 coniugalem;
2530 2975 2583 3026 ad
2614 2987 2673 3014 se·
2700 2986 2740 3026 ἦ

1611 3027 1805 3074 cundum,
1834 3039 1903 3076 per
1930 3027 2002 3065 alia
2039 3039 2158 3077 opera
2183 3026 2256 3065 viri
2283 3035 2320 3065 et
2350 3026 2501 3076 uxoris,
2573 3070 2586 3073 ⁷⁷
2608 3032 2622 3074 f
2715 3033 2727 3044 ⁴*

1612 3079 1682 3116 sibi
1707 3079 1873 3117 invicem
1892 3080 2160 3130 obsequuntur
2177 3080 2227 3118 ad
2244 3082 2395 3130 prolem
2413 3080 2701 3130 nutricum-⁸5

1666 3132 1728 3170 Sic
1765 3131 1876 3181 igitur
1912 3132 2120 3171 dicendum
2148 3141 2204 3171 est
2239 3133 2367 3183 quod,
2395 3130 2738 3184 qunamitis&-

1611 3185 1777 3235 primam
1814 3185 2104 3235 perfectionem,
2133 3186 2296 3224 omnino
2322 3198 2461 3225 verum
2496 3186 2566 3225 fuit
2591 3184 2672 3227 αἰ·

1611 3238 1837 3276 trimonium
1865 3238 2027 3287 Virginis
2062 3239 2195 3276 Matris
2222 3239 2294 3277 Dei
2321 3247 2358 3277 et
2384 3240 2542 3290 Ioseph:
2579 3238 2681 3290 quia*
2714 3245 2739 3282 ²,

1611 3299 1773 3341 uterque
1801 3291 1993 3329 consensit
2020 3291 2059 3329 in
2088 3293 2270 3342 copulam
2297 3291 2556 3342 coniugalem3
2590 3289 2739 3334 non⁸t

1612 3351 1742 3381 autem
1770 3356 1946 3395 expresse
1974 3344 2014 3382 in
2041 3347 2223 3394 copulam
2255 3346 2470 3391 carnalem,
2499 3345 2571 3383 nisi
2597 3344 2672 3384 sub
2812 3379 2814 3382 .

1613 3396 1852 3443 conditione,
1885 3399 1918 3434 si
1949 3398 2031 3435 Deo
2062 3398 2238 3448 placeret.
2281 3397 2393 3436 Unde
2430 3405 2468 3435 et
2502 3395 2677 3447 Angelus&

1613 3457 1726 3487 vocat
1753 3449 1919 3488 Mariam
1953 3449 2159 3499 coniugem
2186 3451 2344 3500 Ioseph,
2372 3449 2502 3489 dicens
2537 3451 2589 3493 ad
2613 3444 2671 3496 10?

2716 3054 2755 3062 .,

2715 3076 2740 3084 v

1666 3579 1692 3612 β)
1711 3581 1858 3614 incon-'sem⁸
1874 3595 1893 3600 -
1912 3581 2050 3615 magnifice
2068 3581 2149 3608 tertia.
2162 3595 2182 3601 —
2199 3581 2341 3614 vocari'que
2359 3581 2379 3606 F
2393 3586 2419 3607 et
2436 3582 2522 3614 terti-3
2541 3581 2640 3608 vocari.
2651 3594 2673 3601 ·-·

1613 3614 1663 3639 Pro
1681 3622 1757 3645 sexu,
1776 3623 1853 3641 sensu
1873 3617 1930 3642 GH.
