2872 3970
1247 287 1409 326 INDEX

530 372 725 410 QUAESTIO
747 370 1019 400 DECIMASEXTA

461 437 510 466 De
530 436 587 466 his
607 442 696 472 quae
717 433 925 464 conveniunt
945 431 1085 461 Christo

543 475 730 505 secundum
755 480 837 502 esse
865 473 901 501 et
920 471 1005 500 fieri.

245 560 430 582 ARTICULUSI
480 553 583 581 Utrum
604 551 674 579 haec
702 549 738 578 sit
757 558 837 577 vera:
859 550 942 577 Deus
969 553 1012 576 est
1033 549 1127 576 homo.
1157 555 1230 586 pag.
1250 557 1302 584 ¹97

328 605 343 620 »
424 601 446 622 n
486 594 590 622 Utrum
610 591 682 618 haec
703 590 739 617 sit
758 597 839 618 vera:
860 588 958 616 Homo
976 593 1019 616 est
1034 589 1125 616 Deus.
1209 598 1223 613 »
1246 595 1299 616 201

327 644 343 660 ι
425 641 457 662 m
486 633 590 662 Utrum
604 629 734 659 Christus
747 629 839 665 possit
853 628 909 656 dici
924 628 1009 656 homo
1024 627 1127 656 Domi·
1287 636 1290 638 ’

526 671 608 700 nicus
610 684 1125 700 ...................
1210 678 1224 692 »
1248 674 1305 695 202

329 724 345 739 »
426 720 457 740 tv
487 713 590 740 Utrum
612 720 646 740 ea
667 719 741 747 quae
756 716 823 738 sunt
843 710 987 737 humanae
1007 714 1126 736 naturae

527 752 563 780 de
584 752 647 779 Deo
669 750 725 778 dici
740 749 850 786 possint
851 767 1126 778 ..........
1211 757 1225 772 »
1249 746 1304 774 203

329 802 347 818 ι
428 799 448 819 v
489 791 591 820 Utrum
612 801 646 819 ea
667 798 742 827 quae
762 796 830 818 sunt
847 790 990 817 humanae
1010 793 1129 816 naturae

527 832 639 867 possint
654 831 710 859 diei
724 830 760 858 de
780 835 882 857 natura
902 827 998 856 divina
1001 847 1128 855 .....
1213 836 1226 851 ›>
1250 825 1305 853 205

331 882 347 899 ι
428 880 459 900 vr
489 872 592 901 Utrum
614 873 685 900 haec
710 870 747 899 sit
767 878 848 898 vera:
871 869 954 897 Deus
967 869 1069 906 sactus
1090 871 1132 895 est
1174 877 1176 879 >

529 912 614 940 homo
616 927 1129 940 ..................
1215 915 1228 930 s
1252 905 1309 932 206

335 962 350 978 ¹·
431 961 472 981 vn
502 953 604 980 Utrum
635 953 706 981 haec
729 951 766 979 sit
795 959 877 979 vera:
908 950 1006 978 Homo
1029 948 1132 985 sacrus

530 998 574 1021 est
594 993 677 1020 Deus
679 1007 1131 1020 ................
1215 998 1230 1013 >v
1254 992 1310 1020 207

335 1043 350 1059 »
432 1041 484 1060 vm
494 1034 598 1061 Utrum
631 1033 701 1062 haec
735 1031 772 1060 sit
803 1039 886 1059 vera:
921 1029 1056 1058 Christus
1089 1031 1133 1055 est

531 1078 677 1101 creatura.
708 1088 1133 1100 ...............
1217 1076 1231 1091 »
1254 1071 1287 1091 21
1298 1072 1307 1090 1

333 1123 348 1139 »
431 1121 461 1142 tx
501 1114 606 1141 Utrum
627 1113 677 1140 ille
698 1112 799 1144 homo,
821 1113 1020 1140 demonstrato
1048 1107 1132 1136 Chri-

532 1159 591 1188 sto,
614 1152 773 1190 incoeperit
793 1160 855 1181 esse
857 1168 1133 1181 ..........
1217 1157 1231 1171 »
1256 1149 1313 1171 212

335 1205 350 1220 ι
431 1202 451 1222 x
492 1193 596 1222 Utrum
616 1193 687 1221 haec
707 1191 743 1220 sit
762 1200 844 1221 vera:
869 1191 1010 1224 Christus,
1033 1197 1135 1218 secun·

533 1234 601 1261 dum
622 1233 699 1271 quod
718 1234 820 1268 homo,
841 1238 884 1261 est
904 1236 1057 1263 creatura‚·
1077 1229 1135 1265 vel,

533 1274 658 1312 incoepit
681 1282 743 1302 esse
748 1290 1134 1303 ..............
1219 1277 1234 1293 »
1258 1272 1316 1298 214

338 1325 353 1340 »
434 1323 466 1343 ιι
505 1314 609 1344 Utrum
627 1314 769 1348 Christus,
781 1314 938 1343 secundum
953 1311 1029 1348 quod
1042 1311 1136 1343 homo,

307 1354 310 1357 ”
534 1354 572 1382 sit
597 1355 679 1382 Deus
681 1370 1136 1383 ................
1220 1358 1234 1373 ›>
1259 1344 1316 1372 216

338 1405 353 1421 ι)
435 1401 478 1423 xn
497 1394 600 1422 Utrum
619 1393 760 1429 Christus,
776 1394 934 1423 secundum
952 1391 1028 1429 quod
1042 1390 1136 1422 homo,

534 1434 573 1462 sit
591 1434 760 1472 hypostasis
781 1434 829 1462 vel
845 1440 977 1471 persona
981 1450 1136 1460 ......
1221 1438 1236 1453 »
1260 1433 1316 1461 217

518 1513 713 1548 QUAESTIO
745 1510 1059 1541 DECIMASEPTIMA

430 1575 480 1604 De
500 1575 635 1605 unitate
655 1574 785 1605 christi
805 1575 971 1610 quantum
992 1572 1038 1602 ad
1057 1578 1150 1601 esse.

259 1660 424 1683 anemius
438 1660 450 1680 1
499 1652 601 1680 Utrum
623 1651 753 1679 Christus
774 1650 810 1679 sit
834 1659 925 1678 unum
945 1649 991 1677 vel
1012 1649 1080 1677 duo.
1104 1669 1111 1676 .
1133 1669 1140 1676 .
1225 1658 1240 1673 ³>
1263 1654 1320 1683 219

342 1704 358 1719 »
439 1701 461 1721 11
500 1693 603 1720 Utrum
615 1691 645 1723 in
659 1691 774 1719 Christo
790 1690 826 1718 sit
839 1695 951 1718 tantum
963 1698 1054 1717 unum
1069 1696 1140 1716 esse.
1225 1698 1240 1713 ³>
1264 1693 1320 1714 222

531 1769 725 1804 QUAESTIO
747 1767 1055 1797 DECIMAOCTAVA

361 1833 411 1862 De
431 1833 565 1862 unitate
590 1831 721 1861 christi
748 1831 914 1867 quantum
934 1828 980 1858 ad
999 1829 1224 1859 voluntatem.

263 1918 429 1941 nummus
442 1917 453 1937 1
503 1909 606 1937 Utrum
627 1908 658 1936 in
680 1907 794 1936 Christo
808 1907 865 1935 sint
885 1907 959 1934 duae
973 1906 1144 1940 voluntates,

542 1958 601 1977 una
623 1947 720 1976 divina
740 1953 768 1975 et
793 1946 849 1974 alia
875 1947 1004 1974 humana
1016 1965 1142 1974 .....
1227 1954 1241 1969 ιν
1266 1943 1324 1971 230

345 2002 360 2018 »
442 1998 465 2019 π
504 1989 608 2017 Utrum
622 1987 652 2015 in
667 1987 782 2016 Christo
803 1985 887 2014 fuerit
900 1985 996 2022 aliqua
1010 1985 1143 2013 voluntas

544 2026 744 2062 sensualitatis,
765 2031 879 2063 praeter
902 2023 1022 2053 rationis
1042 2024 1145 2052 volun-

544 2074 633 2096 tatem
637 2084 1142 2095 ..................
1227 2073 1241 2088 »
1266 2062 1323 2089 232

347 2122 362 2138 »
444 2118 477 2138 m
506 2109 609 2137 Utrum
624 2107 654 2134 in
670 2105 785 2134 Christo
799 2104 905 2133 fuerint
924 2104 999 2132 duae
1013 2103 1145 2131 volunta-

546 2155 588 2177 tes
609 2152 751 2184 quantum
765 2145 803 2172 ad
824 2143 965 2172 rationem
988 2163 1146 2171 ......
1230 2153 1245 2168 2
1268 2141 1324 2169 233

347 2202 363 2219 »
445 2197 476 2218 tv
509 2190 612 2218 Utrum
633 2187 662 2215 in
683 2185 798 2214 Christo
819 2183 903 2212 fuerit
929 2183 1051 2212 liberum
1072 2182 1147 2211 arbi-

545 2228 632 2257 trium
635 2243 1148 2256 ..................
1232 2233 1246 2248 »
1271 2221 1329 2256 234

350 2283 365 2298 »
447 2278 467 2298 v
506 2269 608 2297 Utrum
623 2267 757 2295 voluntas
771 2265 898 2293 humana
918 2263 948 2292 in
969 2263 1084 2293 Christo
1098 2272 1149 2291 vo-

547 2307 631 2336 luerit
651 2306 730 2335 aliud
743 2314 831 2343 quam
853 2305 934 2341 quod
952 2306 1030 2332 Deus
1050 2303 1119 2331 vult.
1141 2325 1148 2331 .
1231 2313 1246 2328 »
1271 2300 1326 2328 235

351 2361 366 2378 »
450 2358 480 2378 vr
510 2349 614 2377 Utrum
627 2347 658 2375 in
672 2346 787 2375 Christo
802 2345 886 2374 fuerit
899 2343 1086 2374 contrarietas
1099 2353 1151 2372 vo-

549 2388 691 2416 luntatum
695 2404 1150 2415 ................
1234 2393 1248 2407 »
1273 2380 1329 2408 236

563 2471 757 2508 QUAESTIO
783 2469 1038 2499 DECIMANONA

499 2537 548 2565 De
567 2535 703 2566 unitate
725 2532 938 2570 operationis
960 2531 1099 2561 Christi.

271 2627 436 2651 Akncunxs
449 2627 460 2647 ι
519 2618 622 2646 Utrum
648 2616 678 2644 in
692 2615 805 2644 Christo
820 2614 855 2642 sit
875 2620 987 2642 tantum
1008 2622 1067 2641 una
1084 2622 1153 2649 ope-

550 2657 624 2685 ratio
645 2654 800 2685 divinitatis
821 2661 849 2683 et
869 2653 1062 2682 humanitatis.
1087 2674 1093 2680 .
1115 2673 1122 2680 .
1146 2674 1153 2680 .
1237 2662 1252 2677 a>
1275 2652 1333 2688 239

356 2712 371 2728 ιν
452 2707 474 2727 11
524 2698 627 2726 Utrum
640 2696 671 2724 in
684 2696 799 2725 Christo
817 2695 875 2724 sint
894 2694 990 2732 plures
1011 2694 1155 2721 humanae

553 2736 737 2774 operationes
759 2753 1154 2765 ..............
1239 2743 1253 2758 ι
1277 2738 1334 2767 242

357 2791 373 2807 2
454 2787 487 2807 111
527 2779 631 2806 Utrum
652 2776 726 2805 actio
752 2778 880 2805 humana
900 2773 1005 2803 Christi
1031 2772 1157 2810 potuerit

556 2817 582 2846 ei
602 2826 664 2846 esse
684 2816 832 2845 meritoria
853 2833 1156 2845 ...........
1240 2823 1254 2838 »
1279 2818 1337 2845 244

358 2870 374 2886 ι
455 2867 486 2887 1v
526 2859 629 2886 Utrum
650 2857 780 2885 Christus
801 2855 864 2885 aliis
885 2854 988 2883 mereri
1009 2853 1134 2890 potuerit
1148 2874 1156 2881 .
1241 2863 1256 2878 γι
1279 2851 1336 2886 246

610 2943 804 2978 QUAESTIO
826 2942 1006 2970 VlGESIMA

477 3007 527 3036 De
547 3005 762 3036 subiectione
783 3004 912 3034 curisti
932 3003 978 3032 ad
997 3003 1146 3033 Patrem.

280 3092 444 3115 ARTICULUS
458 3092 468 3111 1
529 3083 631 3111 Utrum
666 3081 703 3109 sit
731 3081 884 3109 dicendum
921 3079 1066 3107 Christum
1101 3087 1162 3106 esse

559 3121 717 3150 subiectum
750 3119 827 3148 Patri
855 3138 1162 3148 ...........
1246 3128 1260 3143 s
1284 3123 1340 3152 247

365 3175 380 3190 »
462 3171 483 3190 n
532 3163 635 3191 Utrum
656 3160 785 3188 Christus
804 3159 840 3187 sit
860 3158 914 3186 sibi
934 3157 988 3194 ipsi
1009 3157 1162 3186 subiectus.
1245 3167 1260 3182 2
1285 3156 1340 3190 248

556 3238 750 3275 QUAESTIO
773 3236 1072 3265 VIGESIMAPRIMA

623 3301 672 3330 De
694 3301 853 3330 oratione
873 3298 1014 3328 christi.

285 3380 450 3411 Aa’rtcmus
464 3380 475 3399 1
535 3371 637 3399 Utrum
659 3369 773 3398 Christo
801 3373 946 3403 competat
966 3375 1048 3394 orare
1070 3387 1078 3394 .
1101 3387 1107 3394 .
1131 3386 1137 3393 .
1159 3386 1167 3393 .
1250 3375 1264 3390 n
1287 3363 1340 3391 251

368 3423 383 3439 ι
466 3420 487 3439 ¹1
538 3411 641 3439 Utrum
656 3408 769 3437 Christo
790 3406 942 3436 conveniat
962 3414 1046 3434 orare
1067 3414 1168 3433 secun-

567 3451 636 3477 dum
667 3457 748 3476 suam
776 3446 989 3476 sensualitatem
1011 3465 1167 3474 ......
1251 3454 1265 3469 »
1289 3443 1345 3470 252

369 3502 384 3518 »
466 3499 499 3519 111
539 3490 642 3518 Utrum
663 3487 778 3516 Christo
807 3485 982 3515 conveniens
1008 3484 1091 3513 fuerit
1115 3492 1168 3520 pro

568 3539 598 3558 se
619 3537 701 3557 orare
713 3543 1166 3557 ................
1251 3533 1265 3548 »
1289 3520 1344 3550 253

371 3579 386 3595 t
469 3577 499 3598 Ν
538 3570 640 3598 Utrum
675 3566 780 3596 Christi
814 3565 907 3594 oratio
941 3563 1024 3592 fuerit
1057 3571 1170 3599 semper

568 3607 699 3637 exaudita
711 3622 1168 3636 ................
1253 3612 1267 3627 2>
1290 3601 1348 3635 254

1603 364 1795 399 QUAESTio
1817 364 2175 392 VIGESIMASECUNDA

1676 436 1724 465 De
1745 435 1943 466 sacerdotio
1965 436 2104 466 christi.

1359 519 1524 540 Aartcuws
1538 520 1548 540 1
1608 513 1711 541 Utrum
1737 513 1851 541 Christo
1879 514 2031 542 conveniat
2062 523 2123 542 esse
2150 523 2241 542 sacer-

1638 553 1735 580 dotem
1752 574 2238 582 .................

1443 602 1457 617 »
1538 599 1560 619 Π
1611 592 1713 620 Utrum
1739 592 1799 629 ipse
1823 592 1953 620 Christus
1982 593 2065 621 fuerit
2091 593 2175 621 simul
2197 603 2240 621 sa-

1639 633 1741 660 cerdos
1762 639 1790 660 et
1817 633 1911 661 hostia
1932 653 2239 661 ...........

1613 671 1715 699 Utrum
1747 672 1863 700 effectus
1892 672 2043 700 sacerdotii
2073 673 2179 700 Christi
2209 673 2243 700 sit

1641 711 1763 748 expiatio
1789 718 1973 748 peccatorum
1995 733 2241 740 .........

1612 751 1713 778 Utrum
1739 751 1855 779 effectus
1883 751 2034 780 sacerdotii
2056 752 2161 780 Christi
2182 761 2242 780 non

1641 791 1735 818 solum
1756 791 1924 828 pertinuerit
1937 792 1974 820 ad
1988 791 2070 827 alios,
2085 792 2136 819 sed
2157 791 2243 820 etiarn

1642 831 1679 858 ad
1700 830 1795 867 ipsum
1817 851 2242 859 ...............

1615 869 1718 897 Utrum
1740 871 1932 898 sacerdotium
1953 871 2058 899 Christi
2079 878 2246 907 permaneat

1644 909 1674 936 in
1701 917 1848 938 aeternum

1614 950 1717 977 Utrum
1746 950 1935 978 sacerdotium
1965 950 2070 978 Christi
2097 950 2179 978 fuerit
2202 960 2245 978 se-

1646 990 1772 1017 cundum
1795 990 1926 1018 ordinem
1949 990 2158 1018 Melchisedech
2178 1011 2185 1018 .
2209 1011 2215 1017 .
2239 1012 2244 1018 .

2277 563 2350 593 pag.
2362 556 2418 583 256

2324 645 2338 659 »
2362 634 2418 670 257

1443 681 1458 696 2
1541 678 1573 698 111

2325 724 2339 738 »
2363 713 2419 740 258

1445 761 1460 776 ²
1542 758 1572 778 1v

2326 842 2340 857 »
2365 832 2422 859 260

1445 879 1460 895 t
1543 876 1563 896 V

2328 922 2342 936 >a
2366 912 2418 938 261

1878 931 2244 939 .............

1448 959 1462 974 »
1544 956 1575 977 vl

2330 1001 2343 1015 »
2368 991 2424 1017 262

1628 1077 1822 1111 QUAESTIO
1845 1078 2169 1106 VIGES1MATERT1A

1548 1147 1598 1176 De
1619 1147 1815 1184 adoptione,
1835 1156 1881 1177 an
1901 1149 2040 1179 Christo
2062 1151 2255 1180 conveniat.

1368 1237 1534 1258 ARTICULUS
1547 1238 1558 1257 1

1451 1279 1467 1295 »
1547 1277 1569 1297 11

1453 1320 1468 1335 r
1549 1317 1583 1337 111

1619 1231 1721 1258 Utrum
1742 1232 1806 1259 Deo
1831 1231 1983 1260 conveniat
2008 1232 2082 1260 filios
2102 1234 2248 1269 adoptare.

1620 1271 1722 1298 Utrum
1734 1271 1872 1307 adoptare
1883 1272 2035 1300 conveniat
2047 1272 2099 1300 toti
2109 1273 2251 1301 Trinitati.

1622 1311 1723 1338 Utrum
1738 1311 1869 1347 adoptari
1884 1311 1919 1339 sit
1933 1313 2082 1348 proprium
2107 1313 2254 1341 rationalis

1651 1356 1798 1378 creaturae
1824 1371 2250 1381 ...............

1621 1390 1724 1418 Utrum
1735 1390 1873 1426 Christus,
1883 1392 2043 1420 secundum
2058 1394 2138 1429 quod
2152 1393 2252 1428 homo,

1652 1429 1688 1457 sit
1709 1429 1782 1457 filius
1810 1430 1863 1458 Dei
1890 1431 2041 1467 adoptivus
2067 1453 2253 1460 .......

2333 1245 2347 1259 »
2372 1237 2429 1270 264

2333 1286 2347 1300 :o
2373 1276 2427 1303 265

2335 1365 2349 1379 »
2374 1355 2430 1382 266

1452 1398 1468 1414 ὶ
1551 1397 1581 1417 1v

2337 1445 2351 1459 »
2375 1434 2431 1470 267

1628 1517 1820 1551 QUAESTIO
1842 1518 2182 1554 VIGE81MAQUARTA

1634 1587 1683 1617 De
1704 1587 2023 1624 praedestinatione
2045 1589 2183 1618 Christi.

1376 1678 1541 1699 mucums
1555 1679 1566 1699 1
1626 1672 1729 1700 Utrum
1751 1671 1866 1700 Christo
1891 1672 2042 1701 conveniat
2063 1673 2256 1709 praedestina-

1655 1717 1716 1739 tum
1738 1721 1800 1740 esse

1627 1751 1731 1779 Utrum
1752 1752 1822 1779 haec
1836 1751 1871 1779 sit
1891 1752 1976 1780 falsa:
2002 1752 2143 1786 Christus,
2157 1761 2258 1780 secun-

1656 1792 1724 1818 dum
1746 1792 1821 1828 quod
1848 1792 1942 1825 homo,
1964 1797 2006 1819 est
2023 1792 2259 1828 praedestinatus

1658 1839 1720 1858 esse
1741 1831 1835 1858 Filius
1849 1831 1906 1859 Dei
1926 1851 2259 1860 ............

1630 1871 1733 1898 Utrum
1749 1869 1853 1897 Christi
1875 1870 2097 1905 praedestinatio
2117 1871 2152 1898 sit
2166 1880 2260 1898 exem-

1659 1910 1722 1945 plar
1742 1915 1858 1936 nostrae
1878 1909 2147 1944 praedestinationis
2165 1931 2171 1938 .
2194 1931 2201 1937 .
2225 1932 2232 1938 .
2255 1931 2261 1938 .

1628 1949 1731 1976 Utrum
1752 1948 1974 1985 praedestinatio
1994 1949 2099 1977 Christi
2120 1950 2156 1977 sit
2177 1959 2262 1978 causa

1659 1991 1776 2016 nostrae
1796 1989 2064 2024 praedestinationis
2077 2010 2262 2018 .......

2378 1715 2434 1751 269

2344 1844 2358 1858 »
2381 1840 2438 1869 272

2345 1922 2359 1936 »
2383 1912 2439 1948 273

2346 2001 2360 2015 »
2384 1996 2442 2026 274

1640 2076 1833 2110 QUAESTIO
1851 2076 2184 2112 ‘leESIMAQUiNTA

1695 2147 1745 2176 De
1766 2147 1969 2178 adoratione
1990 2148 2129 2178 Christi.

1383 2239 1548 2260 AR'rtcuLus
1562 2240 1572 2260 1
1632 2233 1735 2260 Utrum
1757 2234 1857 2261 eadem
1878 2233 2047 2262 adoratione
2068 2234 2216 2262 adoranda
2230 2233 2266 2262 sit

1663 2272 1826 2301 humanitas
1848 2273 1952 2301 Christi
1973 2280 2001 2301 et
2021 2273 2082 2301 eius
2103 2273 2235 2301 divinitas
2258 2295 2264 2302 .

1635 2311 1738 2340 Utrum
1759 2311 1922 2341 humanitas
1943 2313 2048 2342 Christi
2066 2313 2103 2341 sit
2116 2314 2266 2342 adoranda

1663 2352 1833 2380 adoratione
1854 2352 1952 2381 latn'ae
1968 2374 2265 2381 ...........

1637 2392 1740 2420 Utrum
1755 2392 1850 2429 imago
1862 2392 1967 2421 Christi
1980 2392 2018 2420 sit
2032 2393 2181 2421 adoranda
2195 2394 2268 2421 ado-

1664 2431 1775 2460 ratione
1796 2431 1895 2460 latriae
1907 2453 2263 2461 .............

1636 2472 1739 2499 Utrum
1761 2481 1828 2499 crux
1850 2472 1954 2500 Christi
1976 2472 2012 2500 sit
2033 2473 2182 2500 adoranda
2196 2473 2267 2500 ado-

1665 2511 1776 2539 ratione
1796 2511 1894 2539 latriae
1911 2533 2265 2540 .............

1635 2552 1736 2579 Utrum
1758 2557 1849 2579 mater
1867 2551 1920 2579 Dei
1941 2551 1977 2579 sit
1997 2552 2146 2580 adoranda
2167 2552 2270 2579 adora-

1666 2590 1746 2618 tione
1766 2590 1865 2618 latriae
1880 2611 2264 2620 ..............

1469 2641 1484 2656 ›
1567 2639 1597 2658 vx
1638 2631 1739 2658 Utrum
1757 2637 1921 2658 sanctorum
1940 2630 2075 2667 reliquiae
2093 2630 2190 2667 aliquo
2207 2639 2269 2658 mo-

1667 2671 1705 2698 do
1727 2670 1782 2698 sint
1796 2670 1960 2699 adorandae
1962 2691 2268 2698 ...........

2349 2286 2363 2300 »
2387 2275 2442 2311 275

1467 2322 1482 2337 »
1564 2319 1585 2339 11

2350 2365 2363 2379 »
2387 2361 2443 2390 277

1467 2403 1482 2417 D
1565 2399 1598 2419 ΠΙ

2349 2444 2363 2458 »
2387 2434 2445 2469 278

1468 2482 1482 2497 »
1566 2479 1596 2498 lv

2349 2523 2364 2537 >>
2388 2512 2440 2540 281

1469 2562 1484 2577 »
1566 2559 1585 2578 V

2350 2602 2363 2617 »
2387 2592 2443 2619 282

2354 2681 2368 2696 »
2392 2671 2451 2705 284

1661 2748 1853 2783 QUAESTIO
1875 2748 2183 2777 VlGESIMASEXTA

1541 2819 1590 2848 De
1610 2819 1676 2848 hoc
1698 2817 1788 2854 quod
1809 2818 1970 2847 Christus
1992 2817 2115 2847 dicitur
2135 2818 2305 2848 mediator

1763 2857 1825 2886 Dei
1845 2858 1881 2886 et
1900 2857 2084 2887 hominum.

1642 2936 1744 2963 Utrum
1765 2944 1826 2963 esse
1847 2934 2036 2962 mediatorem
2058 2934 2110 2962 Dei
2132 2941 2160 2962 et
2180 2934 2272 2962 homi-

1673 2984 1742 3003 num
1764 2974 1799 3002 sit
1819 2973 1967 3010 proprium
1989 2973 2105 3002 Christo
2122 2995 2273 3003 ......

1477 3028 1492 3042 x·
1574 3023 1596 3043 11
1645 3015 1746 3043 Utrum
1776 3013 1905 3042 Christus
1934 3013 1970 3041 sit
2000 3013 2142 3042 mediator
2170 3013 2222 3042 Dei
2247 3020 2276 3041 et

1674 3053 1825 3082 hominum
1847 3053 2006 3081 secundum
2027 3054 2107 3090 quod
2128 3054 2217 3081 homo
2238 3074 2244 3081 .
2267 3074 2274 3081 .

1394 2944 1558 2967 ARTICULUS
1572 2944 1582 2963 Χ

2357 2985 2371 3000 n
2395 2975 2450 3002 285

2357 3064 2371 3079 »
2396 3053 2453 3081 286

1645 3141 1837 3176 QUAESTIO
1861 3139 2207 3168 VIGESIMASEPTIMA

1585 3204 1634 3233 De
1655 3202 1931 3233 sanctificatione
1950 3202 2083 3232 Beatae
2103 3202 2264 3238 Virginis.

1398 3290 1586 3316 nummosi
1645 3281 1747 3309 Utrum
1772 3282 1859 3308 Beata
1879 3280 1967 3317 Virgo
1995 3278 2078 3307 tuerit
2104 3278 2278 3308 sanctificata

1675 3327 1741 3348 ante
1762 3319 1940 3348 nativitatem
1962 3328 1995 3348 ex
2016 3325 2099 3347 utero
2122 3339 2275 3348 ......

1483 3373 1498 3388 2
1579 3368 1602 3388 11
1651 3360 1753 3387 Utrum
1775 3361 1863 3388 Beata
1883 3358 1971 3395 Virgo
1998 3358 2172 3387 sanctificata
2197 3358 2280 3386 fuerit

1679 3406 1745 3427 ante
1766 3398 1972 3427 animationem
2003 3418 2278 3426 ..........

1482 3452 1497 3467 ι
1579 3447 1612 3467 111
1652 3439 1754 3466 Utrum
1785 3439 1873 3466 Beata
1898 3437 1986 3475 Virgo
2014 3437 2097 3465 fuerit
2124 3437 2280 3465 emundata

1680 3479 1717 3506 ab
1738 3477 1890 3506 infectione
1911 3476 2018 3505 fomitis
2033 3497 2276 3505 .........

1483 3530 1497 3545 ›
1579 3526 1609 3546 ιν
1649 3518 1751 3546 Utrum
1781 3526 1833 3554 per
1859 3515 2112 3545 sanctificationem
2141 3515 2171 3544 in
2198 3522 2280 3544 utero

1679 3557 1764 3585 fuerit
1794 3557 1881 3584 Beata
1912 3556 2000 3593 Virgo
2035 3562 2215 3593 praeservata
2245 3556 2281 3583 ab

1682 3596 1762 3624 omni
1783 3602 1901 3633 peccato
1922 3595 2035 3624 actuali.
2067 3615 2280 3623 ........

2360 3329 2374 3344 >›
2398 3319 2455 3346 288

2361 3408 2375 3422 »
2400 3398 2457 3433 289

2361 3487 2375 3501 »
2401 3482 2456 3511 292
