2872 3970
2395 238 2492 262 XXXV

341 354 345 358 ,
433 308 516 360 Qu.
551 320 652 356 xxn,
688 313 761 348 art.
797 319 836 358 4,
872 306 927 347 ad
968 319 1014 347 1:
1054 323 1071 343 «
1102 308 1157 347 Et
1190 306 1288 346 ideo
1333 311 1502 359 oportet
1545 305 1695 353 dicere,
1731 306 1849 359 quod
1893 306 1961 346 alii
2004 307 2249 347 sacerdotes
2293 307 2490 348 effectum

307 369 534 410 sacerdotii
567 371 633 410 sui
667 368 928 422 participant,
954 381 1041 408 non
1075 368 1326 422 inquantum
1359 367 1619 422 sacerdoteS,
1643 366 1720 407 sed
1744 367 1995 420 inquantum
2030 374 2287 421 peccatores,
2313 375 2359 409 ut
2386 369 2491 408 infra

309 431 473 471 dicetur
499 447 534 471 »

430 491 564 532 Piana
587 497 628 531 et
649 491 817 532 Nicolai
851 491 1009 531 nullam
1042 490 1109 531 hic
1133 490 1376 531 citationem
1410 470 1643 543 apponunt.
1678 490 1886 530 Patavina
1909 496 1950 530 et
1971 491 2040 530 De
2063 491 2249 532 Rubeis:
2285 495 2366 532 art.
2389 504 2488 544 seq„

307 565 403 606 arg.
440 564 480 593 J.
530 551 619 593 Sed
653 552 788 601 male;
823 551 882 592 ibi
916 552 1029 592 enim
1061 551 1116 592 ad
1150 552 1371 592 articulum
1405 551 1532 591 istum
1566 557 1763 605 quartum
1797 551 2025 592 remittunt.
2060 553 2107 592 In
2139 553 2303 593 Tabula
2335 554 2492 593 Aurea

307 614 420 655 Petri
454 613 508 655 de
541 614 770 669 Bergamo,
805 613 859 654 ad
893 614 1074 654 verbum
1108 613 1328 660 Sacerdos,
1365 626 1478 653 num.
1504 614 1575 665 37,
1599 626 1677 666 pro
1711 613 1921 653 sententia
1950 613 2019 653 illa
2040 614 2093 653 D.
2119 614 2314 654 Thomae
2349 615 2487 655 nullus

306 681 475 730 praeter
504 675 633 716 istum
667 675 817 715 citatur
849 675 982 716 locus.
1017 675 1089 715 Ad
1123 675 1360 730 marginem
1393 675 1665 728 scripsimus:
1706 673 1769 728 Cf.
1804 677 1913 728 resp.
1947 675 2011 715 ad
2037 677 2091 715 3:
2124 675 2182 716 ibi
2216 689 2402 729 namque
2436 689 2488 716 ex

306 736 542 792 indigentia
573 736 810 777 sacerdotis
843 737 992 791 legalis
1027 736 1266 776 ostenditur
1299 736 1480 776 derivari
1524 736 1755 776 necessitas
1798 736 1991 776 sacrificii
2024 750 2101 790 pro
2136 737 2230 791 ipso
2265 737 2487 778 sacerdote

307 797 510 838 offerente
529 811 538 838 :
573 804 615 839 et
637 798 835 852 quamvis
858 797 962 838 haec
985 797 1210 851 responsio
1234 811 1321 838 non
1343 798 1468 851 plene
1492 797 1826 852 correspondeat
1848 798 2118 852 explicationi
2141 799 2182 839 in
2205 799 2488 853 responsione

305 859 362 900 ad
393 859 578 913 primum
610 859 862 913 promissae,
897 860 1011 900 illam
1045 859 1316 900 indicandam
1350 859 1562 908 duximus,
1598 859 1764 900 defectu
1799 860 1998 910 melioris.

431 921 708 962 Censendum
742 927 807 962 est
839 922 892 961 D.
917 921 1144 969 Thomam,
1169 921 1242 974 qui
1276 921 1328 961 de
1364 921 1525 960 Ordine
1558 921 1640 961 sibi
1673 927 1958 975 proposuerat
1986 922 2182 970 scribere,
2207 922 2408 963 lectorem
2432 922 2486 962 ad

304 987 529 1023 tractatum
563 983 679 1023 illum
714 982 942 1024 remisisse.

428 1105 549 1154 Ibid.,
572 1111 646 1146 art.
673 1104 711 1153 5,
736 1118 824 1160 arg.
857 1118 899 1146 1:
939 1122 957 1142 ‹
986 1106 1266 1146 Peccatorum
1299 1110 1441 1145 autem
1475 1104 1695 1145 infirmitas
1726 1106 1994 1159 inexpiabilis
2017 1108 2104 1154 erit,
2130 1107 2230 1160 quia
2252 1108 2295 1147 in
2317 1108 2486 1161 inferno

303 1166 426 1207 nulla
448 1170 514 1207 est
533 1166 763 1220 redemptio
786 1183 820 1207 ›.
847 1167 909 1207 Cf.
935 1179 1046 1220 quae
1069 1166 1316 1220 scripsimus
1341 1179 1469 1220 supra
1491 1166 1533 1206 in
1557 1172 1659 1206 nota
1682 1167 1736 1207 ad
1760 1181 1829 1220 qu.
1851 1179 1934 1215 v111,
1959 1174 2032 1209 art.
2051 1170 2090 1216 3,
2112 1169 2279 1210 Comm.
2298 1183 2411 1230 num.
2428 1184 2482 1211 111.

430 1289 512 1340 Qu.
547 1300 667 1337 XXVI,
702 1294 776 1330 art.
818 1301 852 1337 1,
887 1289 930 1329 in
964 1289 1100 1343 capite
1133 1289 1313 1337 articuli,
1338 1289 1411 1329 ubi
1446 1289 1540 1329 loca
1573 1289 1772 1360 parallela
1806 1290 2068 1354 exhibentur,
2093 1304 2171 1344 pro
2204 1291 2299 1332 dist.
2323 1307 2469 1333 XLVIII..

303 1350 426 1405 lege:
459 1350 537 1398 lV
572 1349 667 1391 dist.
701 1365 846 1391 XLvm..

425 1472 545 1520 Ibid.,
580 1473 635 1513 ad
667 1475 722 1514 3:
762 1489 780 1511 ‹
809 1473 938 1515 Unde
984 1487 1113 1528 super
1161 1473 1263 1514 illud
1304 1474 1445 1515 Galat.
1480 1486 1534 1521 111,
1575 1473 1771 1514 Christus
1809 1477 1875 1514 est
1903 1474 2128 1522 Mediator,
2166 1475 2266 1516 dicit
2299 1476 2480 1518 Glossa:

303 1534 404 1575 Non
435 1534 574 1574 Pater
601 1535 675 1575 vel
701 1535 891 1589 Spiritus
922 1535 1111 1576 Sanctus
1138 1551 1172 1575 ».

426 1596 714 1644 Lombardus,
753 1596 977 1637 Collectan.
1012 1597 1055 1637 in
1088 1597 1146 1637 D.
1179 1596 1314 1637 Pauli
1341 1597 1490 1651 Epist„
1528 1610 1749 1651 exponens
1783 1610 1892 1637 vers.
1930 1610 1999 1645 20,
2040 1614 2058 1635 ‹
2086 1598 2300 1639 Mediator
2340 1606 2481 1641 autem

303 1657 428 1698 unius
462 1671 549 1698 non
583 1664 658 1707 est,
693 1658 815 1699 Deus
849 1664 992 1699 autem
1036 1671 1146 1699 unus
1181 1665 1245 1699 est
1273 1674 1307 1706 »‚
1343 1659 1424 1698 ait:
1465 1675 1483 1696 «
1509 1659 1632 1699 Deus
1669 1662 1822 1705 autem,
1859 1660 1981 1712 quasi
2026 1659 2148 1707 dicat,
2189 1660 2385 1701 Christus
2422 1667 2487 1703 est

302 1718 530 1766 Mediator,
564 1732 649 1760 non
681 1720 820 1760 Pater
847 1720 920 1760 vel
947 1720 1137 1774 Spiritus
1169 1720 1356 1760 Sanctus
1383 1736 1418 1759 ».

390 1853 396 1858 ·
426 1840 510 1892 Qu.
545 1852 678 1889 xxvn,
713 1847 787 1882 art.
823 1853 863 1892 4,
899 1855 988 1896 arg.
1030 1855 1044 1881 1
1070 1855 1078 1882 1
1118 1858 1136 1878 ‹
1164 1842 1311 1882 Motus
1347 1844 1490 1882 autem
1521 1841 1704 1894 fomitis,
1741 1842 1870 1881 etiam
1901 1842 1944 1881 si
1972 1843 2180 1883 rationem
2211 1846 2478 1897 praeveniat,

301 1904 369 1942 est
387 1904 615 1956 peccatum
646 1903 822 1950 veniale,
858 1903 956 1943 licet
984 1903 1255 1951 levissimum,
1291 1909 1338 1943 ut
1369 1903 1643 1958 Augustinus
1678 1902 1789 1951 dicit,
1825 1903 1867 1943 in
1899 1903 2008 1943 libro
2042 1903 2094 1944 de
2134 1905 2176 1944 T
2169 1905 2342 1946 rz'uitate
2369 1923 2402 1947 ».

425 1964 473 2004 In
507 1963 588 2004 isto
630 1963 740 2005 libro
784 1977 871 2005 non
910 1965 1140 2019 reperitur;
1186 1971 1227 2005 et
1260 1965 1459 2018 quamvis
1493 1964 1535 2004 in
1568 1965 1671 2006 XIX
1703 1964 1756 2005 de
1791 1965 1910 2005 Civit.
1942 1965 2037 2012 Dei,
2075 1979 2163 2020 cap.
2197 1979 2254 2015 1v,
2290 1981 2405 2011 num.
2440 1971 2480 2019 3,

301 2025 574 2080 Augustinus
624 2025 761 2066 dicat:
816 2042 834 2063 α
862 2026 964 2066 Non
1006 2027 1119 2067 enim
1166 2027 1334 2067 nullum
1374 2030 1440 2067 est
1475 2027 1637 2074 vitium,
1683 2039 1780 2067 cum
1826 2039 1928 2067 caro
1974 2029 2232 2081 concupiscit
2273 2030 2482 2072 adversus

298 2086 500 2141 spiritum
527 2103 562 2135 ›‚
598 2100 685 2128 non
718 2086 888 2128 videtur
924 2087 979 2128 ad
1012 2088 1124 2128 hunc
1158 2088 1203 2129 S.
1238 2087 1374 2128 Patris
1412 2088 1555 2128 locum
1599 2088 1809 2142 respicere
1843 2089 1897 2129 D.
1933 2088 2137 2130 Thomas.
2177 2091 2339 2132 Vitium
2382 2092 2482 2134 dicit

301 2148 345 2189 S.
381 2149 665 2204 Augustinus,
700 2162 788 2189 non
812 2152 1051 2203 peccatum.

423 2210 710 2259 Lombardus,
744 2211 782 2251 H
815 2211 941 2258 Sent„
979 2211 1073 2252 dist.
1107 2222 1226 2259 xxw,
1260 2217 1492 2265 postquam
1526 2224 1579 2251 ex
1612 2212 1691 2252 XII
1723 2211 1775 2251 de
1810 2212 1852 2251 T
1845 2213 2018 2253 rinitate
2050 2213 2262 2266 quaedam
2296 2216 2481 2257 retulerit

299 2271 354 2312 de
387 2271 591 2326 spirituali
636 2272 839 2327 coniugio
873 2273 982 2313 inter
1014 2272 1222 2313 rationem
1264 2273 1528 2327 superiorem
1563 2279 1604 2313 et
1637 2273 1889 2321 inferiorem,
1925 2280 1966 2314 et
1998 2273 2051 2314 de
2085 2276 2271 2316 sensuali
2313 2278 2479 2319 animae

299 2338 432 2382 motu,
467 2334 742 2387 prosequitur
775 2333 1046 2375 ostendendo
1080 2334 1306 2388 quomodo
1340 2348 1417 2389 per
1437 2335 1542 2375 haec
1565 2335 1643 2374 tria
1665 2335 1707 2374 in
1731 2335 1856 2375 nobis
1891 2342 2212 2377 consummetur
2243 2345 2476 2391 peccatum,

300 2401 341 2435 et
374 2395 617 2436 concludit:
658 2412 676 2432 ‹
704 2396 758 2436 Si
785 2409 888 2449 ergo
919 2396 964 2436 in
996 2399 1113 2436 motu
1144 2396 1340 2436 sensuali
1368 2399 1535 2437 tantum
1560 2397 1732 2450 peccati
1759 2397 1957 2437 illecebra
1989 2400 2194 2445 teneatur,
2229 2399 2395 2440 veniale
2426 2415 2478 2442 ac

252 2478 254 2480 ·
299 2456 559 2497 levissimum
591 2460 657 2497 est
677 2459 904 2512 peccatum
932 2475 967 2498 ».
1001 2458 1102 2498 Non
1137 2458 1371 2513 Augustini
1406 2471 1524 2514 ergo,
1560 2458 1637 2499 sed
1670 2458 1905 2498 Lombardi
1939 2465 2002 2499 est
2035 2459 2114 2499 ista
2147 2461 2367 2501 sententia.

423 2580 506 2632 Qu.
541 2592 690 2629 xxv111,
724 2587 798 2622 art.
830 2594 863 2629 1,
890 2581 1132 2622 Comment.
1167 2594 1281 2621 num.
1306 2592 1375 2621 1v:
1416 2597 1434 2618 «
1461 2581 1602 2621 Actus
1633 2581 1869 2623 aemorum
1885 2581 1998 2633 fieri
2021 2583 2186 2635 oportet
2213 2582 2256 2622 in
2281 2583 2475 2636 patiente

298 2642 500 2696 disposito
521 2658 557 2699 ›4.
581 2643 665 2683 Pro
688 2643 786 2683 loco
810 2643 852 2683 in
881 2643 1073 2698 margine
1097 2648 1259 2690 notato,
1283 2643 1400 2697 lege:
1423 2642 1604 2683 Aristot.
1627 2642 1679 2682 de
1698 2642 1874 2689 Anima,
1900 2642 1967 2682 lib.
1991 2643 2045 2690 ll,
2071 2645 2161 2696 cap.
2186 2658 2228 2690 ll,
2253 2657 2293 2684 n.
2321 2656 2389 2685 [2.
2414 2669 2472 2674 ——

298 2703 343 2744 S.
376 2703 452 2744 Th.
475 2703 564 2745 lect.
589 2718 649 2744 111:
681 2704 880 2758 quamvis
915 2705 1042 2745 etiam
1077 2717 1129 2744 ex
1162 2705 1259 2744 loco
1294 2704 1352 2744 ibi
1387 2703 1514 2744 citato
1549 2703 1700 2744 eadem
1734 2703 1926 2744 doctrina
1961 2703 2052 2744 elici
2085 2705 2232 2758 possit.

419 2825 539 2874 Ibid.,
563 2831 638 2867 art.
664 2839 702 2874 2,
726 2826 782 2866 ad
804 2828 857 2868 3:
897 2843 915 2864 α
944 2827 1132 2880 Quidam
1166 2827 1364 2868 dixerunt
1386 2827 1602 2868 Christum
1625 2827 1666 2867 in
1688 2840 1767 2867 sua
1799 2827 2016 2867 nativitate
2051 2826 2195 2867 dotem
2229 2829 2471 2871 subtilitatis

295 2887 594 2942 assumpsisse,
619 2887 794 2941 quando
817 2888 948 2929 exivit
970 2889 1023 2929 de
1047 2889 1192 2929 clauso
1216 2888 1407 2944 Virginis
1430 2894 1571 2936 utero;
1608 2894 1649 2928 et
1671 2889 1858 2942 quando
1878 2888 2112 2928 ambulavit
2144 2889 2266 2930 siccis
2288 2891 2470 2944 pedibus

296 2962 425 3004 super
457 2962 586 2997 mare,
621 2949 766 2989 dicunt
799 2962 896 2990 eum
929 2951 1215 3004 assumpsisse
1249 2950 1396 2991 dotem
1429 2950 1629 3005 agilitatis
1659 2966 1693 2990 »

419 3011 540 3059 Infra,
576 3023 646 3064 qu,
680 3022 782 3059 XLV,
817 3017 891 3052 art.
927 3024 966 3059 2,
1000 3012 1044 3052 S.
1080 3012 1271 3052 Thomas
1305 3012 1475 3052 scribit:
1515 3028 1534 3049 ‹
1563 3010 1690 3052 Unde
1723 3024 1810 3050 non
1845 3017 1909 3051 est
1941 3009 2181 3060 dicendum,
2205 2987 2314 3054 sicut
2335 3015 2468 3070 Hugo

296 3072 351 3113 de
374 3073 418 3114 S.
438 3072 613 3112 Victore
648 3072 763 3120 dixit,
799 3072 919 3125 quod
942 3073 1135 3113 Christus
1168 3074 1446 3127 assumpserit
1479 3073 1602 3113 dotes
1635 3072 1878 3112 claritatis
1869 3085 1910 3112 in
1932 3072 2317 3128 transfiguratione,
2341 3077 2467 3128 agili-

295 3135 398 3175 tatis
429 3133 691 3175 ambulando
725 3146 854 3187 super
887 3147 1014 3182 mare,
1050 3141 1092 3174 et
1121 3134 1369 3175 subtilitatis
1401 3133 1663 3189 egrediendo
1698 3133 1751 3174 de
1785 3134 1930 3174 clauso
1964 3140 2085 3174 utero
2120 3135 2310 3191 Virginis
2339 3153 2372 3177 ».

418 3196 536 3243 Item,
561 3209 631 3250 qu.
654 3208 801 3243 LXXXI,
827 3201 898 3235 art.
924 3197 975 3236 3:
1015 3211 1032 3232 ‹
1060 3195 1302 3236 Dicendum
1337 3196 1456 3250 quod
1480 3196 1613 3250 Hugo
1636 3208 1661 3235 a
1683 3194 1727 3235 S.
1753 3195 1927 3236 Victore
1955 3196 2098 3250 posuit
2131 3197 2250 3250 quod
2274 3198 2466 3240 Christus

295 3263 393 3298 ante
415 3257 662 3311 passionem
696 3257 876 3298 diversis
910 3256 1175 3310 temporibus
1208 3263 1394 3310 quatuor
1416 3257 1540 3297 dotes
1563 3256 1755 3311 corporis
1776 3257 2000 3313 glorificati
2033 3260 2310 3313 assumpserit
2337 3277 2354 3298 »
2389 3267 2464 3303 etc.

418 3319 464 3359 In
498 3319 555 3359 III
588 3319 715 3367 Sent„
752 3319 846 3359 dist.
870 3329 957 3366 xv1,
992 3331 1061 3372 qu.
1084 3330 1125 3365 Π,
1159 3323 1232 3358 art.
1260 3331 1298 3366 2,
1332 3325 1373 3359 et
1404 3319 1476 3366 IV,
1503 3318 1595 3358 dist.
1620 3331 1675 3367 XI,
1701 3332 1771 3372 qu.
1793 3331 1848 3367 111,
1873 3326 1947 3360 art.
1972 3321 2012 3367 3,
2037 3319 2150 3360 idem
2173 3334 2197 3360 a
2227 3321 2270 3362 S.
2295 3322 2466 3364 Thoma

295 3380 474 3436 Hugoni
506 3380 770 3422 adscribitur.
805 3382 923 3428 Item,
958 3380 1030 3427 IV,
1067 3379 1160 3420 dist.
1194 3392 1297 3428 xxx,
1333 3393 1402 3434 qu.
1435 3393 1476 3428 11,
1511 3386 1584 3421 art.
1619 3381 1659 3429 3,
1693 3380 1748 3421 ad
1783 3380 1834 3429 5,
1871 3381 2021 3421 eadem
2061 3382 2219 3436 opinio,
2257 3390 2464 3436 quantum

295 3441 350 3481 ad
383 3441 528 3483 dotem
561 3442 817 3490 subtilitatis,
853 3442 1037 3489 refertur,
1074 3441 1187 3481 nulla
1220 3441 1273 3482 de
1306 3447 1517 3482 assertore
1550 3442 1658 3483 facta
1691 3443 1918 3483 mentione.

417 3504 550 3559 Hugo
574 3517 600 3544 a
622 3504 666 3545 S.
691 3505 867 3544 Victore
901 3503 954 3544 de
987 3502 1342 3557 impassibilitatis
1373 3509 1535 3544 tantum
1570 3503 1671 3544 dote
1704 3504 1902 3558 loquitur,
1926 3505 1995 3544 De
2019 3505 2284 3546 Sacrameut.
2319 3506 2388 3546 lib.
2412 3507 2461 3554 II,

295 3570 398 3617 part.
433 3576 529 3614 v111,
574 3579 663 3619 cap.
708 3578 762 3606 111.
808 3565 1044 3618 Quomodo
1094 3564 1221 3620 igitur
1259 3579 1283 3605 a
1322 3566 1375 3606 D.
1411 3566 1580 3606 Thoma
1626 3566 1795 3606 affertur
1841 3579 1919 3620 pro
1966 3567 2199 3607 assertione
2245 3568 2463 3621 praefata?
