2872 3970
145 2351 155 2361 ⁸
168 2350 262 2371 Numm.
279 2356 342 2378 seqq.

149 3184 158 3192 '
174 3182 208 3203 Cf.
226 3189 287 3204 num⁴
305 3190 325 3203 v.

378 221 428 258 72

381 288 564 338 linquitur
601 289 707 338 quod
737 291 817 326 sola
854 298 990 327 natura
1018 291 1190 326 humana
1226 289 1271 326 sit
1299 302 1446 326 assum—

382 341 533 391 ptibilis.

436 395 492 430 AD
522 407 656 432 PmMUM
684 407 782 432 ERGO
810 407 991 432 DICENDUM
1025 395 1131 443 quod
1159 402 1353 430 creaturae
1383 395 1447 431 de-

382 446 633 484 nominantur
670 447 851 496 aliquales
890 460 935 483 ex
964 459 1010 483 eo
1040 447 1147 495 quod
1183 446 1366 495 competit
1394 446 1447 483 eis

383 500 599 536 secundum
614 500 789 548 proprias
808 512 954 545 causas,
971 511 1051 535 non
1066 507 1197 535 autern
1212 509 1258 535 ex
1273 511 1320 535 eo
1340 499 1447 547 quod

382 552 564 588 convenit
583 552 636 588 eis
665 553 880 589 secundum
909 551 1054 600 primas
1073 563 1208 588 causas
1236 559 1272 587 et
1296 551 1448 588 univer-

382 605 496 640 sales:
527 604 623 641 sicut
641 604 805 641 dicimus
834 604 1003 652 aliquem
1023 603 1207 640 morbum
1236 615 1318 640 esse
1342 603 1448 641 incu-

382 656 554 703 rabilem,
575 669 655 693 non
684 656 774 705 quia
802 669 882 693 non
910 664 1034 704 potest
1061 656 1186 693 curari
1214 669 1236 692 a
1262 657 1360 703 Deo,
1382 657 1448 693 sed

383 708 474 758 quia
510 721 580 758 per
615 708 770 758 propria
806 708 993 757 principia
1021 708 1179 745 subiecti
1216 708 1341 745 curari
1369 721 1448 746 non

382 769 517 810 potest.
549 761 611 798 Sic
637 773 726 809 ergo
755 761 893 798 dicitur
911 761 1039 809 aliqua
1067 768 1239 798 creatura
1266 773 1346 797 non
1367 774 1448 798 esse

383 813 671 862 assumptibilis‚
700 825 780 850 non
809 814 856 850 ad
886 813 1194 850 subtrahendum
1221 813 1366 862 aliquid
1394 814 1448 851 di—

382 866 495 902 vinae
523 865 737 915 potentiae,
767 866 834 902 sed
863 867 911 903 ad
945 866 1229 903 ostendendum
1264 866 1449 904 conditio-

383 931 474 954 nem
513 926 707 955 creaturae
743 931 842 967 quae
878 919 926 955 ad
963 919 1039 955 hoc
1074 918 1328 968 aptitudinem
1368 932 1448 957 non

382 971 508 1008 habet.

435 1024 491 1060 Ao
520 1035 709 1061 SECUNDUM
737 1036 919 1061 DtCENDUM
947 1024 1054 1072 quod
1081 1024 1289 1062 similitudo
1318 1025 1449 1074 imagi-

381 1075 440 1112 nis
469 1076 673 1113 attenditur
692 1076 730 1113 in
750 1084 886 1114 natura
906 1077 1079 1114 humana
1105 1078 1322 1115 secundum
1342 1079 1448 1127 quod

382 1136 438 1164 est
465 1141 586 1178 capax
614 1129 699 1176 Dei,
722 1130 860 1167 scilicet
889 1129 1017 1179 ipsum
1046 1130 1266 1178 attingendo
1294 1131 1450 1180 propria

383 1181 606 1230 operatione
635 1182 861 1230 cognitionis
889 1190 925 1219 et
953 1182 1106 1220 amoris.
1139 1183 1356 1221 Similitudo
1383 1197 1448 1221 au-

381 1242 460 1270 tem
488 1234 634 1283 vestigii
663 1235 868 1272 attenditur
895 1237 1022 1272 solum
1051 1237 1267 1273 secundum
1300 1249 1449 1286 reprae-

383 1287 638 1324 sentationem
676 1288 845 1337 aliquam
874 1301 920 1325 ex
952 1288 1205 1337 impressione
1243 1289 1373 1326 divina
1410 1289 1449 1326 in

383 1347 555 1377 creatura
575 1340 815 1378 existentem:
837 1353 917 1378 non
937 1349 1067 1378 autem
1087 1353 1133 1378 ex
1152 1354 1199 1378 eo
1220 1342 1326 1391 quod
1346 1355 1448 1380 crea-

382 1399 467 1429 tura
494 1392 731 1441 irrationalis,
752 1393 791 1430 in
820 1406 897 1442 qua
926 1402 981 1430 est
1009 1395 1089 1431 sola
1117 1394 1199 1431 talis
1227 1394 1448 1443 similitudo,

382 1445 502 1494 possit
529 1446 577 1482 ad
597 1451 612 1473 Υ
640 1447 770 1483 Deum
790 1446 970 1494 attingere
990 1458 1060 1495 per
1083 1448 1206 1483 solam
1226 1459 1338 1484 suam
1357 1460 1448 1496 ope-

383 1498 582 1534 rationem.
614 1499 732 1545 Quod
753 1507 883 1535 autem
902 1499 1030 1535 deficit
1058 1512 1079 1535 a
1109 1499 1260 1545 minori,
1282 1512 1362 1536 non
1382 1501 1448 1537 ha-

382 1551 446 1587 bet
474 1551 751 1599 congruitatem
789 1552 836 1588 ad
865 1552 903 1588 id
941 1552 1048 1601 quod
1087 1559 1142 1588 est
1170 1552 1315 1589 maius:
1354 1552 1450 1590 sicut

383 1615 524 1652 corpus
553 1605 660 1653 quod
689 1617 769 1641 non
798 1612 853 1641 est
881 1612 1016 1654 aptum
1044 1604 1178 1653 perfici
1206 1605 1336 1642 anima
1366 1618 1449 1642 sen-

383 1656 513 1703 sitiva,
544 1658 666 1694 multo
695 1656 708 1679 ⁶
736 1657 866 1694 minus
901 1665 956 1694 est
987 1665 1122 1706 aptum
1149 1658 1282 1706 perfici
1320 1658 1450 1696 anima

383 1709 619 1746 intellectiva.
650 1711 775 1746 Multo
802 1718 932 1747 autern
961 1718 1016 1747 est
1035 1710 1159 1747 maior
1187 1718 1223 1746 et
1250 1711 1451 1759 perfectior

383 1762 476 1799 unio
505 1763 555 1799 ad
583 1763 712 1799 Deum
742 1764 958 1800 secundum
987 1775 1068 1800 esse
1096 1765 1297 1812 personale
1331 1776 1450 1813 quam

436 1874 462 1909 γ)
482 1876 526 1901 ad.
539 1890 558 1895 -
577 1876 638 1902 Om.
658 1877 717 1901 Ρ,-
735 1877 818 1901 solam
838 1884 891 1902 om.
910 1877 981 1902 EsH.

436 1910 461 1946 δ)
482 1912 572 1937 multo.
585 1926 604 1931 —
623 1912 680 1936 FsF.
699 1917 724 1936 et
743 1913 831 1943 tertia;
851 1912 934 1936 multo
952 1915 1054 1949 autem.-

1112 211 1375 257 QUAESTIO
1405 212 1472 254 IV,
1502 211 1794 249 ARTICULUS
1821 213 1836 250 I

1501 303 1601 338 quae
1631 299 1685 327 est
1714 292 1929 329 secundum
1957 293 2233 342 operationem.
2270 295 2318 331 Et
2345 294 2432 331 ideo
2461 307 2562 332 crea-

1500 350 1585 379 tura
1605 342 1839 391 irrationalis,
1860 357 1959 394 quae
1979 346 2107 383 deficit
2132 346 2182 383 ab
2201 346 2346 384 unione
2365 347 2415 384 ad
2434 348 2561 385 Deum

1501 407 1570 443 per
1585 396 1862 444 operationem,
1878 410 1958 434 non
1980 399 2095 435 habet
2109 399 2387 447 congruitatem
2401 408 2442 436 ut
2456 400 2562 438 unia-

1500 455 1563 484 tur
1589 447 1624 484 ei
1653 449 1869 487 secundum
1897 462 1979 487 esse
2006 453 2219 500 personale.

1554 501 1612 537 An
1639 512 1798 539 ‘remum
1834 514 2015 541 mcENDUM
2052 505 2159 553 quod
2197 503 2358 553 quidam
2386 504 2406 526 ²¹⁸
2433 505 2565 542 dicunt

1501 554 1682 601 angelum
1710 565 1791 591 non
1819 567 1900 592 esse
1936 556 2260 606 assumptibilem,
2295 556 2386 606 quia
2413 570 2436 594 a
2463 557 2564 607 prin-

1502 604 1602 654 cipio
1631 618 1724 642 suae
1743 606 1944 644 creationis
1972 616 2027 646 est
2045 609 2084 646 in
2105 622 2174 646 sua
2194 610 2462 658 personalitate
2480 623 2565 660 per-

1501 658 1640 695 fectus:
1671 670 1762 695 cum
1781 671 1862 697 non
1890 660 2082 698 subiaceat
2109 662 2344 710 generationi
2372 671 2408 699 et
2436 675 2565 700 corru-

1501 710 1634 759 ptioni.
1671 712 1783 748 Unde
1811 724 1893 749 non
1920 714 2105 762 potuisset
2132 714 2171 751 in
2199 714 2385 752 unitatem
2413 715 2565 754 divinae

1502 775 1690 812 personae
1719 764 1863 801 assumi
1898 766 1970 803 nisi
1998 766 2080 803 eius
2111 767 2360 816 personalitas
2397 769 2566 806 destrue-

1502 824 1625 852 retur:
1656 817 1763 865 quod
1782 829 1910 866 neque
1934 819 2114 856 convenit
2140 819 2481 870 incorruptibilitati
2499 833 2566 859 na-

1501 876 1608 906 turae
1638 868 1740 915 eius;
1770 881 1897 919 neque
1925 870 2084 909 bonitati
2109 872 2349 920 assumentis,
2370 874 2418 911 ad
2447 886 2564 924 quarn

1502 933 1583 958 non
1610 921 1773 970 pertinet
1809 923 1915 972 quod
1944 924 2088 973 aliquid
2123 925 2362 974 perfectionis
2396 926 2436 963 in
2464 939 2566 964 crea-

1501 982 1587 1011 tura
1606 983 1802 1024 assumpta
1821 985 2053 1026 corrumpat.
2075 999 2100 1004 -
2127 977 2203 1015 Sed
2223 978 2299 1015 hoc
2317 990 2397 1016 non
2415 978 2568 1016 videtur

1501 1026 1662 1063 totaliter
1681 1027 1882 1065 excludere
1904 1029 2182 1078 congruitatem
2210 1030 2482 1080 assumptionis
2501 1044 2566 1069 an-

1501 1079 1641 1127 gelicae
1670 1088 1841 1117 naturae.
1878 1082 2007 1119 Potest
2035 1081 2139 1119 enim
2166 1083 2284 1130 Deus,
2313 1083 2566 1133 producendo

1502 1144 1649 1169 novam
1677 1133 1888 1181 angelicam
1911 1142 2101 1182 naturam,
2121 1137 2303 1185 copulare
2323 1148 2410 1174 eam
2438 1136 2510 1174 sibi
2528 1137 2567 1174 in

1502 1184 1644 1222 unitate
1664 1198 1870 1235 personae:
1899 1195 1935 1224 et
1954 1187 2007 1224 sic
2026 1187 2120 1225 nihil
2138 1188 2395 1238 praeexistens
2414 1189 2466 1227 ibi
2485 1201 2567 1227 cor-

1502 1246 1748 1287 rumperetur
1766 1244 1778 1260 *
1796 1239 1826 1276 *.
1867 1240 1964 1288 Sed,
1994 1240 2091 1278 sicut
2124 1241 2270 1279 dictum
2299 1250 2354 1279 est
2372 1241 2432 1290 **,
2461 1242 2568 1280 deest

1501 1291 1717 1339 congruitas
1737 1303 1783 1328 ex
1802 1300 1908 1341 parte
1931 1293 2182 1331 necessitatis:
2212 1294 2315 1344 quia,
2336 1295 2404 1332 etsi
2430 1303 2567 1333 natura

1502 1343 1670 1392 angelica
1689 1344 1728 1381 in
1747 1344 1938 1394 aliquibus
1957 1354 2114 1395 peccato
2134 1347 2338 1394 subiaceat,
2359 1355 2414 1384 est
2436 1356 2567 1386 tamen

1502 1396 1583 1433 eius
1598 1405 1800 1446 peccatum
1814 1397 2093 1436 irremediabile
2103 1399 2136 1447 ²¹⁶,
2147 1407 2190 1437 ut
2208 1399 2247 1437 in
2262 1400 2392 1438 Prima
2406 1401 2568 1438 Partes*

1502 1449 1677 1486 habitum
1706 1458 1772 1486 est.

1555 1503 1612 1538 AD
1642 1515 1813 1545 QUARTUM
1841 1515 2022 1542 DICENDUM
2051 1505 2158 1553 quod
2185 1505 2365 1554 perfectio
2398 1506 2567 1544 universi

1502 1566 1583 1591 non
1612 1562 1667 1591 est
1694 1555 1873 1604 perfectio
1902 1556 2018 1593 unius
2053 1569 2240 1606 personae
2269 1559 2331 1595 vel
2359 1559 2565 1608 suppositi:

1503 1607 1570 1644 sed
1599 1607 1680 1644 eius
1709 1608 1817 1657 quod
1843 1616 1898 1645 est
1926 1621 2051 1646 unum
2071 1610 2143 1647 sub
2171 1610 2393 1660 positione<
2418 1613 2481 1648 vel
2508 1624 2568 1649 or-

1502 1660 1603 1697 dine.
1635 1660 1756 1697 Cuius
1785 1661 1973 1710 plurimae
1992 1670 2117 1711 partes
2145 1675 2226 1700 non
2250 1671 2339 1700 sunt
2365 1664 2567 1714 assumpti-

1502 1712 1608 1759 biles,
1628 1721 1671 1750 ut
1689 1713 1835 1750 dictum
1864 1722 1919 1751 est
1937 1715 1968 1751 ²³².
1999 1716 2109 1753 Unde
2130 1716 2356 1766 relinquitur
2381 1717 2488 1767 quod
2508 1730 2568 1754 so-

1502 1767 1584 1802 lum
1612 1774 1749 1803 natura
1776 1767 1950 1804 humana
1978 1768 2024 1805 sit
2052 1769 2334 1818 assumptibilis.

1556 1879 1579 1912 ε)
1597 1884 1825 1912 corrumperetur.
1839 1895 1858 1900 -
1876 1881 1997 1912 PDGH1;
2016 1885 2213 1914 corrumpetur.

1556 1915 1581 1949 ζ)
1600 1916 1648 1940 sub
1663 1916 1806 1948 positione.
1818 1931 1838 1935 —
1855 1917 2037 1949 suppositione
2055 1917 2120 1949 DFI,
2135 1917 2270 1950 positione
2289 1918 2312 1942 H
2332 1923 2358 1943 et
2375 1918 2509 1946 editiones.

1061 1993 1396 2026 Commentaria
1418 1994 1672 2028 Cardinalis
1694 1996 1895 2030 Caietam

385 2090 550 2153 Trrurus
581 2079 703 2110 articuli
733 2080 828 2119 primi
851 2080 1045 2119 quaestionis
1073 2085 1218 2119 quartae.
1243 2080 1276 2110 in
1307 2081 1450 2120 corporis

443 2125 619 2164 principio,
645 2123 820 2154 declaratur
846 2123 935 2163 quod
957 2123 1142 2163 intelligitur
1171 2123 1210 2153 de
1240 2125 1465 2164 assumptibili'

383 2178 451 2198 non
475 2168 653 2199 secundum
680 2168 857 2207 potentiam
881 2168 1038 2207 passivam
1060 2167 1254 2204 naturalem;
1286 2174 1317 2198 et
1346 2169 1379 2198 in
1402 2178 1450 2199 re-

383 2213 559 2252 sponsione
575 2212 615 2242 ad
630 2213 780 2252 primum,
793 2221 854 2242 nec
866 2211 1044 2242 secundum
1059 2212 1238 2251 potentiam
1251 2211 1450 2243 obedientiae

385 2257 424 2287 ad
447 2257 715 2296 omnipotentiam
734 2256 811 2292 Dei;
837 2255 891 2286 sed
914 2255 1092 2286 secundum
1108 2257 1286 2295 potentiam
1301 2258 1451 2297 congrui-

346 2319 348 2321 -
383 2301 454 2331 tatis
478 2300 517 2331 ad
539 2301 695 2331 unionem
718 2300 930 2340 personalem.
966 2300 1007 2330 Et
1029 2300 1109 2330 ratio
1137 2300 1285 2330 omniurn
1313 2301 1348 2330 in
1370 2301 1450 2331 locis

384 2352 449 2381 suis
496 2351 592 2381 atebit
608 2352 634 2380 ὓ.

439 2361 634 2435 Inpcorpore
658 2395 782 2425 articuli
812 2400 859 2424 est
886 2395 982 2424 unica
1006 2394 1190 2424 conclusio:
1221 2394 1301 2425 Sola
1330 2400 1450 2425 natura

382 2440 525 2470 humana
554 2445 600 2469 est
627 2439 864 2479 assumptibilis.
895 2439 1060 2469 Probatur.
1098 2438 1187 2468 Haec
1216 2437 1298 2474 du0‚
1331 2439 1450 2469 scilicet

384 2484 592 2523 congruentia
606 2483 774 2523 dignitatis
791 2488 822 2513 et
836 2483 1041 2518 necessitatis,
1065 2483 1126 2512 soli
1140 2479 1271 2512 naturae
1291 2483 1450 2514 humanae

384 2529 591 2558 conveniunt.
615 2528 702 2567 Ergo
718 2527 786 2557 sola
801 2533 913 2557 natura
929 2527 1069 2557 humana
1085 2532 1132 2556 est
1147 2527 1382 2566 assumptibilis.

438 2572 651 2608 Antecedens‚
677 2571 786 2612 quoad
802 2576 1017 2611 exponentem
1033 2570 1262 2606 affirmativam,
1279 2572 1450 2610 probatur:

384 2616 492 2656 quoad
508 2616 694 2656 dignitatern
716 2615 857 2655 quidem,
883 2616 958 2655 quia
972 2621 1084 2645 natura
1099 2615 1239 2645 humana
1254 2621 1327 2645 nata
1343 2621 1389 2645 est
1404 2621 1450 2646 at-

383 2662 504 2700 tingere
520 2670 576 2700 per
592 2661 755 2700 propriam
772 2660 1003 2699 operationem,
1018 2658 1244 2699 cognoscendo
1258 2665 1289 2689 et
1301 2659 1449 2696 amando,

382 2705 526 2735 Verbum
551 2705 621 2734 Dei.
662 2703 780 2742 Quoad
802 2704 1024 2734 necessitatem
1047 2713 1140 2739 vero,
1166 2703 1257 2742 quia,
1281 2704 1448 2734 subiacens

383 2755 516 2788 peccato
547 2749 709 2788 originali,
740 2747 901 2788 indigebat
928 2748 1137 2788 reparatione.
1160 2765 1183 2769 ——
1205 2747 1324 2784 Quoad
1352 2757 1449 2788 expo-

383 2798 514 2823 nentem
531 2799 638 2823 autem
654 2794 844 2832 negativam,
860 2793 1029 2832 probatur:
1055 2792 1131 2832 quia
1149 2796 1310 2821 creaturae
1326 2792 1448 2822 irratio-

384 2837 447 2867 nali
472 2837 558 2867 deest
574 2837 725 2876 dignitas;
750 2842 881 2867 naturae
897 2842 1005 2867 autem
1020 2835 1182 2876 angelicae
1198 2835 1286 2866 deest
1302 2837 1450 2876 congrui-

384 2886 431 2911 tas
454 2882 657 2911 necessitatis.

442 2924 682 2965 Consequentia
704 2925 866 2965 probatur.
891 2925 976 2962 Quia
1000 2924 1218 2964 assumptibile
1241 2924 1316 2955 dicit
1339 2930 1450 2965 aptum

385 2974 495 2999 natum
519 2970 636 2999 assumi
661 2980 678 2999 a
702 2969 808 3000 divina
830 2979 977 3009 persona.
1001 2969 1077 2999 Non
1100 2978 1157 3009 per
1179 2969 1357 3008 potentiam
1379 2978 1450 3009 pas-

386 3013 484 3042 sivam
500 3013 686 3043 naturalem.
712 3014 797 3053 Ergo
813 3023 870 3053 per
885 3013 1064 3053 potentiam
1080 3013 1285 3053 congruitatis
1301 3012 1340 3043 ad
1356 3013 1450 3043 unio-

385 3066 460 3087 nem
483 3057 685 3097 personalem
709 3057 859 3087 divinam.
882 3076 905 3079 -
928 3057 1002 3087 Hoc
1018 3057 1132 3087 ultimo
1152 3062 1352 3097 assumptum
1376 3067 1450 3097 pro-

386 3101 487 3131 batur.
518 3101 604 3139 Quia
618 3102 762 3140 potentia
782 3102 906 3140 passiva
928 3102 1078 3131 naturalis
1100 3111 1168 3132 non
1191 3111 1225 3131 se
1249 3101 1389 3132 extendit
1411 3101 1450 3132 ad

386 3144 418 3175 id
442 3144 531 3184 quod
554 3145 746 3175 transcendit
770 3144 915 3174 ordinem
938 3146 1124 3176 naturalem.

442 3189 478 3219 11.
504 3188 597 3219 Circa
619 3189 698 3218 haec
722 3188 804 3218 duae
820 3189 836 3204 ⁹*
860 3188 1073 3219 dubitationes
1097 3195 1181 3226 sunt,
1199 3199 1281 3230 quae
1306 3200 1344 3220 ex
1360 3189 1450 3220 dictis

386 3233 507 3263 litterae
538 3233 570 3262 in
598 3232 861 3272 responsionibus
885 3239 1146 3272 argumentorum
1174 3235 1350 3264 solvuntur.
1385 3233 1450 3264 Pri-

387 3286 478 3306 mum
502 3276 635 3307 dubium
661 3282 707 3306 est
731 3277 812 3306 circa
829 3277 1091 3315 consequentiam
1108 3277 1204 3314 illam,
1228 3277 1452 3318 Assumptibile

389 3330 452 3350 non
477 3320 654 3351 attenditur
675 3319 848 3350 secundum
867 3320 1045 3359 potentiam
1063 3322 1227 3359 passivam
1252 3323 1449 3358 naturalem,

387 3364 480 3404 Ergo
511 3364 685 3395 secundum
716 3364 984 3405 congruentiam:
1014 3373 1088 3394 cum
1119 3366 1220 3404 possit
1249 3366 1448 3405 responderi:

392 3408 625 3448 Consequentia
642 3418 706 3438 non
724 3408 827 3438 valet:
850 3408 1002 3448 quoniam
1019 3412 1127 3447 potest
1142 3409 1262 3439 attendi
1276 3410 1450 3440 secundum

383 3453 562 3492 potentiam
588 3452 793 3483 obedientiae.

444 3495 495 3525 Ad
518 3496 591 3532 hoc,
617 3507 653 3526 ex
678 3497 886 3536 responsione
910 3495 949 3526 ad
964 3496 1104 3535 primum
1127 3495 1160 3525 in
1183 3496 1294 3532 littera,
1319 3506 1449 3537 respon-

1504 2081 1596 2112 detur
1619 2083 1709 2122 quod
1732 2090 1892 2115 creaturae
1916 2084 2164 2116 denominantur
2186 2087 2339 2127 aliquales
2362 2097 2400 2117 ex
2416 2097 2456 2118 eo
2480 2088 2570 2128 quod

1505 2128 1656 2157 convenit
1680 2129 1724 2158 eis
1747 2128 1925 2159 secundum
1947 2130 2086 2170 propria,
2112 2135 2142 2160 et
2165 2140 2233 2160 non
2257 2140 2295 2161 ex
2316 2140 2355 2161 eo
2380 2131 2470 2171 quod
2492 2141 2570 2163 con-

1503 2171 1591 2201 venit
1614 2172 1658 2201 eis
1682 2172 1861 2203 secundum
1883 2174 2001 2213 primas
2025 2179 2055 2204 et
2070 2174 2264 2205 universales
2281 2184 2400 2205 causas.
2423 2175 2571 2208 Potentia

1504 2220 1612 2245 autem
1629 2216 1829 2247 obedientiae
1852 2218 2004 2248 convenit
2020 2223 2180 2249 creaturae
2202 2219 2236 2249 in
2253 2218 2364 2250 ordine
2380 2219 2419 2250 ad
2434 2220 2571 2260 primam

1505 2267 1649 2295 causam,
1680 2266 1716 2290 ut
1738 2266 1842 2300 patet:
1874 2262 2018 2301 potentia
2040 2267 2148 2292 autem
2172 2263 2377 2303 congruitan's
2400 2263 2572 2295 attenditur

1504 2304 1683 2335 secundum
1706 2306 1836 2345 propria
1859 2307 1958 2346 ipsius
1975 2312 2146 2337 creaturae.
2170 2306 2211 2337 Et
2232 2307 2307 2338 ideo
2331 2312 2492 2338 creaturae
2514 2307 2571 2340 de-

1504 2349 1712 2379 nominantur
1739 2350 1910 2390 aliquales‚
1933 2351 1997 2381 hoc
2025 2356 2090 2387 est,
2115 2351 2366 2391 assumptibiles,
2390 2351 2570 2383 secundum

1505 2394 1747 2432 congruitatem,
1771 2404 1839 2424 non
1863 2394 2042 2425 secundum
2065 2395 2291 2426 obedientiam.

1560 2437 1610 2467 111.
1636 2437 1698 2468 Sed
1721 2438 1800 2468 haec
1823 2439 1990 2478 responsio
2012 2448 2081 2469 non
2101 2437 2226 2469 videtur
2249 2438 2358 2469 solida.
2384 2439 2471 2470 Turn
2495 2440 2571 2480 quia

1505 2481 1617 2517 etiam,
1642 2482 1819 2512 secundum
1842 2482 2018 2512 Auctorem
2033 2484 2065 2518 ⁴,
2088 2483 2229 2513 humana
2250 2488 2363 2514 natura
2386 2482 2501 2514 dicitur
2523 2493 2571 2514 as—

1504 2526 1695 2564 sumptibilis
1718 2535 1776 2566 per
1798 2527 1976 2566 potentiam
2001 2526 2213 2557 obedientiae.

1560 2570 1647 2600 Tum
1684 2571 1760 2610 quia
1791 2570 2010 2610 assumptibile
2042 2576 2089 2601 est
2121 2570 2341 2602 denominatio
2375 2572 2571 2604 conveniens

1504 2619 1664 2644 creaturae
1688 2614 1795 2644 solum
1819 2624 1856 2644 ex
1879 2614 1991 2644 ordine
2007 2614 2047 2645 ad
2062 2615 2179 2651 Deum,
2197 2625 2326 2646 causam
2344 2616 2570 2648 universalissi-

1503 2667 1606 2687 mam:
1625 2668 1700 2688 cum
1711 2659 1774 2688 iam
1784 2660 1800 2675 θ
1817 2658 1938 2689 dictum
1953 2659 1993 2689 sit
2007 2660 2175 2699 proprium
2192 2669 2259 2690 esse
2275 2659 2400 2691 divinae
2414 2669 2570 2700 personae

1503 2702 1673 2732 subsistere
1695 2703 1728 2732 in
1751 2703 1896 2742 pluribus
1918 2704 2048 2733 naturis.

1559 2747 1646 2776 Tum
1670 2747 1745 2786 quia
1761 2752 1921 2777 creaturae
1938 2747 2187 2778 denominantur
2202 2747 2354 2788 aliquales
2370 2757 2408 2778 ex
2424 2757 2464 2778 eo
2481 2745 2570 2788 quod

1505 2792 1655 2821 convenit
1677 2790 1738 2820 illis
1762 2791 1940 2821 secundum
1963 2801 2072 2822 causas
2092 2793 2209 2832 primas
2233 2798 2264 2822 et
2286 2792 2488 2823 universales.
2511 2791 2569 2822 Di-

1505 2840 1620 2865 cuntur
1650 2835 1736 2865 enim
1767 2840 1896 2866 creatae
1919 2841 1949 2866 et
1972 2841 2181 2867 conservatae
2210 2846 2247 2867 ac
2276 2835 2508 2869 conservabile-s
2530 2844 2569 2866 ex

1503 2880 1606 2919 prima
1630 2889 1733 2909 causa.
1771 2880 1894 2910 Dicitur
1918 2881 2013 2910 etiam
2036 2886 2148 2911 natura
2175 2885 2328 2922 reparata
2351 2889 2389 2911 ex
2411 2880 2514 2920 prima
2536 2885 2568 2910 et

1504 2924 1769 2954 universalissima
1793 2933 1887 2954 causa
1910 2924 1992 2960 Deo,
2010 2930 2069 2955 etc.

1560 2967 1612 2998 IV.
1636 2967 1687 2997 Ad
1709 2968 1788 2998 haec
1811 2967 1925 2998 dicitur
1949 2968 2038 3008 quod
2060 2969 2241 3009 propositio
2256 2969 2291 3000 in
2304 2967 2512 3009 responsione
2528 2966 2568 2998 ad

1503 3012 1644 3052 primum
1668 3012 1769 3048 allata,
1787 3012 1916 3048 scilicet,
1936 3013 2116 3043 Creaturae
2138 3013 2389 3044 denominantur
2409 3010 2568 3051 aliquales

1505 3065 1546 3086 ex
1569 3066 1606 3086 eo
1629 3057 1716 3097 quod
1738 3057 1887 3087 convenit
1908 3057 1954 3087 eis
1976 3057 2150 3088 secundum
2171 3056 2327 3098 proprias
2348 3063 2477 3090 causa-t,
2501 3064 2567 3086 non

1505 3105 1611 3131 autem
1635 3110 1676 3131 ex
1698 3110 1736 3131 eo
1759 3101 1846 3141 quod
1869 3101 2018 3132 convenit
2039 3102 2085 3132 eis
2107 3100 2282 3133 secundum
2295 3099 2423 3140 primas
2445 3104 2477 3129 et
2495 3099 2567 3130 uni-

1505 3145 1645 3175 versales
1668 3155 1793 3181 causas,
1810 3145 2014 3185 intelligenda
2037 3151 2084 3176 est
2107 3154 2181 3176 cum
2203 3153 2302 3185 grano
2325 3143 2412 3175 salis:
2436 3142 2566 3180 scilicet,

1505 3189 1635 3229 quando
1660 3190 1827 3229 oppositae
1852 3189 2129 3220 denominationes
2151 3188 2347 3219 conveniunt
2369 3187 2430 3218 illis
2453 3196 2566 3218 secun-

1505 3233 1582 3263 dum
1605 3234 1759 3273 proprias,
1785 3239 1815 3264 et
1837 3233 2015 3264 secundum
2037 3234 2154 3273 primas
2171 3241 2289 3262 causas.
2314 3230 2354 3261 Et
2376 3231 2459 3261 hanc
2481 3230 2566 3271 glos-

1504 3287 1571 3308 sam
1595 3277 1774 3308 manifestat
1796 3278 1919 3308 Auctor
1941 3287 2008 3308 esse
2031 3286 2107 3308 suae
2128 3275 2312 3306 intentionis
2338 3275 2372 3305 in
2394 3274 2566 3305 subiuncto

1505 3321 1652 3362 exemplo
1677 3322 1716 3352 de
1738 3322 1864 3357 morbo,
1889 3322 1945 3361 qui
1968 3319 2145 3352 secundum
2167 3319 2296 3360 propria
2311 3318 2426 3350 dicitur
2440 3319 2565 3350 incura-

1504 3366 1586 3402 bilis,
1599 3366 1744 3406 quamvis
1760 3365 1937 3397 secundum
1949 3365 2056 3395 Deum
2067 3364 2254 3404 'oppositam
2269 3363 2565 3394 denominationem

1504 3410 1617 3440 habeat
1636 3416 1667 3440 et
1690 3410 1811 3440 dicatur
1827 3409 1982 3440 curabilis.
2008 3408 2052 3439 Ita
2070 3407 2160 3448 quod
2175 3406 2310 3438 intendit
2325 3407 2448 3438 Auctor
2464 3407 2564 3447 quod,

1504 3453 1634 3493 quando
1658 3453 1876 3484 denominatio
1893 3453 1999 3493 aliqua
2020 3453 2066 3482 sic
2081 3461 2114 3482 se
2130 3451 2224 3482 habet
2239 3450 2279 3481 ad
2295 3456 2451 3482 creaturas
2475 3451 2565 3492 quod

1504 3496 1681 3527 secundum
1697 3498 1826 3538 propria
1841 3496 2024 3527 affirmative
2043 3501 2075 3526 et
2093 3494 2269 3526 secundum
2285 3496 2419 3536 primam
2436 3504 2565 3526 causam

2592 509 2802 563 {testatas

2592 566 2633 584 art.
2644 568 2669 588 2;
2685 562 2744 584 Petr.
2754 561 2802 584 Τι-

2592 592 2676 610 rnntu.
2683 587 2714 613 (B.
2721 589 2803 611 innoc.

2593 614 2621 641 V)
2629 614 2661 636 111
2670 614 2743 642 δραι,
2750 614 2805 637 diet.

2593 647 2616 668 ιι,
2627 647 2665 669 qu.
2673 647 2688 668 ι,
2699 644 2741 663 ιη.
2753 648 2771 663 ι.

2595 1273 2656 1322 ζ·ἳῇ
2661 1274 2782 1329 where.

2595 1403 2605 1412 ⁸
2620 1401 2648 1424 D.
2664 1407 2708 1430 ¹51.

2594 1429 2616 1440 ⁸·
2623 1427 2811 1456 Qua-tmana-

2691 1615 2706 1644 ζ

2597 1722 2607 1732 ·
2621 1719 2646 1742 In
2661 1724 2770 1747 eor-pom.

2600 2490 2610 2500 ⁸
2627 2489 2695 2518 Ωιι
2729 2493 2772 2512 m.
2801 2506 2811 2517 ‚

2598 2516 2666 2565 aa
2676 2505 2716 2568 :5¹
2730 2496 2811 2572 ξ’τῖ,

2598 2572 2643 2592 ιη.
2657 2577 2676 2597 ι,
2693 2570 2738 2599 qn·
2753 2577 2773 2604 ¹.-

2598 2666 2608 2677 ·
2622 2665 2671 2693 Qu.
2686 2671 2720 2693 m,
2734 2668 2776 2688 nrt.
2788 2672 2810 2694 ς,

2597 2691 2626 2714 nd
2639 2697 2661 2714 2.
