2872 3970
83 3071 114 3099 752

973 277 1235 323 QUAESTIO
1264 277 1331 324 VI,
1361 277 1654 315 ARTICULUS
1681 278 1696 314 I
2371 278 2419 326 95

287 355 457 394 ,Quociroe
479 356 583 395 primo
599 354 757 385 afferenda
772 359 845 384 sunt
861 359 1046 394 argumenta
1061 354 1204 384 Durandi
1223 364 1300 385 con—

241 405 288 431 tra
309 405 440 430 naturae
463 398 609 429 ordinem
638 399 720 429 inter
743 398 881 428 animam
912 403 943 428 et
971 407 1098 428 carnem
1120 399 1231 428 relatas
1262 397 1302 428 ad

241 444 509 483 assumptionem
533 441 649 473 deinde
670 441 857 473 declaranda
879 447 926 472 est
948 442 1066 481 positio
1089 442 1238 472 Auctoris
1262 441 1301 471 de

239 486 434 527 mediatione
456 487 580 517 animae
606 485 646 516 ad
669 495 814 522 carnem,
843 491 910 515 tam
937 485 1045 525 quoad
1074 485 1301 516 mediationem

241 531 409 567 causalem,
433 539 532 570 quam
554 529 663 570 quoad
683 529 830 565 modum,
855 529 974 560 scilicet
989 535 1024 559 ut
1039 539 1102 570 quo
1127 534 1157 559 et
1179 539 1247 560 non
1266 535 1302 559 ut

239 574 326 615 quod
334 575 361 612 ‘3
386 579 417 605 et
432 574 562 605 demum
577 573 820 614 respondebitur
831 574 963 603 obiectis
973 574 1017 603 *ἦ
1037 573 1172 613 Reliqua
1188 573 1300 613 quinto

238 617 425 650 reservanda
446 622 522 648 sunt
544 617 687 648 articulo.
708 617 787 647 Non
809 617 895 647 enim
919 622 1047 656 oportet
1069 617 1195 647 Scotica
1210 626 1301 656 argu-

238 667 348 693 menta
369 666 481 692 contra
502 660 731 701 mediationem
746 661 870 691 animae
892 666 1040 700 respectu
1055 661 1155 691 carnis
1174 660 1299 691 afferre:

239 706 315 746 quia
336 711 447 736 contra
467 705 611 736 medium
634 710 670 735 ut
692 704 778 745 quod
799 703 898 740 fiunt,
929 704 1018 744 quod
1039 714 1100 734 nos
1122 714 1190 735 non
1212 710 1301 734 tene-

237 758 320 785 muS,
345 748 561 789 comparando
584 754 688 788 partes
711 749 792 779 inter
807 758 840 779 se
857 748 897 778 ad
911 749 1174 789 assumptionem.
1199 748 1302 779 Simul

238 793 334 829 enim,
350 802 418 823 non
441 792 547 823 solum
569 797 724 832 tempore,
744 792 800 823 sed
822 792 943 828 natura,
960 793 1099 822 animam
1120 798 1151 822 et
1174 801 1300 822 carnem

238 838 356 867 assumi
379 836 513 867 dicimus
536 842 572 867 ut
595 836 685 876 quod
708 837 892 872 assumitur,
921 837 965 866 ita
987 836 1076 875 quod
1099 841 1214 869 neutra
1233 845 1300 865 me-

237 880 343 911 diante
366 880 462 911 altera
484 886 520 910 ut
543 880 650 921 quod:
673 880 728 911 sed
751 880 840 920 quod
859 890 932 910 caro
949 886 1126 910 assumatur
1140 879 1301 910 mediante

237 925 343 955 anima
365 930 401 954 ut
422 933 496 964 quo,
521 930 556 954 ut
580 925 662 955 clare
685 925 814 964 patebit.

291 968 330 999 V.
353 968 468 1007 Arguit
486 978 562 1008 ergo
582 968 762 999 Durandus.
787 968 820 999 Si
838 969 872 998 in
888 969 1106 1008 assumptione
1123 972 1204 998 esset
1220 966 1300 997 ordo

235 1017 376 1047 naturae,
401 1018 456 1042 aut
478 1017 560 1042 esset
583 1022 621 1042 ex
643 1018 732 1052 parte
755 1012 990 1052 assumptionis,
1015 1017 1069 1042 aut
1092 1021 1130 1042 ex
1149 1016 1236 1051 parte
1253 1020 1301 1040 as-

236 1061 450 1096 sumptorum.
474 1055 537 1086 Sed
559 1066 627 1086 non
646 1065 684 1086 ex
699 1061 788 1096 parte
803 1056 1039 1096 assumptionis.
1063 1055 1148 1093 Quia
1169 1055 1301 1095 ponitur

236 1101 412 1140 assumptio
435 1100 546 1130 unica:
579 1101 674 1130 unius
697 1105 804 1130 autem
827 1100 866 1130 ad
889 1101 1030 1140 seipsum
1059 1109 1126 1130 non
1150 1105 1197 1129 est
1220 1097 1299 1128 ordo

236 1149 377 1175 naturae.
399 1162 423 1166 -
445 1144 512 1175 Nec
537 1153 574 1174 ex
591 1150 681 1184 parte
700 1149 947 1184 assumptorum,
965 1142 1181 1183 comparando
1197 1147 1300 1182 partes

236 1187 319 1217 inter
341 1197 385 1218 se.
418 1187 512 1225 Quia,
529 1187 659 1228 quando
683 1197 787 1218 unum
805 1188 913 1218 unitur
936 1187 1063 1218 duobus
1085 1197 1153 1217 non
1176 1192 1212 1216 ut
1234 1185 1299 1216 duo

237 1236 321 1267 sunt,
344 1229 400 1262 sed
422 1235 459 1262 ut
473 1240 586 1267 unum,
602 1236 754 1262 neutrum
769 1241 883 1262 eorum
899 1236 946 1261 est
960 1231 1120 1261 medium:
1145 1231 1301 1270 quoniam

235 1274 380 1305 medium
402 1274 639 1306 distinctionem
668 1276 764 1315 exigit
787 1275 827 1305 ad
849 1275 928 1305 illud
958 1275 1049 1305 cuius
1073 1280 1119 1304 est
1144 1273 1299 1304 medium.

237 1318 300 1352 Sed
322 1318 421 1349 Filius
444 1319 505 1349 Dei
527 1319 636 1351 unitus
659 1324 707 1349 est
727 1328 786 1359 per
808 1328 842 1349 se
865 1319 990 1349 animae
1013 1324 1044 1348 et
1067 1319 1152 1348 carni
1174 1327 1242 1348 non
1265 1323 1301 1348 ut

235 1362 327 1403 plura
348 1367 433 1398 sunt,
455 1362 513 1393 sed
535 1368 571 1393 ut
593 1372 696 1393 unum
711 1367 801 1393 sunt:
827 1363 902 1403 quia
916 1363 1025 1392 unitur
1041 1363 1085 1392 eis
1107 1362 1300 1402 inquantum

235 1411 311 1437 sunt
331 1411 436 1446 partes
458 1406 553 1437 unius
575 1412 707 1437 naturae
729 1407 898 1437 humanae.
931 1406 1016 1446 Ergo
1040 1415 1107 1436 non
1131 1406 1301 1446 assumpsit

236 1457 365 1481 carnem
393 1448 553 1481 mediante
576 1450 683 1480 anima
712 1449 891 1481 secundum
914 1450 1060 1481 ordinem
1082 1455 1230 1486 naturae,
1262 1459 1300 1480 ex

236 1499 325 1535 parte
346 1494 401 1524 rei.
423 1501 427 1504 ·

290 1537 344 1568 VI.
368 1537 468 1576 Quod
491 1543 598 1569 autem
620 1548 695 1569 vere
717 1538 895 1569 secundum
918 1548 986 1568 rem
1009 1543 1140 1568 naturae
1156 1537 1236 1568 ordo
1251 1539 1300 1568 in-

235 1582 324 1612 tersit
344 1582 427 1612 inter
442 1583 582 1613 animam
600 1587 632 1612 et
647 1592 776 1613 carnem
790 1583 824 1613 in
839 1583 1069 1623 assumptione,
1094 1592 1132 1612 ex
1150 1582 1213 1612 hoc
1228 1583 1300 1621 ipso

235 1630 323 1666 patet
343 1625 432 1666 quod
447 1631 495 1656 est
509 1627 554 1656 ibi
570 1635 642 1656 vera
657 1626 820 1657 causalitas
835 1627 936 1657 realis.
960 1625 1012 1656 Ad
1027 1626 1118 1656 cuius
1134 1626 1300 1656 clariorem

234 1670 392 1706 notitiam,
417 1669 575 1700 afferenda
598 1675 644 1700 est
667 1669 841 1701 differentia
863 1671 945 1701 inter
967 1670 1106 1700 animam
1125 1675 1156 1700 et
1171 1679 1299 1700 carnem

234 1718 382 1754 respectu
405 1714 641 1754 assumptionis.
666 1714 893 1754 Comparando
910 1713 1069 1754 siquidem
1084 1714 1162 1743 haec
1178 1713 1243 1743 duo
1261 1713 1300 1744 ad

235 1757 498 1797 assumptionem,
514 1757 681 1788 manifeste
697 1759 854 1788 constabit
870 1758 959 1798 quod
979 1759 1061 1788 inter
1076 1758 1236 1788 actionem
1252 1767 1300 1787 as-

235 1801 429 1841 sumptivam
445 1807 476 1831 et
491 1802 652 1832 actionem
667 1803 836 1832 creativam
856 1803 1022 1841 utriusque
1048 1802 1126 1831 haec
1141 1801 1301 1831 invenitur

235 1844 421 1881 differentia,
444 1845 534 1885 quod
556 1851 703 1885 respectu
726 1847 850 1876 animae
872 1845 960 1876 nulla
982 1845 1042 1875 alia
1057 1845 1140 1875 actio
1163 1844 1297 1875 mediat:

235 1888 292 1920 sed
313 1894 461 1929 respectu
483 1890 585 1920 carnis
610 1889 729 1920 mediat
754 1890 838 1920 actio
861 1889 1031 1920 animativa
1053 1889 1163 1919 carnis.
1198 1889 1298 1925 Nam,

234 1933 477 1975 praesupposita
500 1933 625 1964 actione
648 1934 784 1964 creativa
807 1933 918 1969 carnis,
941 1943 1009 1963 non
1025 1938 1072 1963 est
1088 1942 1161 1963 caro
1177 1942 1299 1963 assum-

234 1977 353 2016 ptibilis
375 1976 554 2009 secundum
576 1978 808 2017 congruitatem
837 1977 894 2017 (sic
918 1978 1004 2007 enim
1027 1977 1066 2007 de
1090 1977 1299 2016 assumptibili

235 2025 283 2051 est
304 2021 423 2061 sermo)
447 2021 508 2051 nisi
530 2021 570 2051 sit
591 2021 745 2058 animata,
766 2031 823 2052 seu
843 2022 992 2051 humana.
1020 2021 1169 2051 Animata
1192 2026 1299 2051 autem

235 2069 291 2095 aut
316 2065 457 2095 humana
486 2075 554 2095 non
578 2071 624 2096 est
653 2066 784 2096 materia
805 2065 859 2095 illa
885 2066 945 2095 nisi
968 2075 1024 2105 per
1048 2066 1208 2095 actionem
1232 2066 1299 2095 ani—

234 2109 385 2142 mativam
407 2109 503 2140 illius.
531 2109 626 2140 Actio
650 2115 757 2140 autern
779 2109 950 2140 animativa
973 2114 1097 2139 constat
1119 2108 1210 2148 quod
1233 2109 1299 2139 ani—

234 2161 322 2184 mam
343 2153 438 2193 ponit
459 2153 493 2183 in
515 2162 619 2189 carne,
644 2162 736 2195 quae,
760 2153 884 2183 realiter
906 2152 1053 2183 faciendo
1076 2153 1163 2183 illam
1181 2153 1214 2182 in
1231 2162 1299 2182 esse

235 2197 376 2227 animato
401 2202 432 2227 et
453 2196 614 2233 humano,
638 2206 712 2228 vere
742 2202 778 2227 ut
806 2206 900 2228 causa
926 2196 1032 2228 media
1063 2202 1171 2226 causat
1199 2197 1299 2226 carnis

235 2240 553 2281 as'sumptibilitatem.
591 2241 836 2282 Praesupposita
867 2246 975 2271 autem
1007 2240 1133 2271 actione
1164 2241 1300 2270 creativa

236 2283 376 2321 animae,
407 2293 476 2314 non
499 2290 682 2325 expectatur
705 2285 764 2315 alia
787 2285 889 2320 actio,
918 2294 982 2324 qua
1005 2284 1125 2324 aliquid
1148 2283 1299 2324 superad—

236 2327 327 2358 datur
349 2329 474 2359 animae
500 2337 558 2368 per
581 2328 670 2368 quod
696 2328 751 2359 fiat
773 2328 1014 2368 assumptibilis:
1047 2328 1102 2358 sed
1125 2329 1229 2358 statim
1253 2333 1300 2358 est

235 2372 469 2412 assumptibilis.
493 2373 550 2403 Est
571 2373 666 2412 igitur
689 2374 794 2403 anima
817 2382 873 2412 per
894 2373 1054 2402 actionem
1072 2373 1299 2412 assumptivam

235 2415 417 2457 attingibilis
428 2416 553 2457 absque
569 2417 695 2447 actione
711 2416 831 2447 media:
853 2426 926 2446 caro
943 2422 1060 2452 autem,
1077 2417 1142 2446 sive
1157 2417 1298 2452 materia,

234 2469 304 2498 non
325 2459 386 2490 nisi
407 2459 514 2497 media
536 2461 662 2492 actione
685 2461 863 2491 animativa.
887 2460 944 2490 Est
962 2460 1057 2500 igitur
1074 2460 1156 2490 inter
1171 2469 1299 2490 carnem

236 2508 268 2534 et
283 2504 422 2534 animam
436 2504 518 2534 inter
538 2514 582 2540 se,
602 2505 713 2534 relatas
729 2504 769 2535 ad
784 2505 1047 2544 assumptionem,
1072 2503 1151 2534 ordo
1168 2509 1298 2534 naturae

235 2544 415 2578 secundum
438 2546 653 2579 causalitatem
675 2549 709 2579 in
731 2558 776 2579 re.

290 2591 332 2621 Et
353 2591 510 2631 quoniam
529 2600 571 2623 ex
593 2593 657 2622 hoc
680 2592 769 2632 quod
792 2594 898 2623 anima
920 2592 965 2622 sic
983 2597 1091 2622 causat
1107 2601 1235 2622 carnem
1251 2602 1299 2622 as-

236 2635 464 2675 sumptibilem,
486 2645 555 2669 non
577 2636 730 2676 sequitur,
752 2637 846 2678 Ergo
870 2636 980 2668 anima
997 2637 1094 2676 prius
1112 2641 1231 2666 natura
1247 2646 1299 2667 as-

235 2679 383 2715 sumitur,
407 2678 463 2709 sed
485 2679 566 2709 bene
589 2681 741 2720 sequitur,
763 2680 857 2722 Ergo
874 2686 920 2711 est
936 2681 1020 2710 ratio
1044 2680 1131 2720 quod
1153 2690 1230 2711 caro
1248 2691 1299 2711 as-

235 2727 399 2758 sumatur,
425 2728 472 2758 et,
495 2729 532 2754 ut
554 2723 588 2753 in
610 2723 711 2754 littera
726 2725 743 2740 ⁴*
766 2724 896 2761 dicitur,
927 2734 995 2754 non
1019 2730 1066 2754 est
1091 2725 1151 2755 nisi
1174 2725 1207 2755 in
1231 2724 1299 2755 fieri

235 2767 333 2803 rati03
362 2766 395 2797 id
417 2772 525 2796 autem
548 2766 637 2806 quod
660 2777 694 2798 se
715 2767 811 2798 habet
833 2767 873 2799 ad
897 2778 1024 2799 carnem
1047 2773 1083 2798 ut
1105 2769 1185 2798 ratio
1209 2768 1299 2808 quod

236 2816 423 2846 assumatur,
447 2820 481 2841 se
503 2811 598 2841 habet
620 2816 656 2841 ut
677 2821 756 2851 quo,
781 2817 812 2842 et
833 2822 901 2842 non
925 2817 1052 2852 oportet
1075 2812 1163 2852 quod
1187 2822 1220 2843 se
1243 2813 1298 2842 ha—

235 2856 309 2885 beat
339 2860 375 2885 ut
405 2854 512 2895 quod:
540 2854 614 2885 ideo
643 2864 681 2885 ex
703 2855 762 2886 hac
785 2855 930 2886 doctrina
951 2857 1101 2886 Auctoris
1131 2866 1199 2886 non
1226 2857 1298 2896 plus

235 2899 339 2929 habeo
364 2908 462 2938 quam
485 2898 574 2938 quod
597 2899 702 2929 anima
724 2899 843 2930 mediat
865 2905 902 2930 ut
924 2909 1018 2930 causa
1035 2899 1142 2930 media
1165 2906 1200 2930 ut
1223 2910 1296 2941 qua,

236 2952 293 2973 seu
315 2951 389 2983 quo.
414 2943 459 2972 Ita
478 2941 567 2982 quod
589 2951 657 2972 non
672 2943 759 2983 prius
782 2948 893 2974 natura
916 2943 1020 2974 anima
1043 2949 1079 2974 ut
1101 2944 1188 2984 quod
1212 2954 1298 2974 assu-

235 2986 343 3023 mitur,
360 2985 416 3017 sed
437 2987 525 3026 prius
547 2991 659 3016 natura
682 2987 787 3016 anima
809 2992 846 3017 ut
867 2996 930 3027 quo
953 2988 1132 3024 assumitur,
1150 2993 1180 3018 et
1203 2988 1298 3018 simul

235 3030 348 3061 natura
369 3035 542 3070 utrumque
562 3035 598 3060 ut
621 3029 707 3070 quod
729 3031 907 3060 assumitur.
942 3031 987 3060 Ita
1011 3031 1109 3070 quod,
1130 3031 1296 3062 referendo

237 3074 376 3105 animam
398 3079 429 3105 et
445 3083 571 3105 carnem
595 3074 676 3104 inter
691 3083 724 3104 se
748 3073 787 3104 ad
803 3074 920 3104 assumi
942 3079 978 3104 ut
1000 3074 1096 3115 quod,
1121 3075 1228 3105 nullus
1251 3081 1298 3106 est

236 3122 367 3149 naturae
383 3117 480 3149 ordo:
511 3118 587 3158 quia
609 3123 759 3148 neutrum
783 3123 830 3147 est
845 3117 932 3147 alteri
954 3113 1098 3148 medium
1113 3124 1149 3149 ut
1163 3118 1259 3159 quod.
1274 3137 1298 3141 —

237 3161 279 3192 Et
293 3162 319 3192 si
334 3161 375 3192 ad
388 3162 452 3192 hoe
467 3161 616 3192 tendebat
631 3161 811 3197 Durandus,
830 3170 898 3191 non
919 3161 1113 3192 contradico.
1137 3162 1200 3193 Sed
1222 3164 1298 3202 quia

236 3214 305 3236 non
326 3205 456 3236 invenio
481 3215 514 3236 se
542 3206 587 3236 sic
610 3205 799 3241 declarasse,
823 3210 859 3235 ut
882 3205 996 3235 Scotus
1019 3204 1103 3241 fecit,
1127 3205 1211 3242 ideo,
1236 3212 1295 3236 etc.

292 3248 428 3280 Moveor
450 3254 557 3280 autem
580 3249 619 3279 ad
639 3248 821 3289 negandum
845 3248 934 3288 quod
957 3249 1062 3279 anima
1085 3254 1131 3279 est
1153 3249 1296 3280 medium

237 3298 278 3331 ut
295 3293 383 3334 quod
400 3298 547 3334 respectu
563 3294 663 3324 carnis
678 3294 711 3323 in
727 3293 954 3332 assumptione,
975 3293 1051 3332 quia
1065 3293 1152 3323 nulla
1167 3299 1297 3333 apparet

237 3334 317 3368 ratio
341 3346 439 3377 quare
457 3336 570 3369 debeat
584 3338 648 3367 hoc
664 3337 808 3368 concedi.
832 3337 986 3374 Quamvis
1003 3337 1088 3366 enirn
1111 3342 1175 3366 tarn
1191 3337 1296 3366 anima

238 3388 336 3421 quam
359 3390 432 3418 caro
455 3381 495 3411 sit
518 3387 679 3421 assumpta
701 3387 737 3411 ut
761 3380 849 3421 quod
865 3381 1044 3416 assumitur,
1067 3379 1236 3420 partialiter
1250 3385 1296 3410 ta-

237 3432 324 3460 men,
340 3433 397 3455 seu
419 3429 455 3455 ut
476 3434 564 3465 pars3
590 3426 664 3465 quia
678 3430 786 3455 tamen
802 3425 906 3455 anima
921 3433 988 3454 non
1010 3424 1194 3464 intelligitur
1208 3424 1295 3463 prius

238 3473 399 3508 assumpta
415 3477 512 3508 quam
528 3469 646 3499 animet
662 3478 788 3499 carnem
809 3467 911 3508 (quod
932 3477 989 3508 per
1012 3468 1179 3498 creativam
1198 3468 1296 3498 actio-

238 3518 315 3541 nem
329 3511 458 3543 sortitur
473 3521 511 3543 ex
532 3512 633 3543 modo
650 3522 724 3543 suae
749 3513 925 3548 creationis,
943 3512 1018 3552 quia
1041 3511 1158 3542 scilicet
1175 3517 1296 3542 creatur

239 3554 273 3585 in
295 3555 454 3595 corpore),
477 3565 537 3587 nec
563 3565 636 3587 caro
659 3557 746 3597 prius
769 3557 938 3587 assumitur
961 3565 1057 3595 quam
1081 3555 1120 3585 sit
1143 3556 1294 3592 animata3

239 3596 312 3629 ideo
323 3598 406 3629 inter
421 3599 559 3631 animam
571 3605 603 3630 et
618 3609 745 3631 carnem
761 3605 797 3630 ut
812 3605 886 3631 sunt
901 3609 983 3640 quae
999 3605 1211 3636 assumuntur,
1224 3599 1295 3630 nul-

1355 354 1424 384 lum
1445 354 1539 385 video
1564 355 1709 385 ordinem
1731 359 1861 385 naturae
1885 359 1939 384 aut
1962 355 2148 391 intellectus,
2173 356 2228 386 sed
2251 356 2367 392 solum,
2384 361 2420 386 ut

1356 398 1478 428 dictum
1502 404 1557 435 est,
1575 398 1664 439 quod
1687 399 1793 429 anima
1816 404 1862 429 est
1886 408 1979 429 causa
2003 400 2089 429 carni
2111 405 2147 429 ut
2169 410 2232 440 quo
2257 399 2347 440 quod
2371 409 2419 430 as-

1356 448 1509 472 sumatur.

1399 486 1477 516 «Vn.
1501 486 1552 516 Ad
1568 487 1784 517 obiectionem
1807 491 1914 517 autem
1937 486 2080 517 Durandi
2096 489 2112 504 ᾗ
2136 487 2249 517 dicitur
2273 487 2362 527 quod
2384 488 2418 518 in

1356 530 1574 569 assumptione
1598 536 1644 560 est
1666 535 1797 560 naturae
1821 530 1900 560 ordo
1925 540 1962 560 ex
1985 536 2073 571 parte
2096 537 2344 571 assumptorum.
2377 531 2419 561 Et

1356 582 1431 603 cum
1455 579 1565 603 contra
1587 574 1650 604 hoc
1679 574 1819 613 arguitur
1845 575 1920 614 quia
1949 575 2077 605 unitum
2098 575 2243 615 pluribus
2280 585 2347 605 non
2370 575 2419 605 in-

1356 622 1512 656 quantum
1529 623 1603 647 sunt
1620 618 1722 658 plura,
1739 617 1794 648 sed
1810 628 1922 654 unum,
1936 623 2013 648 etc.:
2038 624 2171 658 negatur
2186 619 2301 649 minor.
2327 618 2419 656 Quo-

1355 661 1441 690 niam
1460 661 1558 691 Filius
1575 662 1635 691 Dei
1650 662 1820 701 assumpsit
1835 663 1974 692 animam
1990 668 2021 692 et
2036 672 2154 702 corpus
2169 669 2205 692 ut
2220 667 2294 692 sunt
2309 662 2417 702 plura:

1356 704 1431 743 quia
1453 706 1623 744 assumpsit
1645 706 1699 735 illa
1714 711 1749 736 ut
1772 711 1846 736 sunt
1869 705 1949 736 duae
1964 711 2069 746 partes
2093 706 2272 737 essentiales
2295 706 2419 736 realiter

1356 748 1521 778 distinctae
1544 750 1625 779 inter
1648 759 1691 779 se.

1409 791 1460 822 Ad
1483 793 1707 832 probationem
1731 793 1845 823 dicitur
1868 793 1958 833 quod
1981 794 2066 824 aliud
2083 800 2128 824 est
2145 794 2321 824 concedere
2337 793 2419 824 affir-

1355 836 1515 872 mativam,
1540 837 1668 872 scilicet,
1684 837 1863 877 Assumpsit
1874 843 1988 877 partes
2004 844 2039 868 ut
2052 843 2128 868 sunt
2144 846 2262 868 unum:
2286 844 2316 868 et
2332 837 2419 868 aliud

1355 884 1411 915 est,
1436 889 1511 910 cum
1534 880 1617 910 dicta
1632 880 1825 917 affirmativa,
1850 882 2025 912 concedere
2043 883 2137 912 etiarn
2153 883 2341 922 negativam,
2359 882 2419 912 sci-

1353 922 1441 958 licet,
1466 923 1541 953 Non
1566 925 1737 964 assumpsit
1753 930 1866 964 partes
1890 930 1925 955 ut
1946 931 2022 956 sunt
2037 927 2152 966 plures
2176 936 2236 956 res.
2271 926 2418 956 Affirma-

1353 967 1418 996 tiva
1429 977 1569 1007 namque
1580 969 1732 1008 importat
1747 969 1836 1008 quod
1851 975 1955 1008 partes
1971 975 2045 1000 sunt
2057 976 2235 1010 assumptae
2248 976 2284 1000 ut
2299 971 2418 1000 uniun-

1354 1015 1405 1040 tur
1427 1011 1461 1040 in
1484 1016 1570 1041 toto:
1596 1017 1627 1041 et
1649 1012 1712 1042 hoc
1736 1018 1782 1042 est
1805 1013 1893 1043 dictu
1917 1013 2005 1053 quod
2027 1019 2131 1053 partes
2148 1020 2221 1044 sunt
2237 1019 2417 1054 assumptae

1354 1059 1391 1083 ut
1414 1060 1487 1084 sunt
1509 1055 1542 1084 in
1565 1060 1645 1085 toto.
1669 1056 1821 1095 Negativa
1837 1062 1943 1087 autem
1959 1058 2110 1097 importat
2126 1058 2214 1097 quod
2230 1064 2333 1097 partes
2349 1067 2418 1088 non

1354 1103 1429 1128 sunt
1456 1104 1636 1138 assumptae
1667 1100 1844 1130 secundum
1872 1101 2005 1140 seipsas,
2036 1101 2091 1131 sed
2122 1102 2211 1141 quod
2241 1102 2416 1142 assumptio

1353 1142 1540 1172 terminatur
1563 1142 1602 1172 ad
1625 1148 1731 1173 totum
1746 1149 1881 1179 tantum,
1907 1149 1937 1174 et
1953 1144 1992 1174 ad
2007 1151 2110 1184 partes
2133 1155 2200 1175 non
2216 1146 2276 1175 nisi
2291 1150 2327 1176 ut
2343 1151 2418 1176 sunt

1353 1186 1387 1215 in
1410 1191 1490 1216 toto.
1520 1185 1655 1216 Constat
1677 1192 1785 1217 autem
1808 1197 1846 1217 ex
1870 1187 2013 1218 doctrina
2037 1198 2123 1218 sacra
2145 1189 2263 1219 Filium
2286 1189 2346 1219 Dei
2369 1199 2417 1219 as-

1354 1230 1526 1269 sumpsisse
1549 1230 1591 1260 ita
1614 1236 1717 1269 partes
1741 1231 1774 1260 in
1798 1236 1867 1261 toto
1899 1232 1988 1270 quod
2011 1237 2118 1262 tamen
2146 1232 2185 1262 ad
2207 1234 2291 1272 ipsas
2313 1236 2417 1272 partes

1353 1274 1387 1303 in
1411 1274 1520 1313 seipsis
1543 1275 1710 1304 terminata
1725 1280 1771 1304 est
1787 1276 1978 1314 assumptio:
2004 1276 2156 1316 alioquin,
2173 1277 2366 1316 oportuisset
2383 1277 2417 1307 in

1353 1323 1457 1347 morte
1482 1318 1599 1348 Christi
1628 1317 1696 1348 fieri
1723 1328 1823 1348 novas
1851 1320 2084 1359 assumptiones
2111 1321 2235 1350 animae
2264 1321 2298 1350 in
2326 1330 2358 1350 se
2387 1326 2419 1350 et

1354 1362 1498 1401 corporis
1521 1362 1554 1392 in
1578 1371 1621 1398 se,
1646 1363 1801 1402 quoniam
1823 1363 1857 1393 in
1880 1368 1950 1392 toto
1974 1373 2042 1394 non
2066 1369 2163 1394 erant.
2191 1364 2298 1394 Dicito
2321 1365 2418 1404 igitur

1354 1405 1443 1444 quod
1467 1405 1565 1436 Filius
1589 1406 1650 1436 Dei
1672 1407 1842 1446 assumpsit
1865 1407 2004 1437 animam
2028 1413 2058 1437 et
2074 1417 2202 1438 carnem
2224 1409 2417 1448 inquantum

1354 1454 1428 1479 sunt
1451 1455 1554 1489 partes
1577 1450 1673 1480 unius
1696 1456 1842 1481 naturae:
1867 1450 1922 1480 sed
1938 1461 1975 1480 ex
1991 1451 2054 1481 hoc
2071 1461 2139 1481 non
2155 1452 2306 1492 sequitur,
2322 1452 2416 1494 Ergo

1354 1493 1543 1534 inquantum
1558 1499 1635 1524 sunt
1650 1504 1748 1524 unum
1765 1499 1795 1524 et
1810 1504 1874 1524 non
1892 1495 2081 1535 inquantum
2096 1501 2172 1526 sunt
2183 1496 2307 1536 plures.
2332 1496 2417 1534 Quia

1354 1543 1385 1567 et
1409 1539 1578 1577 assumpsit
1607 1538 1799 1578 inquantum
1823 1544 1896 1568 sunt
1920 1549 2022 1569 unum
2051 1540 2085 1569 in
2107 1545 2220 1570 natura
2242 1540 2352 1570 unica:
2385 1545 2417 1570 et

1353 1582 1547 1621 inquantum
1570 1588 1644 1612 sunt
1665 1583 1699 1612 in
1722 1592 1755 1612 se
1778 1582 1885 1622 plures
1907 1593 1967 1618 reS,
1991 1583 2136 1623 partiales
2159 1589 2276 1614 tamen.

1409 1626 1490 1656 VIII.
1516 1626 1551 1656 In
1573 1626 1783 1666 responsione
1802 1626 1842 1656 ad
1861 1626 2038 1657 secundum
2062 1627 2204 1657 eiusdem
2227 1628 2321 1667 primi
2344 1629 2416 1658 arti-

1354 1669 1428 1706 culi,
1450 1675 1527 1700 nota
1542 1670 1646 1709 primo
1663 1670 1745 1700 hanc
1761 1669 1954 1700 doctrinam:
1980 1670 2068 1710 quod
2084 1671 2202 1701 scilicet
2217 1681 2284 1701 non
2301 1671 2416 1702 eodem

1353 1713 1464 1743 ordine
1486 1723 1519 1743 se
1535 1714 1652 1744 habent
1667 1719 1770 1753 partes
1785 1719 1915 1744 naturae
1931 1715 2089 1744 humanae
2106 1714 2145 1744 ad
2160 1715 2417 1754 personalitatem

1353 1757 1499 1793 alienam,
1523 1757 1642 1787 scilicet
1664 1757 1762 1787 Verbi
1784 1757 1858 1792 Dei,
1883 1767 1949 1797 quo
1974 1767 2007 1788 se
2029 1758 2182 1788 haberent
2205 1758 2243 1788 ad
2266 1768 2417 1798 persona—

1351 1802 1472 1831 litatem
1495 1802 1668 1840 propriam,
1693 1801 1812 1831 scilicet
1834 1810 1989 1841 personae
2013 1802 2181 1832 humanae.
2216 1803 2257 1832 Et
2279 1803 2358 1833 ratio
2382 1804 2417 1833 in

1353 1845 1455 1875 littera
1469 1844 1610 1875 redditur
1626 1855 1664 1875 ex
1680 1844 1845 1875 altitudine
1861 1845 1985 1876 divinae
2001 1855 2166 1885 personae.
2186 1846 2227 1876 Et
2242 1847 2320 1876 haec
2335 1847 2417 1877 bene

1352 1889 1499 1924 retineto,
1525 1894 1555 1918 et
1579 1889 1738 1928 applicato
1763 1898 1837 1918 curn
1861 1889 2027 1919 discutitur
2054 1890 2280 1929 assumptionis
2300 1896 2418 1931 myste-

1351 1933 1436 1963 rium
1453 1932 1561 1972 quoad
1577 1932 1723 1963 ordinem
1739 1938 1994 1972 assumptorum:
2015 1939 2046 1963 et
2061 1943 2129 1963 non
2145 1933 2259 1964 fundes
2275 1939 2306 1964 te
2323 1944 2418 1974 super

1354 1976 1465 2007 ordine
1481 1976 1658 2007 eorundem
1674 1976 1713 2006 ad
1735 1977 1896 2016 propriam
1912 1978 2183 2017 personalitatem;
2208 1983 2243 2007 ut
2258 1978 2291 2008 in
2304 1979 2417 2018 quinto

1352 2021 1486 2050 arficulo
1502 2022 1518 2037 ἢ*
1541 2021 1621 2051 ratio
1646 2021 1733 2051 Scoti
1757 2030 1852 2060 super
1874 2021 1937 2051 hoc
1960 2021 2170 2051 fundamento
2195 2021 2350 2052 afferetur.

1407 2065 1493 2094 Nota
1515 2064 1669 2100 secundo,
1690 2064 1779 2104 quod
1801 2065 1904 2104 prima
1918 2066 2015 2095 verba
2032 2066 2162 2101 litterae,
2187 2066 2315 2102 scilieet,
2335 2067 2417 2096 Cor-

1346 2118 1412 2148 pus
1434 2113 1480 2139 est
1502 2109 1639 2139 vicinius
1655 2118 1819 2148 personae
1831 2109 1997 2149 propriae,
2022 2110 2131 2140 anima
2151 2114 2257 2140 autem
2281 2116 2419 2141 naturae

1350 2153 1520 2188 humanae,
1545 2162 1613 2182 non
1636 2157 1743 2182 carent
1767 2153 1929 2192 scrupulo.
1965 2153 2140 2191 Quoniam,
2167 2154 2223 2184 etsi
2246 2164 2320 2184 vera
2343 2160 2418 2185 sunt

1353 2195 1531 2226 secundum
1551 2197 1736 2226 communia
1751 2196 1875 2226 homini
1892 2202 1922 2226 et
1938 2197 2004 2227 aliis
2021 2197 2201 2228 substantiis
2217 2198 2418 2229 sensibilibus

1354 2240 1523 2280 (quoniam
1545 2241 1578 2270 in
1595 2241 1639 2270 eis
1655 2241 1760 2270 anima
1782 2240 1917 2270 vicinior
1933 2246 1979 2270 est
1998 2243 2128 2271 naturae
2152 2247 2183 2271 et
2206 2251 2323 2281 corpus
2345 2252 2417 2282 per-

1353 2293 1461 2319 sonae,
1486 2284 1561 2324 quia
1583 2285 1689 2314 anima
1707 2284 1872 2314 constituit
1891 2283 2064 2315 formaliter
2078 2290 2224 2315 naturam
2241 2291 2272 2315 et
2286 2287 2417 2316 materia

1352 2327 1544 2364 individuat,
1575 2337 1731 2367 personae
1761 2333 1868 2358 autem
1898 2333 2023 2358 constat
2049 2328 2251 2359 individuum
2278 2331 2416 2360 maxime

1353 2373 1628 2412 appropinquare:
1660 2371 1745 2402 unde
1776 2377 1807 2402 et
1830 2371 2002 2402 creduntur
2030 2372 2117 2402 idem
2141 2373 2275 2403 omnino
2307 2373 2416 2413 quoad

1351 2426 1420 2446 rem
1443 2416 1529 2456 apud
1552 2416 1671 2446 multos
1687 2416 1734 2455 ἥ),
1767 2415 1944 2446 secundum
1975 2421 2082 2446 tamen
2108 2417 2237 2456 propria
2260 2417 2415 2457 principia

1352 2461 1503 2496 hominis,
1526 2459 1651 2490 videtur
1675 2460 1871 2499 oppositum.
1900 2459 2064 2497 Quoniam
2088 2460 2192 2490 anima
2213 2461 2413 2497 intellectiva,

1353 2505 1429 2544 quia
1452 2510 1499 2535 est
1522 2513 1560 2534 ex
1584 2513 1616 2534 se
1640 2505 1828 2539 subsistens,
1854 2509 1885 2533 et
1912 2503 2012 2533 defert
2042 2513 2151 2533 secum
2182 2504 2414 2535 subsistentiam

1353 2558 1451 2588 quam
1474 2548 1692 2578 communicat
1715 2548 1901 2587 supposito.
1932 2548 2145 2587 propinquior
2168 2553 2215 2578 est
2240 2557 2413 2588 personae,

1353 2593 1444 2623 cuius
1467 2593 1634 2632 proprium
1650 2597 1696 2622 est
1712 2592 1889 2627 subsistere,
1910 2591 1989 2621 adeo
2006 2597 2041 2621 ut
2056 2592 2116 2631 ipsi
2131 2601 2285 2631 personae
2309 2593 2413 2632 primo

1353 2637 1532 2667 conveniat.
1556 2654 1579 2658 —-
1602 2635 1664 2667 Sed
1687 2636 1750 2666 hoc
1772 2645 1841 2666 non
1857 2636 1970 2665 obstat.
1994 2635 2078 2672 Quia
2098 2636 2203 2666 anima
2223 2636 2414 2666 intellectiva

1351 2682 1386 2710 in
1409 2690 1468 2710 suo
1492 2680 1561 2710 fieri
1584 2679 1744 2710 mendicat
1766 2680 1992 2709 haecceitatem
2012 2689 2029 2709 a
2049 2689 2200 2719 corpore,
2224 2680 2298 2710 licet
2321 2690 2413 2710 occa-

1353 2725 1531 2754 sionaliter:
1555 2733 1616 2754 nec
1632 2723 1732 2754 defert
1748 2733 1857 2753 secum
1873 2723 2107 2753 subsistentiam
2122 2723 2284 2763 propriam
2303 2724 2361 2754 sibi
2378 2730 2414 2754 ut

1353 2768 1442 2808 quod
1462 2768 1601 2798 subsistit
1614 2768 1687 2808 (nisi
1702 2768 1736 2797 in
1748 2767 1915 2807 potentia),
1929 2766 1983 2797 sed
2002 2772 2038 2797 ut
2049 2767 2215 2806 proprium
2231 2767 2315 2799 illius
2326 2768 2413 2807 prin-

1353 2813 1474 2852 cipium
1498 2817 1533 2842 ut
1557 2821 1633 2851 quo.
1658 2811 1761 2846 Unde,
1786 2811 1860 2841 licet
1876 2810 1994 2850 aliquid
2009 2811 2081 2850 plus
2097 2811 2342 2850 propinquitatis
2357 2812 2412 2841 ha-

1352 2857 1424 2886 beat
1443 2855 1483 2886 ad
1501 2856 1698 2896 hypostasim
1715 2865 1811 2894 quam
1828 2855 1906 2884 aliae
1922 2855 2055 2889 animae,
2069 2855 2144 2893 quia
2160 2864 2197 2884 ex
2213 2855 2344 2894 proprio
2361 2865 2413 2886 or-

1353 2900 1426 2931 dine
1443 2899 1543 2930 defert
1560 2900 1608 2939 (ut
1633 2908 1698 2939 quo
1716 2898 1836 2937 tamen)
1861 2904 1968 2928 actum
1988 2897 2194 2927 subsistendi:
2218 2908 2286 2928 non
2305 2904 2412 2930 tamen

1352 2944 1565 2984 propinquior
1582 2948 1627 2973 est
1644 2952 1741 2982 quam
1754 2951 1881 2981 corpus,
1895 2941 1984 2980 quod
1999 2942 2102 2980 ipsam
2118 2942 2257 2972 animam
2270 2947 2300 2972 et
2316 2952 2412 2973 suum

1352 2987 1476 3018 essendi
1492 2992 1599 3017 actum
1617 2985 1802 3016 individuat.
1834 2985 1924 3015 Stant
1950 2994 2025 3024 ergo
2045 2984 2146 3014 solida
2161 2986 2256 3016 verba
2278 2986 2410 3017 litterae.

1407 3031 1458 3061 IX.
1484 3031 1519 3060 In
1542 3030 1750 3070 responsione
1780 3028 1819 3058 ad
1842 3029 1970 3058 tertium
1998 3028 2140 3058 eiusdem
2167 3029 2304 3066 articuli,
2329 3031 2411 3061 clare

1350 3076 1447 3105 habes
1472 3084 1538 3114 quo
1561 3078 1655 3113 pacto
1679 3071 1764 3112 apud
1787 3073 1962 3102 Auctorem
1984 3073 2167 3112 intelligitur
2190 3074 2328 3103 animam
2343 3084 2411 3104 me-

1351 3119 1436 3149 diare
1459 3119 1492 3148 in
1515 3117 1732 3156 assumptione
1757 3117 1873 3147 carnis:
1898 3117 2017 3146 scilicet
2040 3126 2115 3147 cum
2137 3118 2237 3147 tribus
2253 3117 2411 3149 conditio-

1351 3163 1454 3193 nibus.
1471 3162 1576 3191 Prima
1588 3166 1643 3196 est,
1659 3159 1832 3190 secundum
1848 3160 2074 3200 aptitudinem:
2090 3161 2164 3200 quia
2177 3161 2294 3191 scilicet
2309 3162 2412 3192 reddit

1352 3215 1479 3236 carnem
1503 3210 1609 3244 aptam
1633 3204 1671 3234 ad
1691 3204 1817 3240 assumi,
1838 3203 1984 3235 faciendo
2000 3205 2103 3244 ipsam
2119 3205 2289 3235 animatam
2306 3211 2336 3235 et
2351 3207 2410 3236 hu-

1350 3259 1489 3280 manam.

1406 3292 1552 3324 Secunda
1576 3297 1631 3328 est,
1655 3291 1828 3322 secundum
1851 3292 2109 3333 congruitatem:
2132 3294 2206 3333 quia
2229 3293 2307 3323 haec
2330 3294 2410 3332 apti-

1350 3336 1429 3367 tudo
1452 3346 1520 3367 non
1544 3341 1589 3366 est
1611 3336 1814 3372 necessitatis,
1839 3336 1894 3366 sed
1917 3337 2131 3376 congruitatis.
2162 3337 2244 3366 Nam
2269 3342 2299 3367 et
2322 3337 2410 3367 Deus

1350 3385 1458 3420 posset
1487 3380 1553 3410 sine
1576 3379 1630 3410 illa
1659 3389 1817 3410 assumere
1841 3390 1983 3416 carnem,
2016 3385 2047 3410 et
2074 3390 2146 3410 caro
2175 3381 2218 3411 sic
2242 3386 2314 3420 apta
2341 3390 2409 3411 non

1350 3424 1517 3454 necessitat
1539 3423 1579 3454 ad
1602 3424 1868 3464 assumptionem:
1900 3423 1955 3454 sed
1979 3434 2015 3454 ex
2038 3424 2100 3454 hoc
2124 3425 2194 3464 ipso
2222 3423 2311 3464 quod
2334 3434 2408 3455 caro

1351 3473 1397 3498 est
1419 3468 1568 3504 humana,
1594 3473 1640 3498 est
1661 3467 1773 3498 habilis
1789 3467 1828 3498 de
1845 3477 1988 3507 congruo
2004 3473 2040 3498 ut
2056 3473 2248 3505 assumatur3
2272 3469 2334 3498 hoc
2351 3473 2408 3505 est,

1350 3512 1575 3551 assumptibilis
1598 3517 1645 3542 est
1667 3511 1707 3542 de
1730 3521 1884 3552 congruo.

1405 3555 1512 3586 Tertia
1535 3560 1590 3591 est,
1616 3555 1648 3587 in
1662 3556 1763 3596 fieri:
1786 3556 1860 3595 quia
1876 3555 2016 3586 conditio
2034 3556 2092 3585 ista
2116 3565 2179 3595 qua
2202 3566 2274 3586 caro
2299 3561 2345 3586 est
2368 3555 2407 3586 de

1351 3609 1494 3640 congruo
1511 3599 1744 3640 assumptibilis,
1761 3609 1828 3629 non
1844 3599 1961 3630 mediat
1975 3600 2009 3630 in
2025 3599 2108 3630 facto
2126 3610 2202 3636 esse,
2220 3599 2275 3630 sed
2290 3600 2323 3630 in
2338 3599 2407 3630 fieri

2446 495 2456 505 ”
2470 494 2542 516 Num.
2556 501 2580 516 v.

2444 2029 2454 2038 ¹
2462 2028 2594 2050 Comment.
2604 2035 2626 2050 n.
2633 2036 2655 2056 v,

2445 2061 2477 2076 ix.

2442 2421 2452 2431 '⁸
2466 2420 2502 2442 Cf.
2517 2427 2557 2449 qu.
2567 2427 2597 2449 iv,
2611 2426 2654 2444 art.

2439 2447 2610 2496 ιπίῃϋοιιιιιιειιῐ.
2629 2455 2655 2471 n.
