2872 3970
0 2623 11 2676 m!-
3 2602 6 2603 =

0 2443 11 2575 ψῆγμα-ιω,
3 2420 14 2429 v.
3 2361 17 2397 ·‘.-':
7 2322 12 2324 ,
9 2233 12 2239 ,
10 2214 12 2219 ⁴

42 855 43 859 Ἰ
69 867 81 879 ⁴
94 866 129 890 Cf.
143 873 183 895 qu.
197 872 223 894 n,
241 866 278 888 In-

46 913 48 918 ,
66 893 128 916 arod.

26 1021 43 1049 ᾗ·
65 1020 80 1033 ·
93 1019 140 1048 Qu.
155 1025 196 1042 vn.

137 2100 273 2129 cxxxvn,

7 2147 15 2155 ,
62 2101 148 2155 :stiffi
163 2133 214 2156 cap.
230 2134 254 2150 u.

65 2574 78 2586 ·
90 2573 137 2602 Qu.
152 2579 186 2601 m,
201 2578 242 2596 an.
253 2574 275 2597 8.

67 2993 78 3005 ‘
84 2993 171 3016 Homss.
176 2994 275 3017 XXXIV

64 3019 93 3042 In
107 3018 197 3050 Evang.

68 3046 90 3058 ⁸·
105 3046 168 3069 νει-ι.
185 3054 216 3070 η.

66 3147 80 3158 ·
93 3146 157 3170 Vm.
174 3148 206 3172 ¹8.

1039 220 1299 266 QUAESTIO
1329 221 1396 262 lv,

1426 221 1716 259 ARTICULUS
1745 223 1759 259 Ι
2441 233 2463 269 7
2474 231 2486 255 1

1002 479 1410 553 QUAESTIO
1455 481 1792 557 QUARTA

886 594 969 634 DE
1003 595 1235 637 UNIONE
1274 598 1353 638 EX
1386 598 1588 639 PARTE
1621 599 1922 641 ASSUMPTI

1148 711 1182 735 IN
1211 711 1277 736 SEX
1303 712 1503 738 ARTICULOS
1530 713 1643 738 DIVISA

390 820 495 845 ΕΙΝΒΕ
522 807 848 844 considerandum
873 814 927 843 est
953 807 1000 844 de
1026 807 1171 844 unione
1197 821 1243 845 ex
1262 817 1368 857 parte
1393 813 1397 851 1

309 819 576 909 Dassumpti
585 859 616 896 ³¹².
636 859 746 897 Circa
765 860 872 908 quod
893 859 1020 908 primo
1043 860 1368 898 considerandum

306 913 470 950 occurrit
488 913 536 950 de
555 912 615 949 his
633 925 733 962 quae
752 919 841 949 sunt
859 924 882 948 a
900 912 1029 949 Verbo
1049 913 1121 950 Dei
1149 922 1366 962 assumpta;

306 966 488 1012 secundo,
509 966 557 1003 de
577 965 858 1014 co-assumptis,
879 977 979 1014 quae
1003 973 1092 1001 sunt
1118 966 1367 1015 perfectiones

306 1026 342 1055 et
369 1019 537 1056 defectus
555 1018 586 1055 ³¹⁸.

358 1070 575 1120 Assumpsit
589 1078 715 1108 autem
732 1069 850 1107 Filius
861 1069 932 1107 Dei
946 1070 1161 1107 humanam
1175 1079 1366 1119 naturam,

306 1131 342 1161 et
359 1132 484 1173 partes
504 1124 596 1160 eius.
626 1123 738 1161 Unde
766 1123 866 1160 circa
891 1122 1063 1171 primum
1091 1123 1224 1173 triplex
1244 1124 1366 1161 consi-

305 1176 450 1214 deratio
483 1175 663 1213 occurrit:
699 1175 825 1224 prima
853 1182 918 1222 est,
948 1183 1138 1225 quantum
1166 1178 1215 1214 ad
1242 1177 1367 1226 ipsam

305 1236 482 1266 naturam
519 1229 751 1274 humanam;
790 1228 960 1266 secunda
993 1236 1065 1275 est,
1095 1237 1285 1278 quantum
1317 1231 1367 1266 ad

303 1289 429 1330 partes
456 1281 576 1330 ipsius
594 1281 633 1327 *;
662 1280 781 1328 tertia,
811 1288 1000 1330 quantum
1028 1282 1077 1318 ad
1106 1282 1282 1319 ordinem
1310 1295 1366 1319 as—

304 1333 534 1383 sumptionis
553 1333 583 1370 ³⁸.

305 1386 416 1424 Circa
442 1387 615 1436 primum
642 1394 881 1435 quaeruntur
909 1400 985 1424 sex.

355 1439 506 1476 Primo:
536 1446 668 1476 utrum
709 1440 882 1476 humana
922 1448 1059 1477 natura
1099 1440 1210 1477 suerit
1246 1440 1366 1489 magis

1528 812 1799 860 assumptibilis
1827 825 1849 849 a
1877 812 1972 849 Filio
2002 812 2073 849 Dei
2106 825 2225 862 quam
2258 813 2385 862 aliqua
2412 813 2486 850 alia

1528 871 1675 901 natura.

1476 917 1676 953 Secundo:
1706 925 1834 954 utrum
1865 918 2111 966 assumpserit
2138 931 2356 967 personam.

1475 969 1626 1005 Tertio:
1657 978 1787 1006 utrum
1816 970 2063 1019 assumpserit
2091 971 2302 1008 hominem.

1476 1021 1644 1067 Quarto:
1683 1030 1813 1059 utrum
1849 1022 1979 1059 fuisset
2015 1024 2248 1060 conveniens
2286 1025 2392 1073 quod
2424 1036 2482 1061 as-

1528 1074 1752 1122 sumpsisset
1768 1076 1982 1112 humanam
2001 1083 2178 1113 naturam
2193 1089 2215 1113 a
2229 1076 2482 1125 singularibus

1528 1134 1753 1174 separatam.

1476 1178 1642 1224 Quinto:
1686 1188 1818 1216 utrum
1858 1180 1969 1217 fuerit
2009 1181 2243 1218 conveniens
2285 1182 2391 1230 quod
2424 1194 2482 1218 as-

1527 1231 1750 1280 sumpsisset
1782 1233 1996 1269 humanam
2028 1242 2205 1270 naturam
2233 1233 2272 1270 in
2301 1234 2482 1270 omnibus

1528 1284 1793 1332 singularibus.

1475 1337 1608 1373 Sexto:
1651 1345 1782 1374 utrum
1819 1338 1929 1374 fuerit
1965 1339 2199 1375 conveniens
2236 1339 2342 1387 quod
2378 1351 2482 1375 assu-

1526 1397 1648 1426 meret
1675 1391 1889 1427 humanam
1916 1399 2093 1428 naturam
2113 1391 2152 1428 in
2172 1391 2300 1441 aliquo
2323 1391 2482 1428 homine

1529 1454 1575 1478 ex
1603 1443 1717 1491 stirpe
1745 1443 1852 1480 Adae
1880 1444 2090 1492 progenito.

1116 1564 1433 1606 ARTICULUS
1464 1565 1670 1607 PRIMUS

623 1664 779 1695 UTRUM
802 1664 993 1695 HUMANA
1015 1665 1197 1695 NATURA
1219 1666 1378 1696 FUERIT
1402 1665 1535 1696 MAGIS
1557 1666 1877 1698 ASSUMPTIBILIS
1899 1668 1929 1697 A
1952 1668 2065 1698 FILIO
2089 1669 2161 1698 DEI

1026 1709 1153 1746 QUAM
1177 1709 1426 1746 QUAELIBET
1454 1710 1556 1739 ALIA
1579 1711 1760 1741 NATURA

716 1794 748 1818 111
768 1794 850 1823 Sent„
870 1794 928 1819 dist.
947 1801 975 1825 11,
994 1802 1037 1826 qu.
1056 1802 1074 1825 ι,
1094 1799 1139 1819 art.
1161 1801 1188 1824 1;
1208 1794 1242 1819 lv
1263 1795 1338 1819 Cont,
1361 1796 1452 1823 Gent„
1473 1803 1529 1828 cap.
1548 1803 1601 1826 Lm,
1621 1803 1666 1826 Lv;
1686 1796 1730 1820 Ad
1748 1797 1823 1826 Heb.‚
1844 1805 1898 1829 cap.
1917 1804 1944 1827 11,
1963 1798 2020 1823 lect.
2040 1805 2074 1823 iv.

387 1904 393 1916 ι
420 1924 424 1931 .
511 1897 534 1920 D
564 1895 699 1920 PmMUM
727 1894 779 1919 s1c
808 1894 1043 1919 PROCEDITUR.
1068 1881 1230 1919 Videtur
1257 1883 1364 1931 quod

513 1937 688 1972 humana
702 1943 839 1972 natura
854 1947 934 1972 non
953 1934 1064 1971 fuerit
1083 1934 1202 1982 magis
1217 1947 1365 1971 assum-

337 1989 439 2038 (fo
482 1987 694 2038 ptibilis-a
712 1987 809 2024 Filio
838 1987 910 2024 Dei
934 2000 1055 2036 quam
1083 1987 1275 2037 quaelibet
1294 1987 1365 2024 alia

306 2057 310 2062 ·
355 2019 453 2078 ἐξ)
513 2049 659 2078 natura.
690 2040 789 2077 Dicit
816 2040 919 2077 enim
947 2040 1194 2088 Augustinus,
1216 2040 1255 2077 in
1275 2041 1365 2089 Epi-

302 2095 398 2131 stola
425 2094 475 2131 ad
498 2095 738 2132 Volusianum
757 2093 796 2130 *z
826 2095 873 2130 In
901 2095 1008 2130 rebus
1026 2094 1243 2130 mirabiliter
1250 2095 1366 2142 sactis

301 2153 376 2184 tota
405 2148 498 2184 ratio
507 2148 608 2195 sacti
633 2152 684 2183 est
705 2148 869 2196 potentia
881 2147 1069 2194 facientis.
1101 2146 1177 2183 Sed
1196 2146 1364 2195 potentia

302 2199 375 2237 Dei
402 2199 569 2236 facientis
597 2198 918 2245 incarnationem,
945 2211 1045 2248 quae
1074 2206 1129 2235 est
1157 2211 1256 2248 opus
1284 2212 1364 2236 ma-

302 2252 404 2289 xime
431 2252 616 2299 mirabile,
636 2264 717 2289 non
745 2251 926 2289 limitatur
944 2252 993 2288 ad
1022 2264 1142 2288 unam
1167 2260 1362 2289 naturam:

302 2317 394 2342 cum
420 2305 590 2354 potentia
618 2305 690 2341 Dei
719 2304 764 2341 sit
798 2304 956 2341 infinita.
993 2305 1095 2352 Ergo
1130 2312 1266 2342 natura
1293 2306 1364 2341 hu-

302 2370 418 2395 mana
444 2370 525 2394 non
553 2365 608 2394 est
635 2357 756 2405 magis
783 2357 1062 2406 assumptibilis·
1082 2370 1104 2394 a
1131 2358 1216 2394 Deo
1245 2370 1364 2407 quam

302 2410 429 2459 aliqua
456 2410 528 2447 alia
556 2418 739 2447 creatura.

357 2475 391 2499 2.
421 2464 661 2510 PRAETEREA,
690 2462 898 2500 similitudo
934 2470 989 2499 est
1017 2462 1111 2499 ratio
1147 2462 1287 2500 faciens
1315 2464 1364 2500 ad

302 2515 579 2563 congruitatem
607 2515 876 2552 incarnationis
905 2515 1058 2552 divinae
1086 2528 1293 2564 personae,
1323 2524 1365 2553 ut

303 2580 420 2617 supra
436 2567 457 2589 *
484 2567 630 2605 dictum
649 2573 714 2605 est.
746 2569 822 2605 Sed
850 2568 946 2605 sicut
973 2568 1012 2604 in
1032 2576 1168 2605 natura
1191 2569 1364 2606 rationali

302 2620 496 2657 invenitur
523 2620 730 2658 similitudo
759 2621 944 2669 imaginis,
965 2621 1015 2657 ita
1044 2621 1082 2657 in
1111 2628 1253 2658 natura
1274 2621 1363 2658 irra-

302 2673 434 2710 tionali
468 2673 661 2712 invenitur
694 2673 901 2711 similitudo
929 2674 1086 2722 vestigii.
1124 2675 1225 2722 Ergo
1261 2686 1363 2711 crea-

302 2734 387 2763 tura
414 2726 638 2763 irrationalis
666 2726 935 2776 assumptibilis
963 2726 1042 2774 fuit,
1068 2726 1163 2763 sicut
1190 2728 1363 2764 humana

302 2787 450 2816 natura.

358 2832 391 2868 3.
426 2833 663 2878 PRAETEREA,
702 2831 741 2868 in
782 2839 917 2868 natura
958 2832 1126 2880 angelica
1171 2832 1364 2869 invenitur

302 2884 516 2934 expressior
550 2884 622 2921 Dei
657 2883 864 2920 similitudo
902 2896 1021 2933 quam
1054 2884 1093 2920 in
1128 2893 1263 2922 natura
1291 2886 1362 2922 hu-

302 2949 438 2974 mana:
469 2937 564 2974 sicut
584 2936 790 2984 Gregorius
812 2935 911 2982 dicit,
932 2936 971 2973 in
998 2937 1168 2974 Homilia
1195 2938 1240 2974 de
1271 2939 1362 2974 Cen-

301 2995 379 3027 tum
410 2991 546 3028 Ovihus
563 2989 594 3036 ³⁸,
625 2989 871 3026 introducens
899 2988 991 3026 illud
1019 2990 1158 3026 Ezech.
1185 2990 1360 3033 xxvi11*‘³‘‚

305 3045 362 3080 Tu
389 3043 625 3092 signaculum
658 3041 913 3078 similitudinis.
950 3041 1145 3078 Invenitur
1179 3042 1294 3079 etiam
1323 3042 1362 3079 in

303 3096 437 3143 angelo
463 3102 676 3144 peccatum,
698 3094 794 3130 sicut
813 3093 852 3130 in
879 3093 1056 3130 homine:
1087 3095 1300 3131 secundum
1321 3095 1361 3131 il-

302 3149 369 3185 lud
397 3150 465 3185 Iob
492 3160 527 3185 1v
545 3148 584 3184 *z
613 3150 660 3184 In
689 3147 832 3196 angelis
858 3147 932 3183 suis
965 3148 1099 3195 reperit
1125 3149 1359 3196 pravitatem.

302 3201 404 3248 Ergo
433 3207 569 3237 natura
596 3199 765 3248 angelica
797 3198 865 3235 fuit
892 3198 942 3235 ita
970 3198 1239 3247 assumptibilis
1267 3199 1362 3236 sicut

302 3260 439 3290 natura
466 3253 644 3290 hominis.

355 3318 391 3353 4.
421 3307 652 3352 PRAETEREA,
673 3317 764 3342 cum
783 3306 867 3342 Deo
887 3311 1078 3353 competat
1106 3316 1259 3340 summa
1277 3316 1361 3352 per-

302 3358 424 3406 fectio,
444 3366 549 3395 tanto
568 3358 688 3407 magis
708 3366 763 3395 est
790 3359 874 3394 Deo
895 3356 1038 3406 aliquid
1061 3356 1193 3403 simile,
1214 3354 1360 3405 quanto

356 3477 384 3512 α)
402 3480 522 3505 ordinem
541 3481 699 3510 naturalem,
714 3487 790 3513 quem
809 3479 982 3505 transcendit.
993 3493 1011 3498 —
1026 3479 1045 3503 F
1059 3485 1084 3504 et
1096 3479 1169 3504 tertia
1187 3485 1287 3511 praeter
1301 3480 1357 3512 pG;

303 3516 429 3540 naturam
447 3515 522 3541 cuius
540 3519 580 3541 est
597 3516 627 3547 E,
646 3524 699 3541 om.
718 3516 803 3540 ceteri.

1420 1891 1475 1919 est
1502 1883 1622 1931 magis
1651 1884 1872 1932 perfectum.
1909 1885 1985 1922 Sed
2013 1893 2138 1922 totum
2173 1886 2399 1924 universum
2428 1896 2483 1925 est

1420 1935 1540 1984 magis
1568 1937 1779 1984 perfectum
1814 1950 1932 1986 quam
1967 1946 2092 1986 partes
2121 1938 2222 1976 eius:
2261 1939 2358 1976 inter
2385 1953 2481 1989 quas

1420 1996 1475 2025 est
1502 1990 1676 2026 humana
1703 1997 1850 2026 natura.
1890 1991 1991 2038 Ergo
2020 1999 2144 2028 totum
2172 1992 2398 2029 universum
2427 2002 2483 2030 est

1420 2041 1539 2089 magis
1568 2042 1829 2091 assumptibile
1858 2055 1977 2091 quam
2005 2044 2178 2081 humana
2206 2053 2351 2082 natura.

1473 2095 1547 2132 SED
1577 2107 1720 2131 CONTRA
1748 2107 1813 2132 EST
1841 2097 1947 2144 quod
1976 2096 2113 2133 dicitur
2139 2099 2250 2135 Prov.
2280 2111 2337 2135 Vl11
2364 2098 2404 2146 ³²,
2435 2111 2481 2136 ex

1419 2159 1486 2184 ore
1515 2147 1732 2196 Sapientiae
1760 2148 1928 2196 genitae:
1968 2150 2133 2186 Deliciae
2160 2163 2265 2187 meae
2293 2163 2369 2188 esse
2396 2164 2481 2189 cum

1408 2201 1503 2248 filiis
1527 2202 1730 2238 hominum.
1759 2202 1807 2237 Et
1833 2200 1882 2238 ita
1901 2201 2053 2238 videtur
2076 2214 2157 2239 esse
2177 2204 2371 2252 quaedam
2390 2216 2480 2241 con-

1418 2253 1591 2301 gruentia
1610 2253 1764 2290 unionis
1783 2253 1866 2290 Filii
1894 2254 1966 2290 Dei
1986 2255 2033 2291 ad
2056 2255 2271 2292 humanam
2290 2262 2478 2294 naturam.

1436 2308 1440 2313 ’
1471 2307 1695 2343 RESPONDEO
1715 2319 1895 2343 DICENDUM
1924 2307 2030 2355 quod
2050 2307 2192 2357 aliquid
2219 2309 2480 2357 assumptibile

1418 2358 1556 2395 dicitur
1592 2359 1702 2408 quasi
1739 2366 1872 2408 aptum
1909 2360 2053 2396 assumi
2081 2373 2103 2397 a
2135 2360 2264 2397 divina
2302 2373 2477 2410 persona.

2508 2105 2519 2114 ⁴
2535 2103 2600 2125 Vers.
2615 2110 2649 2132 3¹.

1419 2412 1531 2458 Quae
1560 2412 1719 2460 quidem
1738 2411 1910 2461 aptitudo
1930 2424 2010 2448 non
2028 2420 2152 2461 potest
2173 2413 2325 2461 intelligi
2345 2426 2479 2450 secun·
2530 2427 2532 2429 ·

1418 2465 1514 2501 dum
1542 2465 1753 2513 potentiam
1781 2464 1973 2513 passivam
2008 2467 2240 2512 naturalem,
2270 2479 2370 2515 quae
2398 2479 2479 2503 non

1418 2529 1458 2553 se
1487 2518 1654 2554 extendit
1681 2517 1730 2554 ad
1758 2517 1796 2554 id
1825 2518 1931 2566 quod
1950 2518 2180 2555 transcendit
2208 2518 2383 2555 ordinem
2412 2531 2478 2556 na-

1417 2571 1591 2616 turalem,
1613 2582 1731 2619 quem
1751 2570 1980 2607 transcendit
2000 2577 2016 2592 ‘²
2035 2571 2128 2607 unio
2148 2571 2357 2620 personalis
2376 2584 2478 2608 crea-

1417 2630 1524 2659 turae
1553 2623 1602 2659 ad
1630 2624 1770 2659 Deum.
1801 2623 1912 2660 Unde
1945 2623 2170 2672 relinquitur
2197 2625 2302 2672 quod
2331 2637 2477 2660 assum-

1417 2675 1545 2724 ptibile
1583 2675 1726 2724 aliquid
1763 2675 1910 2712 dicatur
1937 2677 2152 2712 secundum
2189 2676 2478 2724 congruentiam

1417 2728 1466 2764 ad
1486 2728 1674 2764 unionem
1693 2728 1938 2776 praedictam.
1960 2729 2071 2775 Quae
2087 2728 2245 2777 quidem
2264 2741 2477 2776 congruen-

1416 2780 1467 2817 tia
1494 2780 1700 2817 attenditur
1718 2781 1934 2817 secundum
1962 2781 2041 2817 duo
2061 2781 2099 2817 in
2128 2782 2299 2818 humana
2318 2789 2474 2818 natura:

1417 2833 1555 2869 scilicet
1590 2833 1804 2869 secundum
1838 2833 1918 2869 eius
1946 2833 2183 2880 dignitatem3
2214 2841 2250 2869 et
2277 2834 2476 2871 necessita-

1415 2894 1505 2922 tem.
1532 2886 1757 2922 Secundum
1772 2885 1990 2932 dignitatem
2006 2885 2175 2934 quidem,
2192 2885 2282 2934 quia
2304 2887 2477 2923 humana

1416 2946 1562 2984 natura,
1583 2938 1813 2987 inquantum
1841 2945 1896 2974 est
1923 2937 2113 2974 rationalis
2142 2946 2178 2974 et
2205 2938 2474 2987 intellectualis,

1415 2998 1503 3027 nata
1531 2998 1586 3026 est
1613 2989 1830 3037 contingere
1858 2989 1872 3019 β
1899 2989 2110 3038 aliqualiter
2145 2990 2273 3039 ipsum
2301 2991 2476 3028 Verbum

1415 3055 1484 3092 per
1512 3055 1622 3079 suam
1659 3042 1943 3090 operationem,
1973 3044 2241 3090 cognoscendo
2275 3043 2412 3080 scilicet
2440 3052 2476 3081 et

1415 3095 1582 3132 amando
1611 3094 1750 3143 ipsum.
1782 3095 2006 3131 Secundum
2034 3095 2297 3132 necessitatem
2332 3104 2473 3144 autem,

1416 3147 1505 3196 quia
1533 3147 1723 3194 indigebat
1742 3147 1992 3196 reparatione,
2013 3160 2103 3184 cum
2129 3148 2339 3185 subiaceret
2365 3149 2474 3197 origi-

1416 3199 1491 3236 nali
1518 3207 1686 3248 peccato.
1717 3200 1823 3236 Haec
1850 3208 1980 3236 autem
1999 3201 2079 3237 duo
2106 3201 2175 3238 soli
2194 3202 2387 3238 humanae
2407 3214 2474 3238 na-

1415 3260 1521 3288 turae
1550 3251 1801 3288 conveniunt:
1837 3265 1928 3289 nam
1956 3261 2149 3290 creaturae
2178 3253 2381 3290 irrationali
2409 3255 2473 3291 de-

1415 3312 1470 3340 est
1489 3304 1703 3352 congruitas
1722 3304 1927 3353 dignitatis;
1956 3314 2113 3343 naturae
2133 3314 2262 3343 autem
2281 3306 2472 3354 angelicae

1416 3357 1520 3393 deest
1539 3357 1754 3405 congruitas
1774 3358 1987 3407 praedictae
2016 3358 2255 3396 necessitatis.
2285 3360 2396 3396 Unde
2416 3371 2473 3396 re-

1467 3479 1492 3513 β)
1510 3479 1673 3513 contingere.
1685 3494 1705 3499 -
1721 3481 1855 3514 attingere
1874 3480 1950 3506 CEG.
