2872 3970
160 483 170 493 '
184 482 211 504 D.
229 481 294 503 ¹066.

160 544 171 554 ⁸
185 542 251 564 vers.
268 549 303 564 ιο.

406 292 477 328 116

398 369 694 417 prophetarum,
725 367 791 417 qui
819 380 888 418 per
916 368 1114 405 somnium
1143 376 1179 404 et
1207 368 1246 405 in
1273 368 1421 405 visione
1449 368 1461 395 ζ

1101 290 1363 337 QUAESTIO
1391 291 1475 334 Vn,
1510 291 1802 330 ARTICULUS
1828 293 1881 331 IX

1517 381 1616 418 quae
1651 381 1731 407 non
1764 369 1944 407 videntur
1971 370 2019 407 ab
2056 370 2140 419 ipso
2173 370 2361 408 credente.
2399 370 2577 409 Similiter

398 428 651 470 perceperunt
686 420 834 468 divina,
864 421 912 458 ad
947 421 1134 470 Moysen,
1164 420 1231 470 qui
1264 421 1393 470 palam
1426 428 1462 458 et
1516 433 1603 471 spes
1622 429 1678 460 est
1704 432 1843 459 eorum
1862 434 1961 472 quae
1978 434 2070 459 ¹non
2098 422 2289 459 habentur
2309 423 2361 460 v'ab
2376 420 2575 478 ¹ipscpfs'pe-

398 485 477 510 non
510 485 579 522 per
612 473 827 522 aenigmata
855 474 985 510 Deum
1018 472 1114 510 vidit
1131 473 1169 516 *;
1199 473 1266 522 qui
1294 480 1422 510 tamen
1443 478 1461 500 η

398 526 585 575 propheta
613 533 668 562 est
695 525 831 573 dictus,
851 525 1068 563 secundum
1095 525 1188 563 illud
1211 525 1319 562 Deut.
1341 527 1407 563 ult.
1422 524 1459 563 *ε

398 579 487 616 Non
506 581 667 616 surrexit
687 579 782 616 ultra
791 580 974 628 propheta
989 579 1026 614 in
1046 578 1167 615 Israel
1183 579 1275 615 sicut
1291 580 1460 627 Moyses.

451 631 579 668 Potest
605 639 734 668 tamen
772 631 846 668 dici
874 631 1001 680 quod,
1029 630 1098 667 etsi
1127 630 1302 667 Christus
1330 630 1463 668 habuit

398 684 553 732 plenam
572 691 608 720 et
636 691 806 733 apertam
835 682 1009 720 notitiam
1031 690 1222 732 quantum
1245 683 1295 720 ad
1313 690 1462 732 partem

399 735 678 783 intellectivam,
699 735 834 773 habuit
859 743 990 773 tamen
1016 734 1055 772 in
1082 743 1189 785 parte
1218 734 1463 784 imaginativa

399 789 588 838 quasdam
615 787 899 835 similitudines,
927 788 967 825 in
996 787 1136 838 quibus
1172 787 1286 826 etiam
1314 795 1463 837 poterat

399 841 586 890 speculari
622 840 770 888 divina,
815 841 1046 890 inquantum
1087 853 1168 877 non
1211 842 1340 878 solum
1383 848 1463 878 erat

398 895 711 942 comprehensor,
732 894 799 930 sed
827 893 943 931 etiam
970 893 1104 930 viator.

450 948 507 983 An
542 958 730 984 SECUNDUM
758 958 938 984 memnon
973 946 1079 996 quod
1109 945 1206 982 fides
1241 953 1296 982 est
1324 958 1461 983 eorum

449 1076 475 1110 ζ)
493 1077 539 1102 sed
558 1076 733 1102 ostenditur...
747 1075 856 1101 visione.
868 1089 888 1094 —-
899 1075 987 1101 Tertia
1006 1081 1106 1108 praeter
1119 1075 1175 1109 pG;
1194 1076 1242 1102 sed
1255 1077 1370 1108 ponitur
1384 1076 1459 1110 diffe-

1516 482 1633 511 rante.
1663 474 1740 518 Sed
1768 474 1969 525 prophetia
1996 482 2052 512 est
2079 484 2217 512 eorum
2244 485 2350 524 quae.
2372 481 2467 526 sunt¹
2484 480 2576 535 pro—
2615 514 2618 516 ,

1516 526 1578 564 cul
1614 539 1637 564 a
1673 526 1874 564 communi
1909 526 2116 567 hominum
2144 539 2280 575 sensu,
2309 539 2400 566 cum
2434 528 2575 577 quibus

1515 579 1704 628 propheta
1739 587 1989 618 conversatur
2024 587 2061 616 et
2103 579 2365 618 communicat
2401 579 2457 617 inr
2475 587 2575 619 statu
2624 608 2628 612 -
2664 601 2666 603 ·

1515 630 1611 668 viae.
1643 632 1690 668 Et
1718 631 1804 668 ideo
1824 631 1921 668 fides
1949 639 1984 668 et
2012 644 2098 683 spes
2120 640 2332 681 repugnant
2354 632 2575 681 perfectioni

1515 683 1757 721 beatitudinis
1786 683 1942 722 Christi:
1971 692 2051 722 non
2079 691 2209 721 autem
2237 684 2448 735 prophetia.
2476 701 2478 705 r
2514 686 2516 689 ’

1568 737 1625 773 An
1652 735 1810 774 ’reanum
1846 747 2026 774 monimum
2064 737 2171 786 quod
2203 734 2360 787 angelus
2373 766 2382 784 ,
2411 748 2502 774 curn
2530 735 2575 774 sit

1515 789 1830 838 comprehensor,
1851 797 1906 826 est
1933 801 2049 839 supra
2068 790 2300 839 prophetam
2327 789 2395 839 qui
2422 797 2478 827 est
2503 801 2574 839 pu·

1516 853 1581 878 rus
1608 841 1750 879 viator:
1781 853 1861 879 non
1888 849 2015 881 autem
2045 854 2161 891 supra
2190 842 2410 890 Christum,
2433 841 2500 891 qui
2526 841 2574 880 si-

1516 895 1599 930 mul
1625 893 1693 931 fuit
1721 893 1845 931 viator
1871 902 1908 931 et
1935 895 2247 944 comprehensor.

1514 1076 1614 1102 visione
1632 1077 1806 1109 (percipiunt)
1816 1077 1852 1107 F,
1865 1085 1918 1103 om.
1931 1077 2015 1110 prima
2026 1081 2054 1102 et
2065 1077 2124 1111 μῦς
2142 1083 2190 1110 pro
2203 1077 2371 1109 comparatio
2388 1076 2489 1102 videtur
2501 1076 2575 1111 daffe-

397 1113 484 1137 rentia
502 1112 653 1144 aliquorum
672 1111 717 1144 qui
731 1117 783 1143 per
798 1111 930 1136 somnium
944 1114 971 1137 et
984 1110 1010 1136 in
1024 1111 1125 1136 visione
1139 1112 1167 1141 Ε,
1180 1112 1227 1137 sed
1244 1111 1395 1136 ostenditur
1410 1119 1460 1144 per
1514 1112 1603 1138 remia
1621 1112 1768 1145 legendum.

397 1148 622 1180 comparationem
646 1147 683 1172 ad
705 1146 819 1171 aliorum
842 1146 1037 1178 prophetarum
1062 1154 1130 1179 quae
1150 1154 1203 1179 per
1227 1147 1358 1172 somnium
1382 1150 1408 1172 et
1432 1147 1458 1172 in

1567 1146 1594 1181 η)
1613 1150 1711 1172 tamen.
1729 1162 1748 1166 -
1766 1147 1827 1173 Om.
1847 1147 1928 1174 tertia.

1072 1236 1406 1269 commentaria
1428 1236 1680 1269 cardinalis
1702 1237 1902 1270 Caietam

459 1335 564 1356 iromus
588 1326 691 1355 octavi
715 1325 837 1355 articuli
859 1325 1045 1366 intelligitur
1068 1331 1103 1356 ut
1126 1331 1227 1356 sonat.

400 1338 454 1399 T
513 1370 548 1400 In
583 1378 716 1409 corpore
749 1369 871 1399 articuli
898 1379 961 1399 una
992 1375 1038 1400 est
1068 1370 1251 1406 conclusio,
1275 1370 1459 1410 responsiva

398 1415 542 1454 quaesito
570 1413 770 1448 affirmative,
800 1413 934 1443 scilicet:
966 1413 1003 1443 In
1031 1413 1158 1444 Christo
1180 1413 1254 1455 fuit
1276 1413 1458 1454 prophetia.

397 1459 559 1488 Probatur.
585 1458 727 1487 Christus
752 1456 810 1487 fuit
833 1466 900 1486 non
916 1457 1021 1486 solum
1041 1458 1300 1497 comprehensor,
1324 1457 1379 1487 sed
1395 1458 1459 1487 via—

397 1508 456 1532 tor.
492 1502 532 1531 Et
561 1501 774 1540 cognoscebat
804 1510 840 1530 ac
864 1500 988 1530 dicebat
1019 1509 1101 1539 quae
1124 1501 1237 1540 procul
1261 1501 1299 1530 ab
1323 1501 1459 1531 aliorum

398 1551 485 1576 erant
507 1545 628 1575 notitia.
654 1545 738 1584 Ergo
763 1544 822 1573 fuit
845 1544 1010 1583 propheta.

452 1589 692 1628 Consequentia
715 1588 876 1627 probatur.
905 1587 989 1625 Quia
1005 1587 1044 1618 ad
1067 1588 1270 1628 prophetiam
1290 1587 1460 1627 requiritur

397 1632 486 1673 quod
498 1633 625 1672 cognita
637 1633 698 1662 sint
714 1631 827 1671 procul
843 1632 882 1661 ab
906 1632 973 1662 aliis
989 1641 1065 1663 cum
1081 1632 1198 1672 quibus
1214 1640 1412 1671 cognoscens
1428 1636 1459 1665 et

397 1677 586 1707 annuntians
603 1681 658 1706 est.
686 1674 785 1714 Quod
801 1676 952 1716 probatur
969 1685 1005 1705 cx
1027 1675 1202 1706 differentia
1217 1674 1395 1706 secundum
1410 1674 1458 1705 lo-

397 1730 471 1751 cum
491 1726 522 1751 et
537 1719 715 1751 secundum
735 1725 877 1759 tempus:
913 1725 943 1749 et
967 1725 1200 1760 consequenter
1223 1729 1261 1750 ex
1284 1718 1459 1749 differentia

396 1766 477 1795 inter
499 1774 579 1804 pure
603 1764 887 1803 comprehensores
911 1769 942 1793 et
964 1763 1110 1794 viatores.

451 1809 488 1839 11.
514 1809 575 1839 Ubi
598 1813 675 1838 nota
698 1807 813 1847 primo,
837 1817 876 1838 ex
899 1807 996 1837 Libro
1020 1806 1232 1847 praecedenti,
1257 1815 1311 1847 qu.
1329 1816 1457 1842 cnxxm,

397 1858 452 1882 art.
473 1860 499 1888 1,
525 1858 556 1882 et
579 1862 617 1882 ex
641 1861 695 1891 qu.
713 1861 833 1887 CLXXIV,
858 1857 913 1881 art.
932 1851 968 1887 5,
994 1850 1083 1890 quod
1108 1851 1249 1890 cognitio
1271 1850 1459 1891 prophetica

397 1895 564 1936 dupliciter
586 1896 715 1926 sortitur
738 1904 805 1926 esse
829 1895 958 1935 procul:
991 1895 1126 1931 scilicet,
1150 1895 1201 1925 vel
1232 1904 1269 1925 ex
1292 1899 1380 1935 parte
1404 1903 1458 1924 co-

396 1941 563 1980 gnitionis;
595 1946 626 1970 et
654 1948 752 1979 penes
782 1939 844 1969 hoc
875 1938 1077 1979 distinguitur
1108 1938 1249 1978 cognitio
1273 1937 1459 1978 prophetica

397 1984 610 2014 communiter
626 1982 708 2013 dicta
724 1992 741 2012 a
756 1982 879 2013 visione
895 1982 956 2013 Dei
970 1991 1028 2023 per
1043 1983 1222 2013 essentiam.
1242 1981 1301 2012 Vel
1318 1991 1355 2012 ex
1370 1987 1458 2022 parte

397 2028 628 2068 cognoscentis.
661 2027 701 2057 Et
723 2035 822 2066 penes
849 2027 912 2056 hoc
935 2026 1138 2066 distinguitur
1159 2025 1328 2066 prophetia
1354 2025 1460 2066 Moysi

397 2078 428 2102 et
443 2072 561 2103 Christi
579 2081 597 2102 a
613 2071 797 2111 cognitione
813 2071 996 2101 beatorum:
1021 2071 1176 2110 quoniam
1198 2070 1281 2100 beati
1303 2079 1371 2100 non
1386 2074 1460 2100 sunt

397 2116 519 2155 procul,
544 2116 619 2155 quia
642 2115 927 2155 comprehensores
950 2119 1091 2151 tantum
1116 2114 1245 2154 Moyses
1267 2119 1376 2144 autem
1399 2112 1460 2144 fuit

397 2160 581 2200 simpliciter
603 2160 721 2194 viator;
754 2158 898 2190 Christus
920 2167 996 2189 vero
1021 2159 1272 2198 comprehensor
1295 2163 1326 2188 et
1347 2157 1458 2188 viator.

397 2204 438 2234 Et
459 2209 628 2244 propterea
650 2203 773 2233 Auctor
801 2202 865 2232 hoc
888 2203 921 2233 in
944 2202 1018 2232 loco
1049 2202 1252 2243 prophetiam
1274 2202 1308 2232 in
1331 2200 1459 2232 Christo

397 2248 563 2287 investigat
586 2252 617 2277 et
639 2245 802 2277 concludit
826 2256 863 2276 ex
882 2251 970 2286 parte
987 2246 1219 2286 cognoscentis,
1244 2245 1319 2286 quia
1341 2245 1460 2276 scilicet

398 2291 542 2322 Christus
566 2295 631 2321 erat
653 2291 764 2320 viator.

451 2335 503 2366 ΙΙΙ.
527 2335 612 2365 Nota
636 2333 789 2370 secundo,
814 2333 960 2369 Novitie‚
985 2333 1074 2374 quod
1097 2333 1244 2374 probatio
1268 2333 1389 2363 litterae
1411 2342 1460 2363 se-

397 2378 540 2410 cundum
563 2379 673 2409 locum
703 2383 734 2409 et
756 2383 900 2417 tempus,
930 2378 1121 2417 repetitione
1151 2377 1295 2409 eiusdem
1323 2377 1404 2413 loci,
1429 2381 1460 2407 et

397 2423 539 2453 similiter
561 2422 725 2462 temporis,
748 2427 895 2462 respectu
919 2421 1051 2453 dicentis
1074 2427 1105 2452 et
1129 2421 1275 2456 aliorum,
1299 2426 1380 2460 eget.
1415 2421 1460 2451 lta

397 2466 486 2506 quod
509 2467 542 2496 in
566 2466 713 2506 exemplo
738 2465 776 2496 de
799 2465 874 2496 loco
898 2465 937 2496 ad
959 2471 1083 2506 partem
1105 2465 1301 2506 negativam,
1329 2465 1458 2502 scilicet,

396 2510 432 2540 Si
455 2519 531 2541 vero
555 2510 672 2550 aliquis
696 2510 728 2540 in
747 2509 848 2550 &fria
871 2509 1011 2541 existens
1034 2518 1072 2540 ea
1088 2518 1170 2550 quae
1183 2513 1261 2539 sunt
1275 2508 1318 2539 ibi
1332 2518 1460 2539 annun-

397 2555 501 2590 tiaret,
525 2572 549 2578 -
571 2553 715 2590 subaudi,
739 2553 946 2584 existentibus
969 2553 1001 2583 in
1023 2553 1142 2588 Gallia,
1166 2562 1241 2583 curn
1260 2552 1377 2592 quibus
1393 2561 1460 2582 non

397 2604 459 2634 est,
491 2609 509 2629 a
538 2598 654 2638 quibus
684 2603 791 2628 tamen
821 2597 935 2637 procul
966 2602 1040 2627 sunt
1061 2602 1148 2637 gesta
1174 2597 1207 2626 in
1226 2596 1324 2637 Syria,
1348 2614 1371 2619 —-
1394 2606 1458 2627 non

397 2647 479 2674 esset
501 2642 734 2683 propheticum.
768 2641 940 2680 Alioquin,
971 2641 1142 2672 scribentes
1165 2640 1282 2671 litteras
1309 2650 1347 2671 ex
1370 2640 1459 2681 Syria

397 2686 437 2717 de
459 2687 554 2726 gestis
577 2687 630 2722 ibi.
655 2690 759 2716 essent
781 2685 966 2725 prophetae.
990 2685 1032 2716 Et
1049 2685 1191 2715 similiter
1206 2685 1239 2715 in
1255 2684 1403 2724 exemplo
1419 2684 1459 2716 de

397 2736 553 2770 tempore,
570 2730 645 2760 Non
660 2729 735 2771 fuit
750 2729 974 2769 propheticum
1001 2728 1087 2769 quod
1108 2728 1232 2759 Esdras
1254 2728 1383 2768 scripsit
1397 2738 1459 2770 po-

397 2774 500 2809 steris,
525 2783 599 2805 cum
623 2773 739 2814 quibus
762 2782 829 2803 non
852 2773 921 2808 fuit,
947 2778 978 2803 et
1000 2783 1018 2802 a
1036 2773 1153 2812 quibus
1175 2772 1289 2814 procul
1313 2772 1382 2808 fuit,
1407 2782 1459 2803 ae-

1513 1325 1727 1367 dificationem
1751 1326 1868 1367 templi.
1891 1326 2056 1366 Alioquin,
2077 1335 2190 1356 omnes
2210 1325 2351 1356 historici
2374 1330 2478 1356 essent
2499 1334 2576 1365 pro-

1512 1370 1637 1410 phetae.
1661 1371 1804 1411 Exigitur
1827 1380 1903 1411 ergo
1927 1370 1966 1400 ad
1988 1370 2178 1410 prophetam
2201 1370 2366 1409 utriusque
2385 1369 2480 1400 simul
2496 1378 2574 1400 con-

1513 1423 1624 1444 cursus
1647 1413 1856 1445 conditionis:
1881 1413 2009 1450 scilicet,
2034 1413 2123 1453 quod
2146 1418 2318 1453 cognoscat
2342 1422 2379 1444 ea
2401 1422 2484 1453 quae
2500 1418 2574 1444 sunt

1512 1458 1625 1498 procul
1649 1458 1687 1488 ab
1711 1458 1788 1494 aliis,
1813 1467 1888 1488 cum
1911 1458 2027 1498 quibus
2050 1458 2118 1497 ipse
2142 1462 2198 1487 est.
2231 1457 2271 1487 Et
2293 1455 2368 1487 ideo
2391 1466 2451 1487 nec
2474 1457 2572 1492 Deus,

1512 1510 1572 1531 nec
1595 1502 1693 1532 sancti
1717 1507 1771 1532 aut
1794 1501 1896 1541 angeli
1919 1507 1993 1532 sunt
2016 1501 2208 1542 prophetae:
2232 1499 2288 1530 sed
2310 1500 2455 1530 viatores.

1569 1545 1620 1575 1v.
1644 1545 1729 1575 Nota
1751 1546 1855 1581 tertio,
1879 1544 1970 1584 quod
1984 1544 2104 1584 duplici
2119 1545 2242 1574 ratione
2258 1543 2413 1580 Christus,
2437 1544 2574 1584 inquan-

1512 1593 1582 1619 tum
1600 1589 1711 1624 viator‚
1735 1593 1842 1628 potest
1853 1588 1922 1627 *dici
1939 1589 2106 1628 propheta.
2130 1588 2248 1623 Primo,
2271 1593 2308 1618 ut
2330 1587 2363 1628 ly
2385 1587 2574 1628 inquantum

1513 1632 1620 1662 viator
1642 1631 1773 1663 denotet
1796 1631 2015 1663 conditionem
2037 1637 2102 1663 tam
2125 1631 2316 1672 cognitionis
2340 1638 2438 1671 quam
2453 1636 2574 1672 cogno-

1513 1676 1643 1707 scentis:
1675 1677 1750 1716 quia
1773 1674 1892 1706 scilicet
1920 1675 2089 1717 prophetia
2116 1675 2266 1705 convenit
2293 1674 2422 1706 Christo
2451 1674 2574 1707 tatione

1513 1719 1705 1759 cognitionis
1728 1720 1898 1760 spectantis
1921 1718 1961 1749 ad
1983 1719 2077 1755 viam,
2101 1718 2166 1749 sive
2189 1717 2353 1749 intellectu
2375 1718 2440 1749 sive
2461 1718 2575 1761 imagi,-

1512 1764 1626 1798 nativa,
1650 1769 1686 1793 ut
1709 1762 1823 1794 dicitur
1844 1763 1896 1793 hic
1917 1763 1951 1793 in
1967 1762 2176 1803 responsione
2192 1761 2331 1792 secunda
2354 1761 2395 1792 ad
2416 1761 2574 1806 primaint

1513 1813 1544 1837 et
1566 1807 1716 1838 convenit
1738 1807 1797 1837 sibi
1820 1807 1942 1838 ratione
1958 1805 2150 1837 conditionis
2166 1805 2399 1846 cognoscentis,
2419 1805 2576 1846 quiverat

1511 1852 1622 1881 viator.
2526 1851 2553 1882 ι’Ἠ

1567 1894 1734 1930 Secundo,
1765 1899 1801 1925 ut
1830 1894 1863 1936 ly
1895 1894 2083 1935 inquantum
2117 1893 2224 1924 viator
2254 1893 2385 1924 denotet
2416 1893 2574 1935 00¹3&ssst

1511 1948 1587 1969 nem
1620 1938 1841 1978 cognoscentis
1870 1943 2011 1968 tanturn:
2042 1938 2086 1968 ita
2112 1936 2201 1977 quod
2228 1936 2389 1973 Christus,
2420 1946 2574 1979 quacum-

1513 1991 1576 2022 que
1599 1987 1702 2012 creata
1725 1981 1908 2022 cognitione
1930 1981 2054 2012 noverit
2077 1980 2203 2011 occulta
2226 1981 2302 2023 aliis,
2329 1980 2486 2022 propheta
2509 1978 2574 2024 est}

1513 2026 1588 2066 quia
1618 2025 1759 2066 cognitio
1789 2024 1843 2056 illa
1863 2025 1991 2055 viatoris
2020 2029 2082 2061 est,
2112 2024 2256 2064 quamvis
2285 2033 2352 2055 non
2381 2025 2574 2066 inquantum

1511 2070 1617 2110 viatorv
1635 2075 1683 2100 est
1697 2069 1757 2099 sibi
1772 2069 1951 2099 conveniat.
1974 2087 1997 2092 -
2018 2069 2087 2099 Nec
2110 2073 2279 2108 propterea
2301 2069 2454 2109 sequitur,
2480 2068 2574 2100 Clari·

1511 2119 1579 2144 stus
1613 2113 1740 2143 ratione
1774 2113 1970 2154 cognitionis
2004 2112 2283 2153 comprehensivas
2317 2117 2365 2144 est
2394 2112 2573 2153 propheta,

1511 2157 1604 2199 Ergo
1636 2157 1825 2198 inquantum
1857 2156 2104 2197 comprehensor
2134 2161 2182 2187 est
2206 2156 2387 2197 propheta:
2419 2157 2574 2196 quoniam

1511 2201 1633 2232 ratione
1658 2201 1849 2242 cognitionis
1873 2200 2172 2241 comprehensivae‚
2200 2209 2268 2233 non
2289 2200 2323 2230 in
2346 2209 2572 2252 quocumque,

1512 2244 1568 2276 sed
1590 2246 1624 2275 in
1646 2245 1777 2280 viatore,
1794 2250 1841 2274 est
1858 2244 2015 2284 propheta
2038 2243 2192 2275 Christus.
2216 2243 2344 2274 Valeret
2358 2248 2468 2275 autern
2481 2253 2508 2274 si
2523 2244 2574 2275 ‘ra—

1511 2290 1599 2319 tione
1623 2288 1815 2328 cognitionis
1838 2288 2120 2329 comprehensivae
2147 2286 2290 2318 absolute
2321 2286 2465 2318 Christus
2490 2284 2575 2318 esset

1512 2333 1684 2373 propheta:
1706 2331 1795 2372 quod
1810 2341 1878 2362 non
1897 2331 2041 2362 dicimus.
2059 2349 2084 2354 -
2101 2331 2142 2362 Et
2156 2330 2197 2362 ad
2211 2332 2275 2362 hoc
2290 2330 2391 2362 tendit
2405 2331 2572 2371 responsio

1512 2378 1615 2417 prima
1645 2376 1684 2407 ad
1711 2377 1869 2416 primum,
1899 2385 1975 2407 cum
2003 2381 2075 2407 toto
2105 2384 2240 2415 corpore
2267 2375 2408 2407 articuli:
2432 2374 2573 2407 dumde

1512 2421 1703 2461 cognitionis
1731 2419 1915 2452 conditione
1945 2419 2034 2451 nulla
2056 2425 2103 2457 est
2125 2428 2216 2455 cura,
2246 2418 2303 2451 sed
2324 2417 2366 2451 de
2387 2414 2580 2453 conditione*

1513 2465 1745 2504 cognoscentis.

1566 2509 1604 2539 V.
1629 2508 1723 2544 Nota,
1747 2508 1885 2544 Novitie‚
1910 2513 2038 2548 quarto,
2060 2506 2152 2548 quod
2174 2515 2249 2537 cum
2273 2505 2399 2543 dicitur,
2426 2505 2573 2539 Christus

1513 2552 1702 2593 inquantum
1726 2552 1832 2582 viator
1853 2556 1901 2582 est
1916 2551 2092 2592 propheta.
2122 2551 2156 2593 ly
2177 2550 2366 2591 inquantum
2389 2558 2456 2581 non
2478 2549 2573 2580 redu-

1512 2596 1659 2636 plicative
1677 2601 1812 2632 tenetur,
1829 2595 1973 2636 alioquin
1987 2595 2094 2626 omnis
2108 2595 2211 2625 viator
2225 2598 2307 2624 esset
2321 2594 2494 2634 prophetat
2517 2593 2574 2625 ιάί

1513 2639 1734 2680 specificative,
1759 2640 1913 2680 quoniam
1928 2638 2059 2670 denotat
2073 2638 2294 2670 conditionem
2307 2638 2342 2669 in
2358 2637 2485 2669 Christo
2509 2646 2574 2678 qua

1514 2685 1645 2724 suscipit
1662 2683 1930 2724 praedicationem
1943 2683 2129 2724 prophetae.
2153 2682 2210 2713 Est
2225 2682 2311 2713 enim
2325 2682 2482 2723 propheta
2497 2682 2573 2723 quia

1514 2734 1560 2758 est
1582 2729 1693 2763 viator,
1717 2727 1798 2758 sicut
1820 2726 1965 2758 Socrates
1980 2731 2026 2757 est
2042 2726 2162 2766 crispus
2183 2727 2376 2767 inquantum
2398 2725 2571 2767 capillatus,

1514 2772 1589 2812 quia
1612 2770 1851 2811 crispitudinem
1873 2770 1968 2801 habet
1989 2779 2057 2801 non
2079 2771 2140 2801 nisi
2163 2770 2238 2811 quia
2261 2769 2435 2810 capillatus.
2542 2770 2546 2774 ”

1567 2870 1620 2879 Μ

1214 2956 1532 2999 ARTICULUS
1562 2956 1762 2998 NONUS

929 3059 1086 3092 UTRUM
1109 3058 1268 3091 FUERIT
1292 3058 1335 3089 IN
1359 3057 1548 3089 cnmsro
1573 3056 1765 3088 GRATIAE
1792 3056 2042 3089 PLENITUDO

472 3148 502 3172 111
523 3148 603 3178 Sent„
624 3148 681 3173 dist.
701 3155 754 3178 xm,
773 3155 817 3180 qu.
836 3155 853 3176 1,
873 3152 919 3173 art.
939 3154 962 3178 2,
983 3147 1031 3180 qu·
1053 3154 1081 3178 ις
1102 3147 1159 3172 dist.
1178 3155 1217 3177 xv,
1231 3154 1276 3180 qu.
1295 3154 1313 3177 ι,
1332 3151 1378 3172 art.
1398 3152 1422 3175 2.
1441 3146 1472 3171 ad
1493 3145 1523 3177 53
1546 3145 1688 3178 compend.
1712 3145 1808 3176 nicol„
1827 3153 1883 3179 cap.
1902 3152 1990 3177 ccxm,
2003 3151 2091 3176 ccxiv5
2112 3145 2142 3170 In
2162 3144 2245 3174 Ioan„
2258 3141 2319 3179 ἀιρ.
2337 3150 2355 3174 1,
2368 3143 2426 3171 leet.
2443 3150 2499 3169 vm.

519 3258 585 3298 Q<
611 3249 632 3272 n
662 3249 787 3274 NONUM
815 3248 866 3274 sm
895 3247 1129 3273 pnoernrrua.
1163 3235 1324 3272 Videtur
1354 3234 1461 3284 quod

416 3254 598 3347 (73⁵2ss
612 3301 691 3325 non
710 3289 820 3326 fuerit
848 3289 887 3326 in
907 3288 1058 3326 Christo
1086 3287 1224 3336 gratiae
1251 3286 1459 3337 plenitudo.

503 3356 539 3390 νὴ
554 3345 580 3387 ’6,
614 3342 646 3376 Α
674 3341 789 3388 gratia
815 3341 918 3378 enim
939 3346 957 3363 ⁸
980 3340 1202 3378 derivantur
1227 3340 1396 3384 virtutes,
1421 3347 1463 3377 ut

502 3385 555 3424 Ψ)
570 3384 651 3428 &in
681 3394 858 3430 Secunda
886 3395 995 3430 Parte
1014 3393 1034 3415 *
1060 3393 1205 3431 dictum
1227 3401 1292 3430 est.
1323 3393 1399 3431 Sed
1423 3392 1462 3430 in

408 3443 556 3480 Christo
586 3455 663 3480 non
692 3446 843 3482 fuerunt
872 3458 1007 3482 omnes
1035 3445 1209 3483 virtutes:
1246 3457 1326 3482 non
1358 3445 1462 3482 enim

460 3574 486 3607 α)
505 3575 582 3598 enim.
600 3589 618 3593 -
636 3575 735 3605 Tertia;
755 3576 823 3600 enim
847 3576 953 3601 Christi.

1514 3234 1582 3271 fuit
1610 3234 1648 3271 in
1677 3246 1724 3272 eo
1752 3233 1848 3271 fides
1875 3245 2002 3284 neque
2031 3245 2134 3285 spes,
2170 3240 2212 3270 ut
2239 3238 2436 3269 ostensum
2464 3239 2519 3269 est
2536 3229 2567 3268 ⁴¹.
2597 3235 2742 3265 ἈΗ-ιώ

1516 3287 1617 3335 Ergo
1645 3286 1684 3324 in
1714 3285 1865 3324 Christo
1893 3297 1974 3323 non
2001 3285 2070 3324 fuit
2095 3283 2233 3335 gratiae
2260 3283 2471 3333 plenitudo.

1569 3351 1604 3376 2.
1634 3340 1869 3385 ΡκΑετειιεΑ,
1898 3338 1995 3376 sicut
2021 3344 2122 3388 patet
2149 3348 2195 3374 ex
2223 3336 2282 3373 his
2309 3347 2409 3386 quae
2436 3335 2475 3374 in
2503 3336 2569 3374 Se-

1516 3392 1643 3430 cunda
1670 3393 1779 3429 Parte
1798 3391 1818 3413 *
1844 3390 1943 3428 dicta
1961 3398 2060 3438 sunt,
2087 3388 2204 3438 gratia
2221 3388 2403 3426 dividitur
2420 3388 2459 3426 in
2478 3399 2569 3448 ope-
2596 3394 2631 3442 {n

1517 3452 1664 3482 rantem
1693 3452 1728 3481 et
1756 3451 2038 3493 cooperantem.
2081 3442 2256 3492 Operans
2291 3449 2421 3479 autem
2452 3448 2569 3490 gratia

2648 3392 2702 3420 11¹⁸.

2712 3398 2813 3422 quw.
