2872 3970
885 248 1148 323 QUAESTIO
1177 278 1333 324 XXXII,
1371 277 1660 314 ARTICULUS
1689 278 1738 314 IV

2323 278 2395 325 337

1004 401 1320 443 ARTICULUS
1349 401 1621 450 QUARTUS

366 496 523 528 UTRUM
546 495 692 526 BEATA
716 493 849 525 VIRGO
873 494 1052 532 ALIQUID
1076 494 1239 524 ACTIVE
1262 494 1424 525 EGERIT
1449 495 1491 525 IN
1516 483 1826 525 CONCEPTIONE
1851 495 2062 526 CORPORIS
2086 496 2257 527 CHRISTI

832 573 906 603 Infra,
926 581 968 606 qu.
987 581 1071 603 xxxin,
1091 579 1136 599 art.
1155 581 1181 604 4,
1201 574 1232 598 ad
1253 581 1283 604 23
1302 573 1333 597 Ill
1354 573 1437 603 Sem„
1457 574 1514 599 dist.
1533 581 1571 605 ιιι,
1591 582 1634 606 qu.
1653 581 1680 604 ιι,
1700 579 1746 599 art.
1767 581 1791 600 ι.

263 675 321 707 ‘⁴
316 676 326 688 ”
343 677 414 727 ’-’,.4,<

262 692 409 769 ἕξῗῑὴ
436 709 553 744 Beata
566 707 682 754 Virgo
702 705 844 765 aliquid
863 705 984 742 active
1004 705 1118 754 egerit
1136 705 1176 742 in
1194 717 1283 742 con-

248 767 249 771 ’
264 754 360 810 &rvr
376 748 407 803 *ἢ
422 759 610 809 ceptione
645 758 816 818 corporis
852 757 1001 795 Christi.
1044 757 1143 795 Dicit
1180 757 1283 794 enim

435 668 458 692 D
477 667 649 697 QUARTUM
667 666 719 690 Slc
739 665 974 691 PRoOEmTUR.
997 653 1158 690 Videtur
1176 653 1284 701 quod

192 837 202 849 ‚
249 769 381 851 ilfi-⁴2}
397 808 735 857 &Damascenua
726 823 766 848 ιιι
785 812 830 847 III
852 810 982 848 libro*
983 839 992 857 ,
1008 811 1115 872 quod
1130 812 1284 871 Spiritus

227 868 380 905 Sanctus
405 866 613 914 supervenit
639 865 797 914 Virgini,
820 875 992 913 purgans
1012 865 1141 913 ipsam,
1161 869 1194 900 et
1212 865 1283 900 vir-

226 924 335 957 tutem
353 919 592 967 susceptivam
615 918 725 954 Verbi
740 918 815 953 Dei
834 918 1006 962 tribuens,
1025 916 1135 952 simul
1161 921 1283 952 autem

227 978 260 1009 et
284 972 550 1021 generativam.
591 970 668 1006 Sed
686 969 866 1006 virtutem
889 968 1147 1016 generativam
1165 967 1283 1017 passi-

226 1035 316 1062 vam
335 1022 499 1060 habebat
518 1035 540 1059 a
559 1029 712 1059 natura:
743 1021 839 1058 sicut
858 1028 894 1057 et
917 1021 1107 1070 quaelibet
1128 1020 1281 1057 femina.

226 1077 327 1124 Ergo
355 1075 458 1112 dedit
485 1074 520 1112 ei
539 1074 719 1111 virtutem
746 1074 1005 1122 generativam
1031 1073 1205 1110 activam.
1236 1074 1284 1110 Et

227 1129 279 1167 sic
306 1127 448 1177 aliquid
477 1126 597 1164 active
626 1126 698 1175 egit
732 1126 771 1163 in
799 1126 1049 1186 conceptione
1079 1125 1228 1163 Christi.

279 1193 314 1218 2.
343 1181 579 1222 ΡιιΑΕτΕιιεΑ,
609 1191 745 1216 omnes
772 1179 929 1216 virtutes
957 1179 1107 1216 animae
1135 1186 1283 1226 vegeta-

225 1233 308 1271 bilis
342 1240 431 1270 sunt
461 1232 618 1270 virtutes
656 1232 820 1269 activae.
859 1231 955 1268 sicut
992 1231 1284 1269 Commentator

225 1285 322 1333 dicit,
351 1285 391 1323 in
418 1286 448 1322 II
475 1285 521 1322 de
546 1285 685 1322 Anima
703 1285 733 1321 *.
765 1284 841 1322 Sed
868 1284 1038 1343 potentia
1055 1283 1282 1332 generativa,

224 1347 304 1377 tam
330 1338 370 1375 in
397 1350 502 1375 mare
530 1350 650 1387 quam
677 1337 716 1374 in
744 1337 903 1383 femina,
939 1336 1100 1386 pertinet
1128 1336 1177 1372 ad
1204 1335 1282 1373 ani-

224 1403 329 1429 mam
356 1390 617 1438 vegetabilem
647 1391 759 1438 Ergo,
788 1398 867 1427 tam
895 1389 934 1426 in
963 1401 1067 1426 mare
1096 1401 1215 1438 quam
1243 1388 1283 1425 in

223 1443 374 1490 femina,
403 1443 523 1480 active
551 1451 732 1492 operatur
759 1443 807 1480 ad
835 1450 1065 1501 conceptum
1095 1441 1222 1490 prolis.

278 1496 311 1534 3.
341 1497 571 1542 PRAETEREA,
600 1495 742 1533 femina
769 1495 818 1532 ad
846 1494 1140 1544 conceptionem
1165 1493 1282 1543 prolis

223 1548 421 1587 materiam
457 1548 642 1586 ministrat
683 1561 729 1585 ex
766 1560 844 1597 qua
883 1547 1101 1584 naturaliter
1141 1558 1282 1596 corpus

222 1601 338 1652 prolis
365 1601 560 1638 formatur.
591 1601 668 1638 Sed
696 1609 831 1638 natura
859 1608 913 1637 est
940 1600 1172 1650 principium
1198 1611 1281 1636 mo-

221 1662 283 1693 tus
300 1654 548 1692 intrinsecum
562 1653 592 1690 ³⁸.
623 1655 724 1701 Ergo
744 1653 896 1690 videtur
915 1653 1050 1702 quod
1042 1665 1081 1690 ιιι
1100 1652 1182 1702 ipsa
1201 1665 1281 1689 ma-

222 1707 314 1745 teria
331 1719 451 1756 quam
471 1708 587 1743 Beata
605 1707 720 1754 Virgo
740 1706 964 1743 ministravit
983 1706 1032 1743 ad
1050 1713 1283 1754 conceptum

225 1759 373 1806 Christi,
402 1759 471 1796 fuit
498 1759 654 1808 aliquod
682 1759 914 1818 principium
942 1758 1121 1796 activum.

277 1813 350 1850 SED
379 1824 522 1849 CONTRA
550 1824 615 1849 EST
650 1812 755 1862 quod
783 1811 1015 1861 principium
1044 1810 1211 1848 activum
1244 1811 1282 1847 in

222 1865 464 1914 generatione
496 1864 633 1901 dicitur
660 1864 754 1902 ratio
783 1864 985 1901 seminalis.
1023 1864 1098 1900 Sed
1119 1868 1153 1910 α,
1187 1863 1283 1900 sicut

224 1918 459 1978 Augustinus
493 1917 596 1962 dicit,
626 1918 661 1954 X
682 1930 794 1966 super
816 1918 907 1954 Gen.
929 1917 979 1954 ad
995 1917 1057 1953 litt.
1077 1916 1112 1963 ²¹⁶,
1142 1928 1282 1964 corpus

226 1970 363 2008 Christi
382 1972 419 2007 in
438 1971 517 2007 sola
536 1972 692 2007 materia
711 1970 909 2019 corporali,
925 1982 997 2019 per
1015 1969 1178 2006 divinam
1197 1981 1281 2005 con-

224 2025 397 2073 ceptionis
413 2024 728 2072 formationisque
755 2024 948 2069 rationem,
978 2023 1023 2059 de
1049 2023 1202 2071 Virgine
1228 2034 1282 2058 as-

223 2082 405 2126 sumptum
425 2082 494 2113 est.-
521 2088 595 2113 non
624 2081 746 2113 autem
772 2076 973 2112 secundum
993 2075 1155 2124 aliquam
1175 2076 1283 2111 ratio-

225 2141 308 2166 nem
325 2129 540 2166 seminalem
558 2130 774 2165 humanam.
803 2129 904 2175 Ergo
923 2129 1040 2164 Beata
1054 2127 1170 2175 Virgo
1190 2126 1283 2163 nihil

224 2181 343 2221 active
371 2181 456 2219 fecit
484 2181 523 2217 in
551 2180 802 2230 conceptione
830 2179 1001 2230 corporis
1031 2179 1180 2217 Christi.

285 2235 508 2272 RESPONDEO
550 2246 730 2271 DtCENDUM
767 2234 874 2282 quod
909 2233 1070 2282 quidam
1097 2232 1116 2254 '¹‘
1153 2231 1284 2269 dicunt

225 2287 381 2324 Beatam
399 2286 595 2334 Virginem
623 2286 766 2335 aliquid
786 2285 906 2323 active
926 2298 1007 2323 esse
1027 2293 1225 2335 operatam
1244 2284 1284 2321 in

225 2339 472 2390 conceptione
502 2339 652 2386 Christi,
682 2347 717 2375 et
735 2338 896 2376 naturali
914 2338 1063 2385 virtute,
1094 2346 1129 2374 et
1152 2349 1283 2387 super-

225 2391 395 2431 naturali.
430 2391 603 2429 Naturali
638 2391 796 2451 quidem
824 2391 981 2438 virtute,
1016 2390 1106 2440 quia
1133 2398 1284 2440 ponunt

225 2444 359 2494 quod
350 2457 390 2482 ιιι
395 2444 576 2504 'qualibet
594 2444 752 2482 materia
766 2444 927 2482 naturali
947 2452 1002 2481 est
1021 2443 1177 2493 aliquod
1196 2443 1283 2480 acti-

225 2509 318 2535 vum
347 2497 590 2547 principium.
629 2497 831 2546 Alioquin,
869 2497 1029 2534 credunt
1063 2497 1171 2546 quod
1202 2509 1283 2533 non

226 2558 322 2587 esset
348 2550 612 2587 transmutatio
642 2550 832 2587 naturalis.
862 2572 888 2576 -
916 2551 958 2587 In
979 2562 1058 2599 quo
1086 2549 1283 2598 decipiun-

225 2609 287 2640 tur
302 2602 334 2639 *.
370 2603 473 2662 Quia
491 2602 755 2640 transmutatio
775 2602 912 2639 dicitur
930 2602 1109 2640 naturalis
1128 2610 1285 2652 propter

224 2654 455 2705 principium
482 2655 729 2693 intrinsecum
756 2668 837 2692 non
862 2657 989 2692 solum
1016 2655 1196 2701 activum,
1217 2656 1284 2692 sed

225 2707 339 2745 etiam
357 2707 571 2757 passivum·
593 2721 768 2757 expresse
783 2708 888 2745 enim
902 2708 990 2745 dicit
1010 2708 1282 2757 Philosophus,

187 2770 199 2776 ·
225 2759 264 2798 in
281 2761 362 2798 VIII
380 2762 527 2810 Physic.
546 2761 579 2820 *3
607 2761 713 2810 quod
742 2761 781 2798 in
808 2760 987 2809 gravibus
1007 2769 1042 2798 et
1061 2760 1209 2798 levibus
1229 2769 1284 2798 est

225 2812 455 2863 principium
481 2813 679 2863 passivum
707 2821 836 2851 motus
864 2814 1044 2851 naturalis
1062 2814 1099 2860 ⁹⁸,
1136 2822 1172 2850 et
1203 2826 1283 2850 non

225 2864 392 2903 activum
409 2866 440 2903 ²¹⁸.
478 2867 563 2903 Nec
591 2874 645 2903 est
671 2866 851 2916 possibile
880 2867 986 2915 quod
1015 2866 1171 2903 materia
1200 2875 1283 2914 agat

224 2918 273 2955 ad
300 2918 359 2955 sui
385 2919 655 2956 formationem
673 2918 712 2955 *ς
750 2918 840 2968 quia
874 2931 955 2956 non
983 2927 1037 2956 est
1065 2926 1163 2956 actu.
1199 2920 1283 2956 Nec

225 2978 279 3008 est
292 2971 406 3008 etiam
419 2971 598 3020 possibile
618 2970 753 3020 quodss
772 2971 916 3020 aliquid
930 2980 1085 3008 moveat
1099 2971 1281 3020 seipsum,

225 3022 296 3060 nisi
329 3023 521 3060 dividatur
555 3024 594 3060 in
622 3024 718 3060 duas
745 3031 892 3072 partes,
928 3036 1095 3082 quarum
1127 3036 1206 3061 una
1238 3024 1283 3061 sit

225 3087 386 3113 movens
414 3083 450 3112 et
477 3075 550 3113 alia
577 3076 623 3112 sit
650 3084 772 3113 mota:
802 3077 909 3125 quod
937 3076 976 3113 in
1000 3076 1089 3113 solis
1108 3076 1282 3113 animatis

181 3142 200 3154 ··
193 3127 415 3180 contingit,
444 3136 486 3165 ut
512 3128 697 3177 probatur
723 3128 762 3165 in
781 3129 861 3165 VIII
880 3130 1026 3177 Physic.
1047 3129 1067 3150 '¹‘

277 3180 563 3230 Supernaturali
597 3189 726 3217 autem
754 3180 909 3226 virtute,
948 3180 1039 3229 quia
1066 3180 1197 3218 dicunt
1234 3182 1282 3218 ad

225 3240 386 3270 matrem
414 3232 554 3282 requiri
589 3234 696 3282 quod
724 3245 804 3269 non
832 3234 958 3270 solum
986 3233 1182 3270 materiam
1211 3233 1282 3270 mi-

226 3284 364 3332 nistret,
385 3298 484 3335 quae
512 3293 567 3322 est
591 3285 743 3333 sanguis
769 3293 988 3322 menstruus
1006 3285 1043 3328 *;
1073 3286 1139 3322 sed
1168 3285 1282 3322 etiam

176 3343 177 3346 ’
226 3348 374 3384 semen,
403 3338 531 3387 quod,
570 3337 823 3375 commixtum
850 3337 947 3374 virili
981 3337 1138 3383 semini,
1168 3338 1282 3374 habet

226 3388 403 3427 virtutem
431 3390 593 3428 activam
628 3390 667 3427 in
701 3390 942 3439 generatione
965 3390 995 3426 ²¹⁶.
1038 3391 1086 3427 Et
1121 3390 1211 3449 quia
1243 3390 1281 3427 in

227 3440 341 3479 Beata
367 3442 520 3491 Virgine
548 3445 651 3481 nulla
678 3443 747 3480 fuit
774 3443 869 3480 facta
897 3442 1076 3480 resolutio
1105 3442 1280 3490 seminis,

278 3552 307 3587 α)
325 3554 386 3580 Sed.
403 3568 423 3574 -
441 3555 480 3580 Ea
498 3560 523 3580 et
540 3555 626 3586 tet-tiu
644 3564 698 3581 om.

279 3587 308 3623 β)
326 3590 438 3615 materia
456 3594 549 3623 agat...
564 3591 690 3622 possibile
712 3590 790 3623 quod.
808 3605 827 3609 —
845 3590 905 3615 EFa
924 3595 948 3615 et
966 3591 1038 3615 tertia
1057 3596 1082 3615 et
1100 3591 1206 3621 Escur.;
1225 3598 1277 3616 om.

365 3642 473 3667 Summa
491 3642 643 3683 Tutor-tD.
661 3643 775 3668 ΤιιοιιΛΕ
793 3643 825 3668 Τ.
844 3643 908 3668 VIII.

1338 661 1495 702 propter
1529 653 1812 702 integerrimam
1847 654 1929 691 eius
1963 654 2233 703 virginitatem,
2269 656 2399 693 dicunt

1340 706 1447 754 quod
1477 706 1638 755 Spiritus
1659 707 1820 743 Sanctus
1849 708 2183 756 supernaturaliter
2210 708 2244 745 ei
2271 709 2399 746 tribuit

1339 758 1518 795 virtutem
1538 758 1701 796 activam
1730 759 1768 795 in
1787 760 2038 808 conceptione
2057 761 2227 810 corporis
2248 761 2398 807 Christi,

1339 822 1458 859 quam
1473 810 1567 848 aliae
1582 819 1722 848 matres
1740 813 1883 849 habent
1902 825 1970 862 per
1984 825 2116 850 semen
2135 816 2357 851 resolutum.
2374 837 2398 840 —

1340 864 1416 900 Sed
1445 865 1521 900 hoc
1548 876 1628 900 non
1656 872 1780 913 potest
1808 873 1915 902 stare.
1960 865 2073 912 Quia,
2103 878 2194 903 cum
2223 867 2400 916 quaelihet

1339 928 1397 952 res
1423 918 1467 952 sit
1489 923 1644 965 propter
1670 929 1776 954 suam
1801 920 2063 967 operationem,
2093 927 2134 955 ut
2153 919 2288 956 dicitur
2307 921 2335 956 II
2356 920 2400 956 de

1342 969 1455 1005 Caelo
1474 968 1509 1014 *;
1539 977 1675 1006 natura
1703 981 1782 1006 non
1811 970 2055 1018 distingueret
2082 972 2131 1008 ad
2160 984 2258 1021 opus
2286 984 2398 1020 gene-

1339 1020 1492 1057 rationis
1521 1034 1656 1058 sexum
1684 1022 1799 1059 maris
1828 1031 1863 1059 et
1891 1023 2073 1070 feminae,
2102 1024 2173 1060 nisi
2201 1033 2298 1061 esset
2325 1025 2398 1061 dis-

1338 1073 1452 1110 tincta
1480 1074 1650 1132 operatio
1679 1075 1795 1111 maris
1823 1075 1870 1112 ab
1899 1076 2120 1124 operatione
2148 1077 2322 1114 feminae.
2357 1079 2398 1114 In

1337 1125 1580 1185 generatione
1616 1134 1745 1163 autem
1780 1127 2020 1175 distinguitur
2054 1129 2224 1177 operatio
2257 1130 2398 1189 agentis

1339 1186 1375 1214 et
1401 1178 1587 1237 patientis.
1631 1180 1741 1216 Unde
1775 1180 2000 1229 relinquitur
2031 1183 2138 1230 quod
2175 1190 2252 1218 tota
2279 1182 2398 1219 virtus

1339 1230 1461 1267 activa
1480 1231 1525 1267 sit
1545 1244 1590 1268 ex
1609 1241 1714 1280 parte
1733 1232 1859 1279 maris,
1889 1233 2015 1281 passio
2035 1239 2050 1261 Υ
2078 1242 2204 1271 autem
2227 1247 2273 1271 ex
2292 1243 2397 1283 parte

1338 1283 1501 1320 feminae
1525 1284 1555 1320 ³¹⁶.
1591 1285 1752 1333 Propter
1788 1286 1894 1333 quod
1931 1285 1970 1322 in
1997 1287 2153 1335 plantiS,
2191 1287 2230 1323 in
2258 1287 2398 1336 quibus

1338 1343 1499 1385 utraque
1519 1336 1577 1373 vis
1597 1337 1878 1384 commiscetur,
1903 1350 1982 1375 non
2003 1346 2057 1375 est
2076 1339 2263 1376 distinctio
2283 1340 2399 1377 maris

1338 1397 1373 1426 et
1401 1388 1575 1426 feminae.

1392 1441 1495 1488 Quia
1522 1441 1634 1490 igitur
1661 1444 1777 1480 Beata
1805 1443 1920 1492 Virgo
1958 1456 2038 1481 non
2070 1445 2146 1482 hoc
2177 1446 2321 1495 accepit
2357 1456 2399 1485 ut

1338 1503 1435 1531 esset
1467 1502 1574 1543 pater
1602 1495 1761 1541 Christi,
1798 1497 1865 1533 sed
1897 1505 2038 1543 mater,
2075 1510 2316 1557 consequens
2345 1509 2399 1538 est

1338 1548 1444 1596 quod
1472 1560 1552 1584 non
1581 1548 1766 1597 acceperit
1793 1549 2003 1598 potentiam
2023 1550 2184 1587 activam
2205 1551 2243 1588 in
2263 1564 2397 1590 conce-

1337 1600 1467 1649 ptione
1505 1600 1660 1638 Christi:
1701 1600 1780 1638 sive
1809 1601 1951 1650 aliquid
1980 1602 2114 1650 egerit,
2145 1616 2190 1640 ex
2226 1616 2304 1653 quo
2342 1619 2397 1643 se-

1338 1653 1468 1712 quitur
1504 1653 1626 1702 ipsam
1659 1662 1804 1702 patrem
1840 1654 1954 1691 fuisse
1992 1655 2150 1701 Christi;
2190 1656 2269 1693 Sive
2304 1658 2398 1696 nihil

1338 1705 1472 1753 egerit,
1502 1714 1544 1742 ut
1571 1705 1731 1755 quidam
1758 1706 1909 1753 dicunt,
1939 1720 1985 1744 ex
2021 1720 2100 1756 quo
2129 1709 2300 1758 sequitur
2327 1712 2398 1748 hu-

1338 1758 1505 1795 iusmodi
1524 1759 1735 1807 potentiam
1754 1755 1917 1796 activam
1946 1759 2016 1796 sibi
2035 1760 2170 1798 frustra
2188 1761 2302 1799 tuisse
2323 1765 2397 1800 col-

1338 1812 1463 1848 latam.
1494 1812 1542 1847 Et
1569 1811 1656 1847 ideo
1685 1811 1893 1848 dicendum
1915 1820 1969 1848 est
1997 1814 2104 1861 quod
2131 1813 2170 1850 in
2200 1813 2280 1863 ipsa
2308 1828 2398 1852 con-

1337 1863 1512 1912 ceptione
1542 1863 1680 1900 Christi
1708 1864 1824 1901 Beata
1843 1864 1958 1912 Virgo
1987 1865 2080 1902 nihil
2100 1866 2219 1903 active
2244 1877 2399 1916 operata

1338 1924 1403 1962 est,
1433 1916 1500 1953 Sed
1522 1918 1644 1953 solam
1663 1916 1862 1954 materiam
1882 1917 2119 1955 ministravit
2150 1919 2317 1978 Operata
2344 1929 2397 1958 ta-

1337 1981 1428 2005 men
1457 1977 1512 2005 est
1540 1977 1626 2006 ante
1655 1970 1946 2018 conceptionem
1968 1970 2110 2019 aliquid
2130 1972 2262 2018 active,
2291 1985 2399 2022 prae-

1336 2022 1509 2071 parando
1538 2022 1737 2059 materiam
1765 2031 1807 2059 ut
1835 2031 1931 2059 esset
1959 2031 2046 2072 apta
2074 2025 2286 2074 conceptui.

1390 2076 1447 2111 AD
1477 2087 1611 2111 PRIMUM
1639 2087 1736 2112 ERGO
1766 2087 1945 2113 DICENDUM
1974 2077 2080 2124 quod
2109 2076 2169 2114 illa
2198 2078 2398 2127 conceptio

1337 2126 1407 2163 tria
1441 2127 1636 2176 privilegia
1671 2127 1821 2164 habuit:
1860 2128 2016 2174 scilicet,
2055 2130 2161 2178 quod
2190 2138 2287 2167 esset
2319 2131 2398 2168 sine

1337 2187 1493 2228 peccato
1523 2180 1710 2228 originali;
1740 2181 1847 2229 quod
1871 2189 1968 2217 esset
1995 2193 2075 2218 non
2102 2182 2189 2230 puri
2217 2183 2397 2230 hominis,

1338 2233 1405 2269 sed
1434 2232 1505 2269 Dei
1533 2241 1570 2269 et
1597 2232 1785 2278 hominis;
1819 2233 1911 2270 item
1939 2234 2046 2282 quod
2074 2242 2171 2271 esset
2198 2236 2398 2285 conceptio

1337 2284 1502 2333 virginis.
1547 2286 1595 2322 Et
1629 2286 1724 2322 haec
1758 2285 1827 2322 tria
1861 2286 1995 2323 habuit
2022 2299 2044 2323 a
2073 2287 2215 2335 Spiritu
2244 2289 2396 2325 Sancto.

1338 2338 1386 2374 Et
1413 2338 1500 2375 ideo
1529 2338 1618 2375 dicit
1636 2339 1912 2384 DamascenuS,
1938 2347 2127 2388 quantum
2147 2341 2195 2376 ad
2213 2341 2396 2389 primum,

1338 2391 1444 2452 quod
1465 2390 1626 2440 Spiritus
1646 2392 1806 2428 Sanctus
1825 2394 2032 2440 supervenit
2059 2393 2205 2442 Virgini
2224 2405 2398 2443 purgans

1337 2445 1477 2493 ipsam:
1504 2443 1611 2490 idest,
1631 2456 1880 2493 praeservans
1898 2444 1918 2465 ‘¹‘
1945 2456 1994 2481 ne
2022 2457 2113 2481 cum
2139 2453 2296 2493 peccato
2324 2446 2396 2483 ori-

1336 2496 1449 2544 ginali
1477 2496 1705 2545 conciperet.
1744 2497 1945 2543 Quantum
1973 2497 2021 2534 ad
2049 2498 2276 2544 secundum,
2296 2498 2396 2544 dicit,

1337 2556 1369 2586 et
1395 2551 1565 2587 virtutem
1592 2551 1832 2598 susceptivam
1854 2551 1965 2586 Verbi
1980 2551 2054 2586 Dei
2078 2552 2261 2587 tribuens:
2288 2551 2395 2597 idest,

1336 2610 1379 2639 ut
1407 2602 1623 2652 conciperet
1650 2603 1823 2639 Verbum
1851 2602 1934 2639 Dei.
1965 2603 2164 2649 Quantum
2191 2611 2319 2640 autern
2348 2581 2396 2640 ad

1337 2655 1502 2701 tertium,
1532 2655 1636 2702 dicit,
1664 2655 1773 2692 simul
1801 2661 1834 2691 et
1859 2658 2134 2705 generativam.
2163 2664 2215 2702 ut,
2245 2656 2394 2702 scilicet,

1337 2720 1498 2745 manens
1517 2707 1624 2756 virgo
1640 2715 1771 2766 posset
1789 2719 1982 2755 generare,
1998 2719 2077 2744 non
2097 2708 2254 2756 quidem
2277 2709 2395 2746 active

1338 2761 1405 2798 sed
1432 2760 1594 2809 passive,
1620 2760 1715 2797 sicut
1734 2760 1827 2797 aliae
1847 2768 1986 2797 matres
2014 2762 2089 2797 hoc
2108 2769 2397 2825 consequuntur

1338 2826 1384 2850 ex
1412 2813 1558 2850 semine
1585 2813 1667 2849 viri.

1391 2867 1447 2902 AD
1475 2878 1662 2903 SECUNDUM
1690 2877 1869 2902 DICENDUM
1905 2866 2010 2914 quod
2043 2866 2211 2914 potentia
2239 2878 2394 2926 genera-

1336 2918 1413 2955 tiva
1441 2918 1480 2955 in
1508 2918 1648 2955 femina
1676 2925 1731 2954 est
1758 2917 1976 2976 imperfecta
2004 2926 2177 2967 respectu
2204 2919 2395 2978 potentiae

1336 2971 1575 3019 generativae
1603 2982 1702 3019 quae
1731 2978 1785 3006 est
1813 2969 1852 3006 in
1880 2982 1997 3007 mare.
2029 2971 2076 3007 Et
2104 2970 2203 3016 ideo,
2233 2971 2328 3008 sicut
2355 2971 2394 3008 in

1337 3023 1480 3060 artibus
1508 3035 1568 3060 ars
1587 3022 1741 3059 inferior
1762 3022 1928 3071 disponit
1947 3023 2157 3068 materiam,
2187 3036 2246 3061 ars
2266 3032 2395 3061 autem

1338 3075 1511 3124 superior
1530 3075 1675 3111 inducit
1693 3075 1869 3121 formam,
1888 3083 1929 3111 ut
1949 3075 2110 3112 dicitur
2101 3088 2141 3112 ιιι
2155 3077 2184 3113 II
2199 3078 2346 3125 Physzssc
2358 3077 2393 3123 *;

1337 3129 1386 3165 ita
1405 3128 1517 3164 etiam
1538 3127 1657 3164 virtus
1675 3127 1891 3175 generativa
1910 3127 2073 3165 feminae
2096 3137 2296 3178 praeparat
2314 3142 2394 3166 ma-

1336 3180 1482 3226 teriam,
1511 3179 1630 3216 virtus
1649 3192 1742 3216 vero
1766 3179 1887 3218 activa
1907 3180 2020 3217 maris
2039 3181 2177 3219 format
2195 3182 2394 3219 materiam

1335 3240 1610 3282 praeparatam.

1389 3287 1445 3322 AD
1460 3297 1617 3322 TERTiuM
1634 3296 1813 3323 mei-:noum
1833 3286 1939 3334 quod
1968 3286 2016 3323 ad
2038 3287 2114 3323 hoc
2142 3287 2248 3336 quod
2275 3295 2394 3324 trans-

1336 3337 1496 3375 mutatio
1516 3337 1561 3374 sit
1580 3338 1771 3397 naturalis,
1800 3350 1881 3375 non
1900 3338 2103 3388 requiritur
2121 3340 2227 3388 quod
2255 3340 2294 3377 in
2313 3352 2393 3378 ma-

1335 3389 1427 3427 teria
1446 3390 1491 3427 sit
1509 3390 1740 3440 principium
1760 3391 1940 3436 activum,
1957 3392 2022 3429 sed
2038 3393 2163 3429 solum
2182 3392 2392 3442 passivum,

1335 3450 1377 3479 ut
1405 3442 1552 3480 dictum
1580 3451 1635 3479 est
1653 3442 1683 3480 *.

1385 3554 1413 3590 γ)
1429 3556 1529 3588 passio.
1548 3557 1692 3588 -passiva
1711 3557 1769 3582 sH.

2426 984 2511 1032 ’SCT.
2502 989 2586 1010 .ιιι,ιι.

2426 1294 2435 1304 ·
2449 1293 2476 1314 D.
2493 1293 2542 1314 66¹.

2426 2454 2476 2477 ⁸1).
2493 2461 2555 2483 ¹054.

2422 3085 2498 3134 ’SCaTqi
2508 3092 2533 3113 n,
2543 3091 2566 3107 n.
2580 3092 2612 3108 ιο.
2621 3097 2634 3103 -

2500 3128 2505 3134 .
2520 3113 2571 3134 lect.
2586 3119 2616 3134 ιν.

2421 3445 2468 3466 ‘In
2484 3451 2588 3473 corpore.

2527 1011 2578 1031 leet.
2593 991 2623 1032 1¹v.
