2872 3970
37 880 39 882 ’
94 884 220 907 ⁴Cfinum.
232 889 309 913 praec.

1068 231 1330 278 QUAESTIO
1361 231 1392 276 1,
1422 231 1713 269 ARTICULUS
1742 233 1787 268 III

334 312 467 347 minem,
492 312 546 342 sed
570 313 665 342 etiam
689 312 804 347 Deum,
828 316 866 340 ut
888 311 932 340 sic
956 320 994 340 ex
1017 311 1153 350 propriis
1169 311 1287 340 viribus
1311 309 1396 339 exhi-

336 356 409 386 beat
430 362 538 386 actum
561 354 701 386 infinitae
726 354 893 385 efficaciae.
1131 354 1134 355 ⁷

379 399 447 429 XII.
471 399 523 429 Ad
553 400 679 430 tertium
707 399 841 429 dubium
857 399 874 415 ³*
896 397 1108 437 respondetur
1138 397 1227 438 quod
1257 398 1397 427 actiones

337 442 454 473 Christi
476 444 644 479 humanae,
669 443 787 473 scilicet
810 451 914 472 amare
935 442 1050 474 Deum,
1074 442 1251 472 voluntarie
1275 441 1349 481 pati,
1367 446 1398 470 et

335 486 530 523 huiusmodi,
554 487 672 517 habent
694 486 773 516 duas
797 485 1007 516 conditiones.
1031 486 1139 516 Altera
1155 491 1201 516 est
1219 485 1308 525 quod
1324 490 1398 514 sunt

336 539 384 561 res
407 530 566 570 quaedam
590 535 721 561 creatae.
746 530 786 560 Et
814 530 859 559 sic
882 535 956 560 sunt
979 529 1068 559 finita
1091 530 1175 559 entia
1198 529 1396 569 simpliciter:

334 583 403 605 non
419 574 506 613 enirn
528 579 603 604 sunt
618 573 726 604 deitas.
743 592 764 595 —
787 573 894 604 Altera
915 579 961 603 est
985 573 1074 613 quod
1090 579 1163 604 sunt
1178 583 1226 603 res
1242 582 1397 613 personae

336 616 460 654 divinae
490 623 525 648 ut
547 618 669 657 proprii
698 617 856 657 suppositi
879 617 970 647 cuius
1000 622 1083 647 sunt.
1115 617 1156 647 Et
1187 617 1231 646 sic
1254 622 1328 646 sunt
1350 617 1398 646 in-

336 658 425 702 finita
448 662 531 691 entia
548 661 769 701 personaliter:
795 666 826 691 et
850 666 924 691 sunt
946 660 1087 691 infinitae
1111 660 1269 690 efficaciae
1288 660 1321 690 in
1345 660 1398 690 tali

335 712 468 744 genere,
492 710 570 746 puta
590 705 696 735 meriti
726 714 783 735 seu
806 704 1044 740 satisfactionis,
1068 714 1106 734 ex
1129 705 1191 734 hoc
1214 705 1285 744 ipso
1310 703 1399 744 quod

334 754 412 779 sunt
450 758 548 788 opera
575 749 675 788 ipsius
703 749 765 779 Dei
795 754 832 779 ut
860 749 1008 788 propriae
1038 757 1196 788 personae
1226 748 1399 778 exercentis

338 801 436 832 opera
458 792 521 823 illa.

335 874 337 876 q
392 836 434 867 Et
447 846 486 867 ex
497 837 561 866 hoc
573 842 668 876 patet,
682 836 797 877 primo,
810 836 928 866 solutio
945 836 1135 866 obiectionis
1148 836 1236 866 Scoti
1251 835 1284 865 in
1300 835 1398 865 dubio

332 879 540 922 *praecedenti
555 881 581 910 θ’.
612 880 695 911 Nam
718 881 823 920 passio
848 880 978 916 Christi,
1003 880 1077 910 licet
1100 879 1195 910 fuerit
1217 880 1340 909 bonum
1364 878 1400 908 fi-

336 922 441 954 nitum
464 924 679 960 essentialiter,
703 923 763 954 fuit
788 929 895 954 tamen
918 924 1042 954 bonum
1065 923 1226 954 infinitum
1249 932 1400 963 persona-

335 967 421 998 liter:
446 973 478 998 et
499 973 668 1008 propterea
691 967 751 998 fuit
772 967 914 998 infinitae
938 967 1095 998 efficaciae
1119 968 1151 997 in
1168 966 1398 997 satisfaciendo.

335 1011 470 1042 Nullum
493 1017 601 1042 autem
625 1012 858 1051 cuiuscumque
881 1021 979 1052 purae
1004 1017 1164 1042 creaturae
1187 1011 1338 1041 meritum
1354 1016 1401 1040 est

335 1054 498 1086 infinitum
522 1056 739 1095 personaliter.

390 1099 480 1130 Patet
502 1099 617 1130 deinde
640 1100 735 1130 huius
754 1100 836 1131 tertii
853 1099 941 1130 dubii
956 1100 1078 1130 veritas.
1103 1099 1267 1137 Quoniam
1284 1108 1321 1128 ex
1336 1099 1400 1128 hoc

335 1143 406 1183 ipso
431 1143 521 1184 quod
543 1153 681 1183 persona
704 1143 821 1174 Christi
844 1143 938 1173 solvit
964 1153 1024 1183 pro
1047 1149 1198 1183 peccato,
1230 1141 1399 1172 satisfactio

335 1187 404 1227 ipsa
427 1192 474 1217 est
496 1186 619 1218 infinita
642 1187 864 1227 personaliter:
897 1196 932 1217 ac
956 1197 1013 1227 per
1035 1187 1116 1223 hoc,
1148 1186 1327 1226 adaequans
1352 1185 1400 1216 of-

335 1230 458 1261 fensam
481 1230 639 1261 infinitam
663 1240 701 1261 ex
723 1230 878 1260 infinitate
901 1231 1071 1260 maiestatis
1087 1230 1238 1260 offensae.
1262 1230 1304 1260 Et
1319 1229 1402 1259 sicut

335 1274 491 1314 adaequat
509 1275 644 1305 offensas
661 1275 759 1305 totius
774 1274 888 1304 mundi
911 1280 1022 1304 contra
1037 1274 1177 1304 divinam
1192 1274 1400 1309 maiestatem,

333 1319 378 1350 ita
406 1317 562 1359 adaequat
591 1318 747 1349 beneficia
778 1318 891 1349 collata
921 1319 981 1348 toti
1010 1318 1159 1349 universo
1190 1328 1208 1347 a
1235 1318 1305 1347 Deo
1332 1318 1401 1357 glo-

333 1362 431 1393 rioso.
457 1363 501 1392 Ita
525 1362 615 1404 quod
637 1363 720 1393 actio
745 1361 878 1398 Christi,
904 1372 942 1392 ex
965 1362 1029 1392 hoc
1051 1362 1122 1402 ipso
1147 1361 1236 1402 quod
1261 1367 1307 1391 est
1329 1360 1400 1391 infi-

334 1407 400 1437 nita
422 1407 646 1446 personaliter,
671 1405 831 1436 sufficiens
855 1411 902 1436 est
925 1405 964 1436 ad
987 1405 1232 1446 adaequandum
1256 1411 1287 1435 et
1310 1415 1400 1435 exce-

335 1449 478 1481 dendum
502 1451 612 1480 omnia
633 1456 698 1481 tarn
721 1455 851 1481 naturae
871 1455 1051 1490 assumptae
1075 1459 1172 1489 quam
1189 1449 1313 1489 reliquo
1329 1450 1401 1479 uni-

334 1504 427 1525 verso
443 1494 557 1525 collata
573 1493 743 1530 beneficia;
768 1499 799 1524 et
814 1494 957 1524 similiter
972 1493 1011 1524 ad
1027 1493 1247 1524 excedendum
1264 1493 1400 1523 offensas

333 1539 433 1569 totius
455 1538 569 1569 mundi
591 1539 625 1568 in
648 1538 766 1568 Deum.
789 1538 955 1576 Quoniam
978 1543 1100 1578 quanto
1119 1538 1221 1568 maior
1244 1543 1291 1568 est
1313 1538 1400 1567 satis—

334 1582 437 1614 factor
459 1588 514 1613 aut
536 1583 707 1622 gratiarum
729 1588 833 1619 actor‚.
851 1587 940 1612 tanto
961 1582 1120 1612 efficacior
1143 1587 1198 1612 est.
1223 1581 1256 1612 Si
1272 1591 1348 1620 ergo
1367 1582 1399 1611 in

334 1626 497 1659 infinitum
520 1626 644 1658 excedit
667 1635 781 1656 omnes
803 1631 988 1666 peccatores
1011 1631 1043 1656 et
1066 1635 1179 1656 omnes
1203 1631 1321 1656 creatas
1339 1635 1398 1661 res,

336 1680 538 1711 consequens
570 1676 617 1701 est
649 1669 738 1710 quod
768 1669 902 1701 sufficiat
936 1679 995 1709 pro
1027 1670 1178 1709 omnibus
1209 1675 1240 1699 et
1270 1668 1400 1699 excedat

336 1715 454 1746 omnia.
490 1714 583 1745 Unde
614 1714 758 1744 Christus
788 1713 980 1744 sufficienter
1009 1714 1122 1753 gratias
1153 1714 1215 1753 egit
1238 1713 1308 1743 Deo
1340 1722 1399 1752 pro

336 1759 486 1789 omnibus
515 1757 677 1788 beneficiis
708 1767 783 1788 suae
814 1757 1002 1787 humanitati
1027 1757 1165 1793 collatis,
1198 1762 1229 1787 et
1252 1754 1401 1787 satisfecit

335 1812 395 1843 pro
418 1803 556 1842 peccatis
578 1802 677 1832 totius
700 1801 823 1837 mundi,
841 1810 878 1831 ex
897 1801 960 1831 hoc
984 1802 1055 1841 ipso
1079 1800 1170 1840 quod
1192 1810 1331 1840 persona
1353 1800 1400 1830 di-

335 1847 410 1877 vina
432 1846 545 1886 agebat
570 1846 683 1886 gratias
713 1851 745 1876 et
767 1844 992 1875 satisfaciebat:
1025 1846 1100 1885 quia
1129 1854 1267 1884 persona
1294 1844 1400 1874 divina

335 1889 460 1922 excedit
482 1891 516 1921 in
537 1889 701 1921 infinitum
723 1889 802 1920 haec
825 1889 944 1919 omnia.

390 1934 432 1965 Et
453 1933 533 1964 nihil
555 1934 659 1964 obstat
682 1932 772 1974 quod
793 1942 931 1972 persona
950 1931 1055 1963 divina
1078 1931 1237 1963 mediante
1260 1932 1401 1962 humana

38 2002 42 2019 ,-
335 1984 448 2010 natura
469 1978 548 2008 haec
571 1977 771 2018 operabatur.
795 1977 878 2007 Nam
901 1977 1043 2007 humana
1060 1985 1158 2017 opera
1181 1986 1280 2017 supra
1299 1977 1401 2006 homi-

38 2032 43 2045 s
95 2029 111 2039 ⁴
124 2027 187 2051 mon
201 2023 308 2055 's-Epist-
337 2033 408 2053 nem
432 2021 627 2063 operabatur
641 2022 668 2057 ⁴,
685 2021 790 2051 divine
814 2020 948 2051 scilicet:
980 2026 1016 2050 ut
1038 2020 1170 2051 inferius
1185 2021 1220 2037 ⁴²*
1244 2021 1325 2050 clare
1345 2030 1401 2060 pa·

97 2053 184 2109 {Y’Q‘ir
198 2053 260 2107 22¹⁸
262 2060 309 2108 ²221.
334 2067 423 2102 tebit,
448 2075 524 2096 curn
545 2065 586 2096 de
608 2064 762 2096 infinitate
778 2074 915 2104 operum
932 2063 1059 2097 Christi.
1083 2070 1115 2095 et
1129 2064 1229 2094 modo
1246 2064 1401 2104 operandi

95 2113 147 2134 ²¹¹⁹
161 2110 205 2130 ἠ·
221 2114 238 2129 ¹-
337 2110 497 2146 eiusdem,
521 2111 580 2140 erit
599 2119 715 2141 sermo.
738 2127 761 2132 —
783 2109 825 2139 Et
847 2109 921 2139 licet
943 2108 986 2140 ad
1012 2109 1089 2139 deos
1109 2114 1142 2139 vet
1158 2113 1312 2149 parentes
1335 2118 1399 2138 non

330 2155 437 2197 possit
458 2153 550 2186 reddi
571 2153 777 2194 aequivalens
806 2162 825 2183 a
851 2158 1009 2188 creatura,
1039 2158 1146 2192 potest
1175 2158 1282 2182 tamen
1312 2152 1401 2183 reddi

337 2198 540 2240 aequivalens
563 2207 581 2227 a
603 2197 710 2228 divina
730 2206 869 2237 persona
891 2197 1061 2227 incarnata.
1085 2215 1108 2219 —-
1130 2196 1171 2226 Et
1190 2206 1308 2233 rursus,
1327 2196 1402 2226 licet

337 2247 459 2283 quanto
483 2242 582 2282 magis
606 2245 748 2271 creatura
770 2241 883 2281 gratias
901 2242 965 2280 agit
987 2241 1069 2276 Deo,
1093 2245 1182 2270 tanto
1206 2241 1306 2280 magis
1330 2240 1401 2271 Deo

98 403 109 413 ·
122 401 193 423 Num.
209 407 231 423 v.

337 2285 505 2326 obligetur,
530 2285 606 2326 quia
619 2285 688 2325 ipsa
702 2285 872 2325 gratiarum
888 2285 971 2315 actio
994 2293 1118 2315 novum
1139 2289 1185 2314 est
1207 2284 1418 2315 beneficium.

323 2330 428 2372 ,quod
457 2334 535 2360 tunc
564 2329 716 2359 accrescit
745 2334 906 2359 creaturae
936 2338 975 2359 ex
1003 2328 1110 2358 divina
1135 2329 1293 2368 largitate:
1326 2329 1402 2368 quia

318 2368 444 2406 ‘tamen
466 2374 500 2404 in
522 2382 694 2414 personam
717 2372 856 2403 divinam
878 2373 911 2403 in
928 2382 960 2403 se
983 2372 1110 2407 nullum
1125 2371 1283 2403 redundat
1304 2372 1402 2403 bene-

337 2418 449 2449 ficium
472 2427 510 2448 ex
532 2418 703 2457 gratiarum
727 2417 869 2452 actione,
901 2417 983 2447 sicut
1010 2426 1071 2446 nec
1098 2416 1203 2446 ullum
1226 2421 1274 2447 est
1295 2417 1355 2447 sibi
1384 2427 1402 2446 a

337 2462 497 2503 principio
519 2461 745 2493 incarnationis
768 2461 954 2500 praestitum
978 2459 1188 2496 beneficium;
1218 2459 1292 2490 ideo
1316 2460 1400 2500 ipsa,

339 2515 378 2536 ex
398 2505 463 2537 hoc
485 2505 556 2545 ipso
581 2504 670 2546 quod
692 2505 851 2535 humanos
875 2510 963 2534 actus
979 2504 1103 2534 divinos
1126 2504 1334 2544 personaliter
1350 2514 1402 2534 ex-

337 2548 426 2580 hibet
449 2549 536 2584 Deo,
561 2549 671 2579 omnia
693 2554 797 2579 creata
819 2548 1013 2579 sufficienter
1035 2547 1191 2588 adaequat
1213 2553 1245 2578 et
1268 2547 1402 2579 excedit.

394 2593 458 2623 Ubi
479 2593 560 2623 scito
584 2591 683 2633 quod,
708 2593 783 2632 quia
805 2593 948 2623 Verbum
972 2602 1046 2623 caro
1070 2602 1108 2622 ex
1130 2593 1268 2632 propriis
1283 2593 1403 2622 viribus

338 2646 415 2668 suae
438 2646 594 2676 personae
615 2636 710 2667 habet
733 2637 894 2668 caritatem
917 2642 949 2667 et
971 2637 1103 2676 gratiam
1126 2637 1160 2666 in
1176 2637 1281 2666 anima
1303 2635 1403 2667 infor-

338 2686 446 2712 mante
470 2689 598 2711 carnem
620 2686 824 2720 assumptam,
848 2681 935 2711 iuxta
957 2679 1046 2716 illud,
1066 2679 1168 2716 Quasi
1195 2680 1360 2722 Unigeniti
1383 2690 1403 2710 a

101 2705 112 2716 .

133 2704 198 2726 ioan.
220 2710 271 2732 αφ’
295 2710 312 2730 ¹'
339 2725 436 2755 Patre
452 2723 586 2764 plenum
608 2724 738 2765 gratiae
761 2729 792 2754 et
814 2724 958 2755 veritatis
972 2725 1006 2760 *3
1038 2725 1147 2754 caritas
1170 2734 1237 2754 non
1261 2734 1293 2754 se
1317 2729 1404 2754 tenet

99 2737 163 2753 vers.
179 2737 213 2758 ¹⁴-

2472 231 2514 268 13

1450 310 1483 339 in
1507 309 1634 340 Christo
1666 321 1704 341 ex
1728 317 1814 350 parte
1839 311 1899 341 Dei
1923 317 1957 340 ut
1981 312 2033 341 cui
2058 311 2313 342 satisfaciendum
2339 318 2401 347 est,
2432 313 2515 342 sicut

1450 353 1483 383 in
1508 355 1618 384 ceteris
1642 355 1825 385 hominibus
1849 354 1969 384 dictum
1986 360 2032 384 est
2048 357 2063 371 ἦ
2089 357 2283 395 computari;
2308 355 2363 386 sed
2379 366 2411 386 se
2428 361 2515 386 tenet

1451 407 1488 426 ex
1512 403 1599 437 parte
1622 408 1777 437 personae
1802 397 2028 434 satisfacientis,
2045 399 2108 429 hoc
2132 406 2187 435 est,
2208 401 2306 439 ipsius
2325 400 2385 430 Dei
2408 405 2443 429 ut
2467 409 2514 429 sa-

1450 440 1591 471 tisfactor
1614 448 1669 472 est.
1705 443 1746 472 Et
1768 447 1936 482 propterea
1965 451 2032 472 non
2055 448 2161 482 potest
2192 443 2230 473 de
2255 443 2371 474 Christi
2395 443 2514 474 satisfa-

1451 485 1557 515 ctione
1582 485 1643 515 dici
1667 485 1756 525 quod
1773 491 1819 516 est
1842 486 2044 525 aequivalens
2060 496 2117 526 per
2133 489 2384 526 acceptationem
2401 494 2432 517 et
2446 497 2513 517 non

1450 539 1508 568 per
1538 529 1780 569 aequalitatem,
1815 530 1897 560 sicut
1932 530 1970 560 de
2002 530 2138 560 aliorum
2169 530 2434 562 satisfactionibus
2469 530 2515 561 di-

1452 579 1540 602 ctum
1565 579 1611 603 est
1627 574 1653 603 ἢ
1886 574 1890 583 “
2335 587 2338 589 Α

1505 616 1587 647 XIII.
1611 617 1662 647 Ad
1687 623 1835 657 quartum
1859 617 1993 654 dubium
2009 619 2035 653 ὕ,
2059 617 2322 658 praedeclaranda
2342 624 2388 648 est
2403 619 2515 648 veritas

1451 661 1511 690 rei:
1538 666 1568 690 et
1592 661 1705 691 deinde
1729 660 1768 691 ad
1783 662 1878 691 verba
1894 662 2043 691 Auctoris
2067 662 2325 700 descendendum
2343 668 2398 692 est.
2424 662 2516 692 Chri-

1450 709 1516 734 stus
1540 705 1717 740 Dominus,
1742 705 1920 735 secundum
1944 706 2122 741 veritatem,
2147 706 2315 746 dupliciter
2338 712 2446 736 causat
2468 716 2515 736 sa-

1450 748 1663 779 tisfactionem
1687 755 1844 779 nostram:
1869 750 1984 788 primo,
2009 755 2045 779 ut
2069 759 2200 780 causans
2224 751 2384 780 caritatem
2402 756 2432 780 et
2447 760 2516 790 gra-

1450 793 1527 822 tiam
1550 793 1583 822 in
1606 793 1710 828 nobis,
1735 802 1799 832 qua
1822 793 1991 823 satisfactio
2008 799 2115 824 nostra
2138 799 2336 834 acceptatur;
2361 794 2515 829 secundo,

1451 841 1487 866 ut
1510 836 1687 866 satisfactor
1709 836 1849 876 perfecte
1879 847 1938 876 pro
1962 838 2100 876 peccatis
2130 839 2227 868 totius
2256 838 2378 869 mundi.
2414 839 2455 868 Et
2478 848 2516 868 ex

1451 880 1525 915 hoc,
1550 880 1719 910 satisfactio
1744 891 1815 910 mea
1838 881 1932 911 habet
1955 891 1992 911 ex
2010 881 2137 911 duobus
2154 882 2309 921 capitibus
2326 882 2515 912 efficaciam:

2542 362 2551 371 ⁸
2567 360 2636 382 Num.
2652 366 2690 382 vui
2699 366 2752 387 sqq.

2541 576 2551 586 ·
2566 575 2636 596 Num.
2651 581 2674 595 x.

2542 624 2552 634 ⁴
2566 623 2637 645 Num.
2651 629 2684 644 vi·

1451 924 1567 964 primo,
1593 934 1630 954 ex
1654 925 1780 954 caritate
1804 925 1836 954 in
1860 934 1922 959 me,
1941 934 2005 964 qua
2027 924 2063 955 fit
2087 931 2117 955 et
2141 931 2187 955 est
2211 926 2281 956 Deo
2299 932 2445 966 accepta:
2466 936 2514 956 se·
2551 954 2555 958 .

1453 968 1572 1003 cundo,
1590 977 1626 997 ex
1643 968 1706 998 hoc
1723 968 1812 1008 quod
1829 969 1972 998 innititur
1987 978 2083 1008 super
2098 969 2311 1000 satisfactione
2328 970 2455 1000 Christi.
2476 970 2517 1000 Et

1453 1012 1609 1051 quoniam
1624 1017 1739 1042 neutro
1756 1012 1855 1042 modo
1872 1012 2041 1042 satisfactio
2065 1023 2136 1043 mea
2152 1019 2198 1043 est
2221 1013 2380 1044 sufficiens
2397 1014 2516 1053 simpli—

1454 1056 1540 1091 citer,
1557 1055 1612 1085 sed
1631 1056 1809 1086 secundum
1826 1057 2089 1096 acceptationem,
2107 1058 2182 1097 quia
2198 1058 2307 1087 caritas
2324 1068 2356 1088 se
2376 1064 2463 1088 tenet
2479 1068 2517 1088 ex

1452 1105 1541 1139 parte
1557 1099 1617 1129 Dei
1642 1101 1844 1139 acceptantis,
1862 1106 1892 1130 et
1911 1101 2161 1130 communicatio
2181 1101 2401 1132 satisfactionis
2425 1101 2517 1132 Chri—

1453 1143 1491 1173 sti
1522 1143 1769 1173 misericorditer
1791 1144 1870 1173 mihi
1899 1143 1944 1179 fit,
1961 1154 2029 1174 non
2051 1144 2269 1175 transferendo
2293 1146 2516 1185 aequalitatem

1453 1187 1638 1226 simpliciter
1653 1187 1685 1216 in
1710 1197 1815 1217 meam
1831 1187 2086 1223 satisfactionem,
2104 1188 2159 1218 sed
2182 1189 2254 1228 plus
2271 1194 2302 1218 et
2324 1190 2430 1219 minus
2446 1199 2517 1229 par-

1452 1231 1637 1270 ticipantem
1661 1230 1779 1261 Christi
1802 1230 2049 1261 satisfactionem
2079 1232 2320 1262 constituendo:
2346 1233 2419 1262 ideo
2449 1243 2517 1263 non

1454 1280 1501 1304 est
1523 1284 1634 1304 sensus
1650 1275 1745 1304 huius
1762 1274 1882 1304 litterae
1899 1274 1989 1314 quod
2005 1275 2174 1305 satisfactio
2190 1285 2262 1305 mea
2277 1276 2391 1306 habeat
2414 1276 2517 1307 effica-

1454 1319 1536 1348 ciam
1566 1319 1762 1358 aequalitatis
1792 1319 1977 1358 simpliciter
2009 1329 2047 1349 ex
2074 1319 2286 1350 satisfactione
2318 1319 2451 1356 Christi,
2482 1326 2518 1351 ut

1454 1362 1618 1392 obiectum
1641 1368 1702 1398 est;
1732 1362 1788 1392 sed
1811 1368 1858 1392 est
1880 1372 1991 1393 sensus
2015 1363 2105 1402 quod
2127 1364 2221 1393 habet
2244 1373 2281 1393 ex
2305 1364 2517 1394 satisfactione

1455 1405 1572 1436 Christi
1595 1405 1768 1436 efficaciam
1798 1406 1879 1436 sicut
1902 1406 2087 1446 imperfecta
2116 1408 2332 1447 participative
2357 1409 2478 1445 habent
2500 1418 2518 1438 a

1453 1449 1600 1490 perfectis
1626 1460 1692 1480 esse
1717 1455 1748 1480 et
1776 1459 1887 1490 posse,
1913 1451 1994 1480 sicut
2023 1451 2119 1490 ignita
2142 1451 2259 1481 habent
2286 1452 2324 1481 ab
2354 1453 2427 1492 igne
2451 1451 2517 1482 effi-

1455 1503 1584 1524 caclam.

1508 1538 1576 1568 Nec
1599 1539 1632 1567 in
1649 1537 1691 1567 IV
1706 1538 1793 1568 Sent.
1817 1538 1940 1568 Auctor
1963 1539 2158 1569 contrarium
2175 1538 2260 1574 dicit,
2277 1539 2332 1570 sed
2353 1539 2428 1570 dicit
2442 1541 2516 1570 hoc.

1453 1582 1618 1620 Quoniam
1641 1581 1736 1612 docet
1759 1581 1862 1621 quod,
1888 1588 2045 1622 quantum
2069 1583 2107 1613 ad
2131 1584 2194 1613 hoc
2217 1583 2306 1623 quod
2330 1589 2376 1614 est
2399 1583 2518 1614 satisfa-

1453 1627 1595 1656 ctionem
1618 1635 1725 1655 meam
1748 1635 1816 1656 non
1839 1635 1907 1656 esse
1930 1626 2141 1656 sufficientem
2165 1628 2348 1667 simpliciter
2379 1627 2435 1658 sed
2460 1637 2518 1667 per

1453 1670 1708 1709 acceptationem
1732 1669 1887 1705 divinam,
1918 1670 1951 1699 in
1975 1670 2060 1700 idem
2084 1670 2163 1700 redit
2187 1670 2291 1700 dicere
2320 1671 2409 1711 quod
2432 1672 2519 1701 satis-

1452 1713 1549 1743 factio
1581 1723 1653 1742 mea
1683 1718 1729 1742 est
1759 1722 1796 1743 ex
1821 1714 1961 1749 caritate,
1986 1719 2017 1743 et
2040 1723 2077 1743 ex
2101 1715 2332 1744 communione
2362 1716 2519 1754 passionis

1453 1757 1582 1787 Christi.
1607 1757 1647 1786 Et
1670 1757 1733 1786 hoc
1756 1766 1869 1786 verum
1888 1763 1950 1787 est:
1976 1758 2051 1797 quia
2074 1767 2111 1787 ex
2126 1764 2242 1788 neutro
2261 1759 2362 1798 capite
2378 1759 2520 1789 redditur

1454 1800 1616 1830 sufficiens
1639 1801 1672 1830 in
1696 1810 1729 1830 se
1753 1801 1948 1840 simpliciter.

1510 1844 1732 1875 Consideravit
1776 1854 1909 1884 quoque
1946 1844 2064 1875 ibidem
2102 1845 2227 1875 Auctor
2271 1845 2518 1877 satisfactionem

1453 1898 1559 1919 meam
1582 1894 1618 1918 ut
1634 1894 1681 1918 est
1705 1898 1742 1918 ex
1765 1889 1879 1918 merito
1900 1888 2017 1919 Christi
2040 1899 2096 1928 per
2113 1890 2380 1920 communionem
2402 1891 2518 1930 gratiae

1455 1938 1486 1963 et
1509 1933 1653 1962 caritatis.
1687 1932 1727 1962 Et
1750 1931 1823 1962 ideo
1855 1932 1931 1962 dixit
1955 1932 2060 1972 quod,
2085 1934 2110 1963 si
2134 1933 2260 1964 aliunde
2291 1935 2423 1974 gratiam
2447 1936 2518 1974 quis

1454 1977 1600 2010 haberet,
1625 1976 1741 2006 eodem
1763 1976 1882 2013 modo,
1908 1977 2028 2007 scilicet
2051 1977 2229 2007 secundum
2253 1979 2518 2018 acceptationem,

1454 2020 1655 2051 satisfaceret.
1680 2020 1743 2050 Hic
1766 2026 1874 2050 autem
1903 2021 1996 2050 altius
2019 2026 2051 2063 et
2080 2020 2254 2052 formaliter
2284 2022 2519 2062 contemplatus

1455 2070 1502 2094 est
1516 2063 1763 2094 satisfactionem
1781 2064 1897 2094 Christi
1913 2070 1948 2095 ut
1963 2064 2138 2104 perfectam
2158 2066 2344 2105 simpliciter
2358 2067 2391 2096 in
2408 2066 2519 2096 ordine

1454 2107 1716 2138 satisfactionum.
1737 2108 1778 2138 Et
1793 2108 1912 2139 addidit
1927 2109 2026 2148 priori
2042 2108 2205 2140 doctrinae
2222 2110 2311 2150 quod
2326 2110 2401 2140 hinc
2414 2111 2520 2141 omnis

1454 2153 1527 2192 puri
1541 2153 1681 2182 hominis
1697 2151 1866 2182 satisfactio
1883 2158 2076 2183 sustentatur
2090 2163 2186 2193 super
2201 2153 2415 2184 satisfactione
2428 2154 2520 2185 Chri-

1455 2197 1503 2226 sti.
1528 2196 1573 2226 Ita
1597 2195 1695 2236 quod,
1719 2196 1745 2225 si
1761 2196 1833 2235 quis
1849 2196 1976 2227 aliunde
1991 2197 2123 2236 gratiam
2139 2197 2268 2228 haberet
2283 2208 2351 2228 non
2367 2204 2402 2228 ut
2417 2208 2520 2229 mem-

1453 2240 1548 2270 brum
1565 2239 1691 2275 Christi,
1704 2238 1873 2270 satisfactio
1891 2241 1959 2270 eius
1975 2246 2056 2271 esset
2072 2241 2251 2272 secundum
2267 2243 2519 2282 acceptationem

1455 2293 1493 2314 ex
1509 2284 1615 2314 divina
1637 2283 1853 2314 misericordia
1868 2293 1925 2324 per
1948 2285 2109 2315 caritatem
2132 2285 2327 2325 gratificante
2350 2286 2446 2322 illam,
2464 2286 2519 2318 sed

1455 2338 1523 2358 non
1551 2329 1681 2358 haberet
1711 2327 1884 2358 efficaciam
1907 2337 1946 2358 ex
1975 2328 2189 2359 satisfactione
2220 2329 2354 2360 Christi:
2387 2336 2418 2360 et
2444 2330 2518 2360 ideo

1454 2371 1672 2412 imperfectior
1695 2377 1787 2402 esset.
1811 2372 1883 2402 Mea
1906 2377 2013 2402 autern
2032 2372 2213 2409 satisfactio,
2239 2374 2314 2413 quia
2336 2375 2518 2404 membrum

1456 2416 1574 2447 Christi
1597 2425 1686 2452 sum,
1711 2415 1819 2446 efficax
1843 2421 1890 2446 est
1919 2421 1950 2446 et
1973 2425 2010 2446 ex
2035 2417 2161 2447 caritate
2192 2422 2223 2447 et
2246 2427 2284 2447 ex
2307 2417 2518 2448 satisfactione

1455 2460 1583 2491 Christi.
1607 2459 1648 2490 Et
1671 2460 1747 2499 quia
1771 2469 1808 2490 ex
1832 2459 1948 2490 Christi
1972 2461 2074 2500 capite
2098 2466 2129 2490 et
2150 2461 2244 2491 nobis
2266 2461 2416 2491 membris
2440 2471 2518 2491 con-

1455 2504 1595 2534 stituitur
1616 2513 1681 2533 una
1703 2513 1839 2544 persona
1862 2504 2010 2544 mystica,
2035 2504 2109 2534 ideo
2133 2504 2303 2535 satisfactio
2327 2514 2415 2541 mea,
2440 2515 2518 2535 con-

1454 2548 1564 2578 iuncta
1586 2547 1792 2578 satisfactioni
1816 2547 1949 2583 Christi,
1979 2547 2015 2578 fit
2038 2549 2178 2588 aequalis
2201 2548 2386 2588 simpliciter
2411 2554 2448 2578 ut
2471 2554 2518 2579 est

1455 2591 1625 2622 satisfactio
1649 2592 1800 2632 mysticae
1819 2601 1983 2632 personae.
2008 2592 2111 2622 Immo
2136 2598 2167 2622 et
2189 2592 2386 2632 quandoque
2408 2602 2518 2632 super-

1457 2635 1595 2666 excedit:
1620 2636 1707 2666 iuxta
1729 2635 1808 2666 illud
1831 2635 1871 2666 ad
1895 2636 2019 2666 Coloss.
2036 2646 2047 2665 1
2062 2637 2092 2666 *2
2117 2636 2282 2676 Adimpleo
2307 2646 2344 2666 ea
2367 2646 2449 2677 quae
2464 2637 2517 2667 de-

1455 2685 1531 2711 sunt
1546 2680 1737 2720 passionum
1764 2680 1885 2710 Christi
1914 2680 1946 2710 in
1971 2689 2070 2710 carne
2092 2690 2162 2711 mea
2182 2691 2248 2721 pro
2272 2690 2409 2720 corpore
2432 2681 2516 2716 eius,

1457 2723 1544 2764 quod
1565 2729 1614 2754 est
1634 2723 1790 2754 Ecclesia.

1138 2896 1350 2938 ARTICU
1358 2896 1456 2938 LUS
1491 2895 1720 2938 TERTIUS

565 3005 739 3041 UTRUM,
763 3005 798 3036 SI
821 3004 952 3036 HOMO
976 3006 1068 3037 NON
1091 3006 1355 3044 PECCASSET,
1372 2994 1658 3038 NIHILOMINUS
1681 3006 1793 3036 DEUS
1817 3004 2094 3036 INCARNATUS
2117 2982 2292 3036 FUISSET

905 3101 936 3125 111
957 3101 1046 3131 Sem„
1066 3102 1124 3128 dist.
1143 3110 1160 3133 ι,
1181 3111 1224 3135 qu.
1243 3110 1261 3133 1,
1280 3108 1326 3128 art.
1347 3103 1376 3133 35
1397 3103 1405 3127 1
1424 3103 1462 3127 ad
1484 3102 1563 3132 Tim„
1584 3109 1638 3134 cap.
1658 3109 1680 3132 1,
1700 3101 1757 3126 lect.
1775 3108 1810 3125 iv,

382 3215 441 3254 :2⁴3⁹
457 3215 529 3258 γῇς(
553 3209 575 3234 D
594 3208 753 3234 TERTIUM
773 3208 824 3233 sic
844 3208 1078 3234 paocssm‘rua.
1103 3197 1265 3234 Videtur
1283 3198 1400 3246 quod,

376 3251 523 3309 535'424‘5330
536 3300 541 3304 ἱ
555 3249 586 3286 si
622 3250 744 3287 homo
786 3261 866 3286 non
907 3257 1116 3298 peccasset,
1152 3249 1403 3287 nihilominus

362 3330 382 3350 ¹.»
397 3302 405 3313 '
421 3317 479 3355 γ,
495 3308 521 3341 ’ἢ
555 3302 661 3339 Deus
683 3301 900 3339 incarnatus
928 3301 1067 3338 fuisset.
1097 3302 1279 3338 Manente
1299 3302 1403 3339 enim

364 3350 366 3353 ’
400 3328 494 3384 (⁶⁴⁹3
511 3346 541 3387 &a
556 3367 683 3400 causa,
703 3362 834 3391 manet
853 3355 1022 3391 effectus.
1054 3354 1129 3391 Sed
1156 3353 1253 3391 sicut
1273 3355 1403 3402 Augu-

345 3405 465 3442 stinus
492 3404 591 3453 dicit,
613 3408 695 3444 XIII
719 3408 764 3444 de
785 3410 821 3445 T
818 3409 888 3444 rin.
904 3407 934 3454 ²⁸,
955 3408 1030 3444 alia
1058 3408 1173 3443 multa
1199 3413 1282 3444 sunt
1309 3409 1403 3454 cogi-

345 3457 458 3495 tanda
485 3459 523 3495 in
562 3461 698 3497 Christi
730 3462 987 3497 incarnatione
1019 3467 1168 3508 praeter
1201 3460 1403 3497 absolutio-

53 3521 58 3524 ·
107 3502 303 3546 ‘Art-'praeces
345 3522 437 3547 nem
465 3522 487 3547 a
514 3519 691 3560 peccato,
721 3513 768 3549 de
798 3512 939 3561 quibus
975 3512 1120 3549 dictum
1149 3520 1204 3549 est
1221 3512 1252 3549 ⁵¹².
1289 3514 1401 3561 Ergo,

47 3398 55 3430 Ι,
108 3411 119 3420 ·
132 3410 188 3438 Cap.
204 3415 259 3432 xvn.

1456 3197 1570 3234 etiam
1599 3197 1629 3234 si
1658 3198 1778 3235 homo
1807 3200 1887 3234 non
1921 3195 2131 3247 peccasset',
2157 3198 2264 3234 Deus
2300 3196 2516 3234 incarnatus

1455 3250 1596 3286 fuisset.

1512 3314 1546 3339 2.
1576 3303 1808 3349 PRAETEREA,
1838 3303 1886 3340 ad
1915 3302 2235 3352 omnipotentiam
2263 3302 2415 3339 divinae
2440 3301 2516 3338 vir-

1456 3354 1544 3391 tutis
1572 3354 1734 3404 pertinet
1761 3363 1804 3392 ut
1831 3367 1950 3404 opera
1977 3368 2047 3392 sua
2074 3355 2254 3404 perficiat,
2275 3362 2311 3391 et
2330 3367 2369 3391 se
2394 3354 2515 3391 mani-

1456 3408 1562 3444 festet
1580 3419 1650 3457 per
1668 3408 1837 3457 aliquem
1864 3407 2057 3445 infinitum
2086 3408 2276 3445 effectum.
2308 3407 2383 3444 Sed
2411 3408 2516 3443 nulla

1456 3473 1554 3509 pura
1581 3468 1753 3497 creatura
1780 3468 1904 3510 potest
1927 3460 2001 3497 dici
2021 3460 2190 3497 infinitus
2218 3460 2393 3496 effectus:
2423 3470 2514 3496 cum

1458 3513 1503 3550 sit
1517 3513 1623 3550 finita
1642 3525 1711 3563 per
1730 3526 1841 3550 suam
1861 3513 2074 3550 essentiam.
2095 3514 2137 3550 In
2152 3514 2233 3550 solo
2249 3520 2378 3549 autem
2399 3523 2514 3561 opere

2546 2645 2555 2655 ⁸
2572 2644 2636 2666 Vers.
2653 2650 2692 2671 ²4·
