<?xml version="1.0" encoding="UTF-8"?>
<!DOCTYPE html PUBLIC "-//W3C//DTD XHTML 1.0 Transitional//EN"
    "http://www.w3.org/TR/xhtml1/DTD/xhtml1-transitional.dtd">
<html xmlns="http://www.w3.org/1999/xhtml" xml:lang="en" lang="en">
 <head>
  <title>
</title>
<meta http-equiv="Content-Type" content="text/html;charset=utf-8" />
  <meta name='ocr-system' content='tesseract 3.04.00' />
  <meta name='ocr-capabilities' content='ocr_page ocr_carea ocr_par ocr_line ocrx_word'/>
</head>
<body>
  <div class='ocr_page' id='page_1' title='image "./operaomniaiussui11thom_0309.png"; bbox 0 0 2872 3970; ppageno 0'>
   <div class='ocr_carea' id='block_1_1' title="bbox 0 60 205 916">
    <p class='ocr_par' dir='ltr' id='par_1_1' title="bbox 0 60 205 916">
     <span class='ocr_line' id='line_1_1' title="bbox 0 60 205 916; baseline 0 0"><span class='ocrx_word' id='word_1_1' title='bbox 0 60 205 916; x_wconf 95' lang='lat' dir='ltr'><strong> </strong></span> 
     </span>
    </p>
   </div>
   <div class='ocr_carea' id='block_1_2' title="bbox 0 1132 223 3970">
    <p class='ocr_par' dir='ltr' id='par_1_2' title="bbox 0 1132 223 3970">
     <span class='ocr_line' id='line_1_2' title="bbox 0 1132 223 3970; baseline 0 0"><span class='ocrx_word' id='word_1_2' title='bbox 0 1132 223 3970; x_wconf 95' lang='lat' dir='ltr'><strong> </strong></span> 
     </span>
    </p>
   </div>
   <div class='ocr_carea' id='block_1_3' title="bbox 913 302 1700 350">
    <p class='ocr_par' dir='ltr' id='par_1_3' title="bbox 913 302 1700 350">
     <span class='ocr_line' id='line_1_3' title="bbox 913 302 1700 350; baseline 0.001 -11"><span class='ocrx_word' id='word_1_3' title='bbox 913 302 1174 348; x_wconf 90' lang='lat' dir='ltr'><strong>QUAESTIO</strong></span> <span class='ocrx_word' id='word_1_4' title='bbox 1204 303 1307 350; x_wconf 88' lang='lat' dir='ltr'>XXI,</span> <span class='ocrx_word' id='word_1_5' title='bbox 1336 303 1627 341; x_wconf 89' lang='lat' dir='ltr'><strong>ARTICULUS</strong></span> <span class='ocrx_word' id='word_1_6' title='bbox 1654 305 1700 340; x_wconf 89' lang='lat'><strong>111</strong></span> 
     </span>
    </p>
   </div>
   <div class='ocr_carea' id='block_1_4' title="bbox 2310 301 2384 346">
    <p class='ocr_par' dir='ltr' id='par_1_4' title="bbox 2310 301 2384 346">
     <span class='ocr_line' id='line_1_4' title="bbox 2310 301 2384 346; baseline 0 -7"><span class='ocrx_word' id='word_1_7' title='bbox 2310 301 2384 346; x_wconf 84' lang='lat'><strong>253</strong></span> 
     </span>
    </p>
   </div>
   <div class='ocr_carea' id='block_1_5' title="bbox 224 380 2386 432">
    <p class='ocr_par' dir='ltr' id='par_1_5' title="bbox 224 380 2386 432">
     <span class='ocr_line' id='line_1_5' title="bbox 224 380 2386 432; baseline 0.001 -14"><span class='ocrx_word' id='word_1_8' title='bbox 224 380 319 430; x_wconf 86' lang='lat' dir='ltr'><strong>quid</strong></span> <span class='ocrx_word' id='word_1_9' title='bbox 353 382 450 419; x_wconf 88' lang='lat' dir='ltr'><strong>velle</strong></span> <span class='ocrx_word' id='word_1_10' title='bbox 486 382 595 431; x_wconf 93' lang='lat' dir='ltr'><strong>quod</strong></span> <span class='ocrx_word' id='word_1_11' title='bbox 630 382 737 419; x_wconf 91' lang='lat' dir='ltr'><strong>Deus</strong></span> <span class='ocrx_word' id='word_1_12' title='bbox 773 393 854 418; x_wconf 91' lang='lat' dir='ltr'><strong>non</strong></span> <span class='ocrx_word' id='word_1_13' title='bbox 889 381 971 417; x_wconf 90' lang='lat' dir='ltr'><strong>vult</strong></span> <span class='ocrx_word' id='word_1_14' title='bbox 992 380 1023 417; x_wconf 60' lang='lat'><strong>²⁸.</strong></span> <span class='ocrx_word' id='word_1_15' title='bbox 1052 380 1205 427; x_wconf 87' lang='lat' dir='ltr'><strong>Tertio,</strong></span> <span class='ocrx_word' id='word_1_16' title='bbox 1237 388 1280 418; x_wconf 92' lang='lat' dir='ltr'><strong>ut</strong></span> <span class='ocrx_word' id='word_1_17' title='bbox 1304 382 1308 422; x_wconf 98' lang='grc' dir='ltr'>Ι</span> <span class='ocrx_word' id='word_1_18' title='bbox 1333 381 1373 419; x_wconf 86' lang='grc'><strong>111</strong></span> <span class='ocrx_word' id='word_1_19' title='bbox 1401 382 1529 419; x_wconf 86' lang='grc'>1)011111</span> <span class='ocrx_word' id='word_1_20' title='bbox 1557 382 1709 427; x_wconf 86' lang='lat' dir='ltr'><strong>vivum,</strong></span> <span class='ocrx_word' id='word_1_21' title='bbox 1739 395 1819 420; x_wconf 91' lang='lat' dir='ltr'><strong>non</strong></span> <span class='ocrx_word' id='word_1_22' title='bbox 1847 395 1915 432; x_wconf 88' lang='lat' dir='ltr'><strong>per</strong></span> <span class='ocrx_word' id='word_1_23' title='bbox 1942 391 2069 420; x_wconf 89' lang='lat' dir='ltr'><strong>actum</strong></span> <span class='ocrx_word' id='word_1_24' title='bbox 2103 382 2225 420; x_wconf 89' lang='lat' dir='ltr'><strong>carnis</strong></span> <span class='ocrx_word' id='word_1_25' title='bbox 2257 395 2386 421; x_wconf 90' lang='lat' dir='ltr'><strong>ascen-</strong></span> 
     </span>
    </p>
   </div>
   <div class='ocr_carea' id='block_1_6' title="bbox 177 433 1281 1059">
    <p class='ocr_par' dir='ltr' id='par_1_6' title="bbox 177 433 1281 1008">
     <span class='ocr_line' id='line_1_6' title="bbox 225 433 1278 484; baseline -0.001 -13"><span class='ocrx_word' id='word_1_26' title='bbox 225 434 399 471; x_wconf 86' lang='lat' dir='ltr'><strong>ostendat</strong></span> <span class='ocrx_word' id='word_1_27' title='bbox 432 435 540 483; x_wconf 92' lang='lat' dir='ltr'><strong>quod</strong></span> <span class='ocrx_word' id='word_1_28' title='bbox 566 434 768 484; x_wconf 91' lang='lat' dir='ltr'><strong>proprium</strong></span> <span class='ocrx_word' id='word_1_29' title='bbox 803 433 984 470; x_wconf 86' lang='lat' dir='ltr'><strong>affectum</strong></span> <span class='ocrx_word' id='word_1_30' title='bbox 1012 433 1124 470; x_wconf 90' lang='lat' dir='ltr'><strong>debet</strong></span> <span class='ocrx_word' id='word_1_31' title='bbox 1157 434 1278 470; x_wconf 91' lang='lat' dir='ltr'><strong>homo</strong></span> 
     </span>
     <span class='ocr_line' id='line_1_7' title="bbox 223 485 1278 533; baseline -0.003 -8"><span class='ocrx_word' id='word_1_32' title='bbox 223 485 376 525; x_wconf 86' lang='lat' dir='ltr'><strong>divinae</strong></span> <span class='ocrx_word' id='word_1_33' title='bbox 395 487 582 525; x_wconf 89' lang='lat' dir='ltr'><strong>voluntati</strong></span> <span class='ocrx_word' id='word_1_34' title='bbox 601 486 797 523; x_wconf 90' lang='lat' dir='ltr'><strong>subiicere.</strong></span> <span class='ocrx_word' id='word_1_35' title='bbox 827 486 939 523; x_wconf 90' lang='lat' dir='ltr'><strong>Unde</strong></span> <span class='ocrx_word' id='word_1_36' title='bbox 962 485 1198 533; x_wconf 85' lang='lat' dir='ltr'><strong>Augustinus</strong></span> <span class='ocrx_word' id='word_1_37' title='bbox 1224 486 1278 522; x_wconf 95' lang='lat' dir='ltr'><strong>di-</strong></span> 
     </span>
     <span class='ocr_line' id='line_1_8' title="bbox 186 537 1277 588; baseline -0.003 -11"><span class='ocrx_word' id='word_1_38' title='bbox 186 582 198 588; x_wconf 54' lang='grc'><em>,</em></span> <span class='ocrx_word' id='word_1_39' title='bbox 223 537 283 585; x_wconf 83' lang='lat' dir='ltr'><strong>cit,</strong></span> <span class='ocrx_word' id='word_1_40' title='bbox 302 538 344 580; x_wconf 76' lang='lat' dir='ltr'><strong>in</strong></span> <span class='ocrx_word' id='word_1_41' title='bbox 360 539 550 576; x_wconf 85' lang='lat' dir='ltr'><strong>Enchirid.</strong></span> <span class='ocrx_word' id='word_1_42' title='bbox 570 538 607 575; x_wconf 76' lang='grc' dir='ltr'><strong>*ε</strong></span> <span class='ocrx_word' id='word_1_43' title='bbox 637 540 698 576; x_wconf 88' lang='lat' dir='ltr'><strong>Sic</strong></span> <span class='ocrx_word' id='word_1_44' title='bbox 724 539 898 583; x_wconf 81' lang='lat' dir='ltr'><strong>Christus,</strong></span> <span class='ocrx_word' id='word_1_45' title='bbox 918 539 1104 574; x_wconf 82' lang='lat' dir='ltr'><strong>hominem</strong></span> <span class='ocrx_word' id='word_1_46' title='bbox 1130 550 1277 587; x_wconf 81' lang='lat' dir='ltr'><strong>gerens,</strong></span> 
     </span>
     <span class='ocr_line' id='line_1_9' title="bbox 177 587 1278 640; baseline 0 -12"><span class='ocrx_word' id='word_1_47' title='bbox 177 587 197 620; x_wconf 83' lang='lat'><strong>&#39;·</strong></span> <span class='ocrx_word' id='word_1_48' title='bbox 223 590 376 629; x_wconf 78' lang='lat' dir='ltr'><em>ostendit</em></span> <span class='ocrx_word' id='word_1_49' title='bbox 395 593 585 640; x_wconf 80' lang='lat' dir='ltr'><strong>privatam</strong></span> <span class='ocrx_word' id='word_1_50' title='bbox 622 591 810 640; x_wconf 84' lang='lat' dir='ltr'><strong>quandam</strong></span> <span class='ocrx_word' id='word_1_51' title='bbox 845 591 1004 627; x_wconf 85' lang='lat' dir='ltr'><strong>hominis</strong></span> <span class='ocrx_word' id='word_1_52' title='bbox 1038 590 1278 636; x_wconf 78' lang='lat' dir='ltr'><strong>voluntatem,</strong></span> 
     </span>
     <span class='ocr_line' id='line_1_10' title="bbox 223 643 1280 690; baseline -0.003 -7"><span class='ocrx_word' id='word_1_53' title='bbox 223 653 308 683; x_wconf 84' lang='lat' dir='ltr'><strong>cum</strong></span> <span class='ocrx_word' id='word_1_54' title='bbox 343 643 446 690; x_wconf 84' lang='lat' dir='ltr'><strong>dicit,</strong></span> <span class='ocrx_word' id='word_1_55' title='bbox 477 658 497 677; x_wconf 81' lang='lat'>«</span> <span class='ocrx_word' id='word_1_56' title='bbox 522 645 704 681; x_wconf 84' lang='lat' dir='ltr'><em>Transeat</em></span> <span class='ocrx_word' id='word_1_57' title='bbox 733 656 758 680; x_wconf 89' lang='lat' dir='ltr'><strong>a</strong></span> <span class='ocrx_word' id='word_1_58' title='bbox 784 655 846 680; x_wconf 90' lang='lat' dir='ltr'><strong>me</strong></span> <span class='ocrx_word' id='word_1_59' title='bbox 878 643 980 680; x_wconf 88' lang='lat' dir='ltr'><strong>calix</strong></span> <span class='ocrx_word' id='word_1_60' title='bbox 1014 644 1079 679; x_wconf 85' lang='lat' dir='ltr'><strong>iste</strong></span> <span class='ocrx_word' id='word_1_61' title='bbox 1099 658 1132 679; x_wconf 83' lang='lat'><strong>».</strong></span> <span class='ocrx_word' id='word_1_62' title='bbox 1170 645 1280 680; x_wconf 89' lang='lat' dir='ltr'><strong>Haec</strong></span> 
     </span>
     <span class='ocr_line' id='line_1_11' title="bbox 222 695 1280 744; baseline -0.002 -10"><span class='ocrx_word' id='word_1_63' title='bbox 222 697 323 735; x_wconf 69' lang='lat' dir='ltr'><strong>emim</strong></span> <span class='ocrx_word' id='word_1_64' title='bbox 349 701 430 733; x_wconf 86' lang='lat' dir='ltr'><strong>erat</strong></span> <span class='ocrx_word' id='word_1_65' title='bbox 455 697 621 733; x_wconf 85' lang='lat' dir='ltr'><strong>humana</strong></span> <span class='ocrx_word' id='word_1_66' title='bbox 647 696 827 742; x_wconf 83' lang='lat' dir='ltr'><strong>voluntas,</strong></span> <span class='ocrx_word' id='word_1_67' title='bbox 850 697 1050 744; x_wconf 88' lang='lat' dir='ltr'><strong>proprium</strong></span> <span class='ocrx_word' id='word_1_68' title='bbox 1078 695 1227 744; x_wconf 85' lang='lat' dir='ltr'><strong>aliquid,</strong></span> <span class='ocrx_word' id='word_1_69' title='bbox 1248 701 1280 732; x_wconf 87' lang='lat' dir='ltr'><strong>et</strong></span> 
     </span>
     <span class='ocr_line' id='line_1_12' title="bbox 222 748 1281 797; baseline -0.001 -12"><span class='ocrx_word' id='word_1_70' title='bbox 222 753 399 797; x_wconf 72' lang='lat' dir='ltr'><strong>tanquam</strong></span> <span class='ocrx_word' id='word_1_71' title='bbox 420 750 629 797; x_wconf 84' lang='lat' dir='ltr'><strong>privatum,</strong></span> <span class='ocrx_word' id='word_1_72' title='bbox 657 749 793 786; x_wconf 78' lang='lat' dir='ltr'><strong>volens.</strong></span> <span class='ocrx_word' id='word_1_73' title='bbox 823 748 896 785; x_wconf 89' lang='lat' dir='ltr'><strong>Sed</strong></span> <span class='ocrx_word' id='word_1_74' title='bbox 921 749 1007 797; x_wconf 86' lang='lat' dir='ltr'><strong>quia</strong></span> <span class='ocrx_word' id='word_1_75' title='bbox 1039 753 1178 784; x_wconf 85' lang='lat' dir='ltr'><strong>rectum</strong></span> <span class='ocrx_word' id='word_1_76' title='bbox 1205 748 1281 785; x_wconf 77' lang='lat' dir='ltr'><strong>vult</strong></span> 
     </span>
     <span class='ocr_line' id='line_1_13' title="bbox 222 800 1280 850; baseline -0.003 -11"><span class='ocrx_word' id='word_1_77' title='bbox 222 806 300 839; x_wconf 64' lang='lat' dir='ltr'><strong>eme</strong></span> <span class='ocrx_word' id='word_1_78' title='bbox 324 801 533 847; x_wconf 80' lang='lat' dir='ltr'><strong>hominem,</strong></span> <span class='ocrx_word' id='word_1_79' title='bbox 562 807 596 838; x_wconf 89' lang='lat' dir='ltr'><strong>et</strong></span> <span class='ocrx_word' id='word_1_80' title='bbox 621 801 673 838; x_wconf 85' lang='lat' dir='ltr'><strong>ad</strong></span> <span class='ocrx_word' id='word_1_81' title='bbox 697 802 820 838; x_wconf 87' lang='lat' dir='ltr'><strong>Deum</strong></span> <span class='ocrx_word' id='word_1_82' title='bbox 854 801 988 850; x_wconf 82' lang='lat' dir='ltr'><em>dirigi,</em></span> <span class='ocrx_word' id='word_1_83' title='bbox 1016 800 1144 846; x_wconf 79' lang='lat' dir='ltr'><strong>subdit,</strong></span> <span class='ocrx_word' id='word_1_84' title='bbox 1177 814 1196 834; x_wconf 80' lang='lat'>«</span> <span class='ocrx_word' id='word_1_85' title='bbox 1217 802 1280 837; x_wconf 91' lang='lat' dir='ltr'><strong>Ve-</strong></span> 
     </span>
     <span class='ocr_line' id='line_1_14' title="bbox 223 852 1280 903; baseline -0.002 -11"><span class='ocrx_word' id='word_1_86' title='bbox 223 858 419 892; x_wconf 71' lang='lat' dir='ltr'><strong>runtamen</strong></span> <span class='ocrx_word' id='word_1_87' title='bbox 448 865 523 891; x_wconf 80' lang='lat' dir='ltr'><strong>non</strong></span> <span class='ocrx_word' id='word_1_88' title='bbox 550 855 641 890; x_wconf 86' lang='lat' dir='ltr'><strong>sicut</strong></span> <span class='ocrx_word' id='word_1_89' title='bbox 667 865 739 903; x_wconf 83' lang='lat' dir='ltr'><strong>ego</strong></span> <span class='ocrx_word' id='word_1_90' title='bbox 767 852 869 900; x_wconf 66' lang='lat' dir='ltr'><strong>uolo,</strong></span> <span class='ocrx_word' id='word_1_91' title='bbox 897 853 962 890; x_wconf 87' lang='lat' dir='ltr'><strong>sed</strong></span> <span class='ocrx_word' id='word_1_92' title='bbox 986 855 1077 889; x_wconf 87' lang='lat' dir='ltr'><strong>sicut</strong></span> <span class='ocrx_word' id='word_1_93' title='bbox 1103 858 1140 889; x_wconf 82' lang='lat' dir='ltr'><strong>tu</strong></span> <span class='ocrx_word' id='word_1_94' title='bbox 1162 866 1204 889; x_wconf 69' lang='grc' dir='ltr'><strong>»ι</strong></span> <span class='ocrx_word' id='word_1_95' title='bbox 1235 865 1280 890; x_wconf 88' lang='lat' dir='ltr'><strong>ac</strong></span> 
     </span>
     <span class='ocr_line' id='line_1_15' title="bbox 221 904 1279 955; baseline -0.001 -12"><span class='ocrx_word' id='word_1_96' title='bbox 221 907 256 943; x_wconf 87' lang='lat' dir='ltr'><strong>si</strong></span> <span class='ocrx_word' id='word_1_97' title='bbox 280 905 388 952; x_wconf 82' lang='lat' dir='ltr'><strong>dicat,</strong></span> <span class='ocrx_word' id='word_1_98' title='bbox 411 921 431 939; x_wconf 85' lang='lat'><strong>«</strong></span> <span class='ocrx_word' id='word_1_99' title='bbox 451 905 540 943; x_wconf 87' lang='lat' dir='ltr'><strong><em>Vide</em></strong></span> <span class='ocrx_word' id='word_1_100' title='bbox 557 911 592 942; x_wconf 91' lang='lat' dir='ltr'><strong>te</strong></span> <span class='ocrx_word' id='word_1_101' title='bbox 618 907 656 942; x_wconf 88' lang='lat' dir='ltr'><strong>in</strong></span> <span class='ocrx_word' id='word_1_102' title='bbox 675 918 755 943; x_wconf 82' lang='lat' dir='ltr'><strong>me.-</strong></span> <span class='ocrx_word' id='word_1_103' title='bbox 779 908 865 955; x_wconf 84' lang='lat' dir='ltr'><strong>quia</strong></span> <span class='ocrx_word' id='word_1_104' title='bbox 878 911 983 955; x_wconf 82' lang='lat' dir='ltr'><strong>potes</strong></span> <span class='ocrx_word' id='word_1_105' title='bbox 1002 904 1013 930; x_wconf 65' lang='grc' dir='ltr'>ζ</span> <span class='ocrx_word' id='word_1_106' title='bbox 1041 905 1181 954; x_wconf 86' lang='lat' dir='ltr'><strong>aliquid</strong></span> <span class='ocrx_word' id='word_1_107' title='bbox 1191 918 1279 954; x_wconf 89' lang='lat' dir='ltr'><strong>pro-</strong></span> 
     </span>
     <span class='ocr_line' id='line_1_16' title="bbox 217 958 991 1008; baseline -0.001 -13"><span class='ocrx_word' id='word_1_108' title='bbox 217 960 346 1008; x_wconf 89' lang='lat' dir='ltr'><strong>prium</strong></span> <span class='ocrx_word' id='word_1_109' title='bbox 373 958 477 1004; x_wconf 77' lang='lat' dir='ltr'><strong>velle,</strong></span> <span class='ocrx_word' id='word_1_110' title='bbox 506 960 572 995; x_wconf 85' lang='lat' dir='ltr'><strong>etsi</strong></span> <span class='ocrx_word' id='word_1_111' title='bbox 596 959 698 995; x_wconf 86' lang='lat' dir='ltr'><strong>Deus</strong></span> <span class='ocrx_word' id='word_1_112' title='bbox 725 959 829 996; x_wconf 87' lang='lat' dir='ltr'><strong>aliud</strong></span> <span class='ocrx_word' id='word_1_113' title='bbox 852 959 937 996; x_wconf 80' lang='lat' dir='ltr'><strong>velit</strong></span> <span class='ocrx_word' id='word_1_114' title='bbox 958 973 991 994; x_wconf 91' lang='lat'><strong>›&gt;.</strong></span> 
     </span>
    </p>

    <p class='ocr_par' dir='ltr' id='par_1_7' title="bbox 276 1010 1281 1059">
     <span class='ocr_line' id='line_1_17' title="bbox 276 1010 1281 1059; baseline -0.003 -11"><span class='ocrx_word' id='word_1_115' title='bbox 276 1011 334 1048; x_wconf 89' lang='grc' dir='ltr'><strong>Αι)</strong></span> <span class='ocrx_word' id='word_1_116' title='bbox 362 1022 497 1048; x_wconf 71' lang='lat' dir='ltr'><strong>ramum</strong></span> <span class='ocrx_word' id='word_1_117' title='bbox 525 1023 623 1048; x_wconf 82' lang='lat' dir='ltr'><strong>ERco</strong></span> <span class='ocrx_word' id='word_1_118' title='bbox 658 1023 839 1048; x_wconf 79' lang='lat' dir='ltr'><strong>DICENDUM</strong></span> <span class='ocrx_word' id='word_1_119' title='bbox 876 1010 983 1059; x_wconf 91' lang='lat' dir='ltr'><strong>quod</strong></span> <span class='ocrx_word' id='word_1_120' title='bbox 1017 1021 1105 1046; x_wconf 90' lang='lat' dir='ltr'><strong>caro</strong></span> <span class='ocrx_word' id='word_1_121' title='bbox 1141 1010 1281 1046; x_wconf 87' lang='lat' dir='ltr'><strong>exultat</strong></span> 
     </span>
    </p>
   </div>
   <div class='ocr_carea' id='block_1_7' title="bbox 1333 434 2388 1054">
    <p class='ocr_par' dir='ltr' id='par_1_8' title="bbox 1333 434 2386 588">
     <span class='ocr_line' id='line_1_18' title="bbox 1334 434 2386 484; baseline 0.004 -14"><span class='ocrx_word' id='word_1_122' title='bbox 1334 434 1489 473; x_wconf 85' lang='lat' dir='ltr'>dentem</span> <span class='ocrx_word' id='word_1_123' title='bbox 1508 434 1547 471; x_wconf 91' lang='lat' dir='ltr'><strong>in</strong></span> <span class='ocrx_word' id='word_1_124' title='bbox 1565 435 1715 473; x_wconf 91' lang='lat' dir='ltr'><strong>Deum:</strong></span> <span class='ocrx_word' id='word_1_125' title='bbox 1745 436 1812 472; x_wconf 91' lang='lat' dir='ltr'><strong>sed</strong></span> <span class='ocrx_word' id='word_1_126' title='bbox 1830 448 1899 484; x_wconf 92' lang='lat' dir='ltr'><strong>per</strong></span> <span class='ocrx_word' id='word_1_127' title='bbox 1918 436 2211 474; x_wconf 83' lang='lat' dir='ltr'><strong>redundantiam</strong></span> <span class='ocrx_word' id='word_1_128' title='bbox 2230 449 2252 473; x_wconf 92' lang='lat' dir='ltr'><strong>a</strong></span> <span class='ocrx_word' id='word_1_129' title='bbox 2270 437 2386 474; x_wconf 91' lang='lat' dir='ltr'><strong>corde</strong></span> 
     </span>
     <span class='ocr_line' id='line_1_19' title="bbox 1333 485 2386 536; baseline 0.004 -14"><span class='ocrx_word' id='word_1_130' title='bbox 1333 485 1373 522; x_wconf 93' lang='lat' dir='ltr'><strong>in</strong></span> <span class='ocrx_word' id='word_1_131' title='bbox 1400 499 1556 523; x_wconf 91' lang='lat' dir='ltr'><strong>carnem</strong></span> <span class='ocrx_word' id='word_1_132' title='bbox 1568 516 1576 532; x_wconf 91' lang='lat'>‚</span> <span class='ocrx_word' id='word_1_133' title='bbox 1606 487 1836 536; x_wconf 87' lang='lat' dir='ltr'><strong>inquantum</strong></span> <span class='ocrx_word' id='word_1_134' title='bbox 1873 488 2060 536; x_wconf 89' lang='lat' dir='ltr'><strong>appetitus</strong></span> <span class='ocrx_word' id='word_1_135' title='bbox 2097 489 2296 526; x_wconf 90' lang='lat' dir='ltr'><strong>sensitivus</strong></span> <span class='ocrx_word' id='word_1_136' title='bbox 2330 501 2386 526; x_wconf 91' lang='lat' dir='ltr'><strong>se-</strong></span> 
     </span>
     <span class='ocr_line' id='line_1_20' title="bbox 1334 538 2086 588; baseline 0.003 -13"><span class='ocrx_word' id='word_1_137' title='bbox 1334 538 1463 587; x_wconf 88' lang='lat' dir='ltr'><strong>quitur</strong></span> <span class='ocrx_word' id='word_1_138' title='bbox 1490 547 1642 576; x_wconf 91' lang='lat' dir='ltr'><strong>motum</strong></span> <span class='ocrx_word' id='word_1_139' title='bbox 1669 540 1856 588; x_wconf 84' lang='lat' dir='ltr'><strong>appetitus</strong></span> <span class='ocrx_word' id='word_1_140' title='bbox 1885 540 2086 577; x_wconf 80' lang='lat' dir='ltr'><strong>rationalis.</strong></span> 
     </span>
    </p>

    <p class='ocr_par' dir='ltr' id='par_1_9' title="bbox 1333 592 2388 785">
     <span class='ocr_line' id='line_1_21' title="bbox 1386 592 2386 641; baseline 0.002 -13"><span class='ocrx_word' id='word_1_141' title='bbox 1386 592 1443 628; x_wconf 85' lang='lat' dir='ltr'><strong>AD</strong></span> <span class='ocrx_word' id='word_1_142' title='bbox 1471 603 1659 629; x_wconf 77' lang='lat' dir='ltr'>SECUNDUM</span> <span class='ocrx_word' id='word_1_143' title='bbox 1686 604 1866 629; x_wconf 77' lang='lat' dir='ltr'><strong>DICENDUM</strong></span> <span class='ocrx_word' id='word_1_144' title='bbox 1894 593 2020 641; x_wconf 86' lang='lat' dir='ltr'><strong>quod,</strong></span> <span class='ocrx_word' id='word_1_145' title='bbox 2050 593 2133 630; x_wconf 90' lang='lat' dir='ltr'><strong>licet</strong></span> <span class='ocrx_word' id='word_1_146' title='bbox 2167 593 2386 630; x_wconf 88' lang='lat' dir='ltr'><strong>sensualitas</strong></span> 
     </span>
     <span class='ocr_line' id='line_1_22' title="bbox 1333 644 2386 693; baseline 0.004 -14"><span class='ocrx_word' id='word_1_147' title='bbox 1333 644 1410 680; x_wconf 91' lang='lat' dir='ltr'><strong>hoc</strong></span> <span class='ocrx_word' id='word_1_148' title='bbox 1426 644 1590 680; x_wconf 88' lang='lat' dir='ltr'><strong>voluerit</strong></span> <span class='ocrx_word' id='word_1_149' title='bbox 1607 645 1715 692; x_wconf 93' lang='lat' dir='ltr'><strong>quod</strong></span> <span class='ocrx_word' id='word_1_150' title='bbox 1734 645 1827 681; x_wconf 90' lang='lat' dir='ltr'><strong>ratio</strong></span> <span class='ocrx_word' id='word_1_151' title='bbox 1847 645 2008 693; x_wconf 85' lang='lat' dir='ltr'><strong>petebat,</strong></span> <span class='ocrx_word' id='word_1_152' title='bbox 2029 646 2104 682; x_wconf 90' lang='grc'>1100</span> <span class='ocrx_word' id='word_1_153' title='bbox 2122 653 2250 682; x_wconf 90' lang='lat' dir='ltr'><strong>tamen</strong></span> <span class='ocrx_word' id='word_1_154' title='bbox 2276 658 2386 683; x_wconf 92' lang='lat' dir='ltr'><strong>oran-</strong></span> 
     </span>
     <span class='ocr_line' id='line_1_23' title="bbox 1333 696 2388 744; baseline 0.004 -12"><span class='ocrx_word' id='word_1_155' title='bbox 1333 696 1384 732; x_wconf 91' lang='lat' dir='ltr'><strong>do</strong></span> <span class='ocrx_word' id='word_1_156' title='bbox 1412 703 1539 744; x_wconf 89' lang='lat' dir='ltr'><strong>petere</strong></span> <span class='ocrx_word' id='word_1_157' title='bbox 1559 708 1649 735; x_wconf 21' lang='lat' dir='ltr'><strong>nono</strong></span> <span class='ocrx_word' id='word_1_158' title='bbox 1667 704 1745 734; x_wconf 90' lang='lat' dir='ltr'><strong>erat</strong></span> <span class='ocrx_word' id='word_1_159' title='bbox 1773 697 2033 743; x_wconf 84' lang='lat' dir='ltr'><strong>sensualitatis,</strong></span> <span class='ocrx_word' id='word_1_160' title='bbox 2060 698 2128 735; x_wconf 90' lang='lat' dir='ltr'><strong>sed</strong></span> <span class='ocrx_word' id='word_1_161' title='bbox 2155 698 2320 744; x_wconf 89' lang='lat' dir='ltr'><strong>rationis,</strong></span> <span class='ocrx_word' id='word_1_162' title='bbox 2345 706 2388 741; x_wconf 87' lang='lat' dir='ltr'><strong>ut</strong></span> 
     </span>
     <span class='ocr_line' id='line_1_24' title="bbox 1335 748 1611 785; baseline 0.004 -1"><span class='ocrx_word' id='word_1_163' title='bbox 1335 748 1480 785; x_wconf 87' lang='lat' dir='ltr'><strong>dictum</strong></span> <span class='ocrx_word' id='word_1_164' title='bbox 1508 756 1562 784; x_wconf 90' lang='lat' dir='ltr'><strong>est</strong></span> <span class='ocrx_word' id='word_1_165' title='bbox 1580 749 1611 785; x_wconf 68' lang='lat'><strong>¹⁸.</strong></span> 
     </span>
    </p>

    <p class='ocr_par' dir='ltr' id='par_1_10' title="bbox 1333 801 2388 1054">
     <span class='ocr_line' id='line_1_25' title="bbox 1388 801 2388 852; baseline 0.005 -16"><span class='ocrx_word' id='word_1_166' title='bbox 1388 801 1444 837; x_wconf 81' lang='lat' dir='ltr'><strong>An</strong></span> <span class='ocrx_word' id='word_1_167' title='bbox 1471 812 1628 838; x_wconf 77' lang='lat' dir='ltr'>TERTIUM</span> <span class='ocrx_word' id='word_1_168' title='bbox 1656 813 1835 839; x_wconf 73' lang='lat' dir='ltr'><strong>mcaNDUM</strong></span> <span class='ocrx_word' id='word_1_169' title='bbox 1854 803 1960 851; x_wconf 92' lang='lat' dir='ltr'><strong>quod</strong></span> <span class='ocrx_word' id='word_1_170' title='bbox 1979 802 2072 840; x_wconf 87' lang='lat' dir='ltr'><strong>unio</strong></span> <span class='ocrx_word' id='word_1_171' title='bbox 2092 802 2130 841; x_wconf 91' lang='lat' dir='ltr'><strong>in</strong></span> <span class='ocrx_word' id='word_1_172' title='bbox 2149 815 2314 852; x_wconf 88' lang='lat' dir='ltr'><strong>persona</strong></span> <span class='ocrx_word' id='word_1_173' title='bbox 2332 811 2388 841; x_wconf 92' lang='lat' dir='ltr'><strong>est</strong></span> 
     </span>
     <span class='ocr_line' id='line_1_26' title="bbox 1334 853 2386 904; baseline 0.005 -16"><span class='ocrx_word' id='word_1_174' title='bbox 1334 853 1549 890; x_wconf 89' lang='lat' dir='ltr'><strong>secundum</strong></span> <span class='ocrx_word' id='word_1_175' title='bbox 1564 866 1645 890; x_wconf 89' lang='lat' dir='ltr'><strong>esse</strong></span> <span class='ocrx_word' id='word_1_176' title='bbox 1663 856 1874 902; x_wconf 82' lang='lat' dir='ltr'><strong>personale,</strong></span> <span class='ocrx_word' id='word_1_177' title='bbox 1890 856 1997 903; x_wconf 93' lang='lat' dir='ltr'><strong>quod</strong></span> <span class='ocrx_word' id='word_1_178' title='bbox 2010 855 2171 904; x_wconf 82' lang='lat' dir='ltr'><strong>pertinet</strong></span> <span class='ocrx_word' id='word_1_179' title='bbox 2189 856 2237 892; x_wconf 91' lang='lat' dir='ltr'><strong>ad</strong></span> <span class='ocrx_word' id='word_1_180' title='bbox 2251 868 2386 904; x_wconf 85' lang='lat' dir='ltr'><strong>quam-</strong></span> 
     </span>
     <span class='ocr_line' id='line_1_27' title="bbox 1334 904 2386 953; baseline 0.005 -13"><span class='ocrx_word' id='word_1_181' title='bbox 1334 904 1423 940; x_wconf 90' lang='lat' dir='ltr'><strong>libet</strong></span> <span class='ocrx_word' id='word_1_182' title='bbox 1441 913 1588 953; x_wconf 89' lang='lat' dir='ltr'><strong>partem</strong></span> <span class='ocrx_word' id='word_1_183' title='bbox 1607 907 1801 943; x_wconf 88' lang='lat' dir='ltr'><strong>humanae</strong></span> <span class='ocrx_word' id='word_1_184' title='bbox 1820 915 1989 944; x_wconf 88' lang='lat' dir='ltr'><strong>naturae.</strong></span> <span class='ocrx_word' id='word_1_185' title='bbox 2018 908 2093 944; x_wconf 88' lang='lat' dir='ltr'><strong>Sed</strong></span> <span class='ocrx_word' id='word_1_186' title='bbox 2113 908 2283 945; x_wconf 88' lang='lat' dir='ltr'><strong>ascensio</strong></span> <span class='ocrx_word' id='word_1_187' title='bbox 2303 921 2386 945; x_wconf 88' lang='lat' dir='ltr'><strong>ora-</strong></span> 
     </span>
     <span class='ocr_line' id='line_1_28' title="bbox 1334 956 2386 1008; baseline 0.006 -16"><span class='ocrx_word' id='word_1_188' title='bbox 1334 956 1446 993; x_wconf 90' lang='lat' dir='ltr'><strong>tionis</strong></span> <span class='ocrx_word' id='word_1_189' title='bbox 1474 965 1529 993; x_wconf 92' lang='lat' dir='ltr'><strong>est</strong></span> <span class='ocrx_word' id='word_1_190' title='bbox 1555 970 1624 1006; x_wconf 92' lang='lat' dir='ltr'><strong>per</strong></span> <span class='ocrx_word' id='word_1_191' title='bbox 1651 966 1779 995; x_wconf 89' lang='lat' dir='ltr'><strong>actum</strong></span> <span class='ocrx_word' id='word_1_192' title='bbox 1816 960 1882 1008; x_wconf 90' lang='lat' dir='ltr'><strong>qui</strong></span> <span class='ocrx_word' id='word_1_193' title='bbox 1909 972 1989 996; x_wconf 92' lang='lat' dir='ltr'><strong>non</strong></span> <span class='ocrx_word' id='word_1_194' title='bbox 2017 960 2195 997; x_wconf 92' lang='lat' dir='ltr'><strong>convenit</strong></span> <span class='ocrx_word' id='word_1_195' title='bbox 2230 960 2301 997; x_wconf 88' lang='lat' dir='ltr'><strong>nisi</strong></span> <span class='ocrx_word' id='word_1_196' title='bbox 2330 973 2386 998; x_wconf 91' lang='lat' dir='ltr'><strong>ra-</strong></span> 
     </span>
     <span class='ocr_line' id='line_1_29' title="bbox 1333 1008 2384 1054; baseline 0.005 -9"><span class='ocrx_word' id='word_1_197' title='bbox 1333 1008 1438 1054; x_wconf 90' lang='lat' dir='ltr'><strong>tioni,</strong></span> <span class='ocrx_word' id='word_1_198' title='bbox 1459 1017 1501 1045; x_wconf 89' lang='lat' dir='ltr'><strong>ut</strong></span> <span class='ocrx_word' id='word_1_199' title='bbox 1519 1009 1664 1047; x_wconf 90' lang='lat' dir='ltr'><strong>dictum</strong></span> <span class='ocrx_word' id='word_1_200' title='bbox 1682 1011 1738 1047; x_wconf 75' lang='lat' dir='ltr'><strong>&#39;est</strong></span> <span class='ocrx_word' id='word_1_201' title='bbox 1755 1011 1786 1047; x_wconf 67' lang='lat'><strong>³¹².</strong></span> <span class='ocrx_word' id='word_1_202' title='bbox 1815 1012 1926 1049; x_wconf 88' lang='lat' dir='ltr'><strong>Unde</strong></span> <span class='ocrx_word' id='word_1_203' title='bbox 1945 1024 2025 1049; x_wconf 93' lang='lat' dir='ltr'><strong>non</strong></span> <span class='ocrx_word' id='word_1_204' title='bbox 2048 1020 2103 1049; x_wconf 90' lang='lat' dir='ltr'><strong>est</strong></span> <span class='ocrx_word' id='word_1_205' title='bbox 2121 1012 2251 1049; x_wconf 89' lang='lat' dir='ltr'><strong>similis</strong></span> <span class='ocrx_word' id='word_1_206' title='bbox 2279 1013 2384 1050; x_wconf 88' lang='lat' dir='ltr'><strong>ratio.</strong></span> 
     </span>
    </p>
   </div>
   <div class='ocr_carea' id='block_1_8' title="bbox 276 1122 2389 1161">
    <p class='ocr_par' dir='ltr' id='par_1_11' title="bbox 276 1122 2389 1161">
     <span class='ocr_line' id='line_1_30' title="bbox 276 1122 2389 1161; baseline 0.001 -12"><span class='ocrx_word' id='word_1_207' title='bbox 276 1124 302 1159; x_wconf 81' lang='grc' dir='ltr'><strong>ζ)</strong></span> <span class='ocrx_word' id='word_1_208' title='bbox 325 1124 416 1150; x_wconf 75' lang='lat' dir='ltr'><strong>Vide...</strong></span> <span class='ocrx_word' id='word_1_209' title='bbox 430 1128 549 1156; x_wconf 77' lang='lat' dir='ltr'><strong>potes.—</strong></span> <span class='ocrx_word' id='word_1_210' title='bbox 529 1125 580 1149; x_wconf 85' lang='lat' dir='ltr'><strong>—P</strong></span> <span class='ocrx_word' id='word_1_211' title='bbox 600 1129 625 1149; x_wconf 90' lang='lat' dir='ltr'><strong>et</strong></span> <span class='ocrx_word' id='word_1_212' title='bbox 645 1123 699 1155; x_wconf 80' lang='lat' dir='ltr'><strong>G?;</strong></span> <span class='ocrx_word' id='word_1_213' title='bbox 723 1125 814 1150; x_wconf 82' lang='lat' dir='ltr'><strong>Videte</strong></span> <span class='ocrx_word' id='word_1_214' title='bbox 833 1124 859 1149; x_wconf 82' lang='lat' dir='ltr'><strong>in</strong></span> <span class='ocrx_word' id='word_1_215' title='bbox 879 1131 920 1149; x_wconf 87' lang='lat' dir='ltr'><strong>me</strong></span> <span class='ocrx_word' id='word_1_216' title='bbox 938 1124 1000 1156; x_wconf 80' lang='lat' dir='ltr'><strong>quia</strong></span> <span class='ocrx_word' id='word_1_217' title='bbox 1017 1126 1092 1156; x_wconf 86' lang='lat' dir='ltr'><strong>potes</strong></span> <span class='ocrx_word' id='word_1_218' title='bbox 1107 1122 1146 1148; x_wconf 86' lang='lat' dir='ltr'><strong>G?</strong></span> <span class='ocrx_word' id='word_1_219' title='bbox 1165 1128 1190 1147; x_wconf 88' lang='lat' dir='ltr'><strong>et</strong></span> <span class='ocrx_word' id='word_1_220' title='bbox 1209 1127 1292 1147; x_wconf 86' lang='lat' dir='ltr'><strong>cetera</strong></span> <span class='ocrx_word' id='word_1_221' title='bbox 1309 1123 1396 1153; x_wconf 81' lang='lat' dir='ltr'><strong>tertia,</strong></span> <span class='ocrx_word' id='word_1_222' title='bbox 1415 1122 1505 1147; x_wconf 82' lang='lat' dir='ltr'><strong>Videte</strong></span> <span class='ocrx_word' id='word_1_223' title='bbox 1522 1123 1547 1148; x_wconf 83' lang='lat' dir='ltr'><strong>in</strong></span> <span class='ocrx_word' id='word_1_224' title='bbox 1568 1131 1609 1148; x_wconf 89' lang='lat' dir='ltr'><strong>me</strong></span> <span class='ocrx_word' id='word_1_225' title='bbox 1626 1132 1670 1156; x_wconf 76' lang='lat' dir='ltr'><strong>qut</strong></span> <span class='ocrx_word' id='word_1_226' title='bbox 1667 1125 1690 1149; x_wconf 90' lang='lat' dir='ltr'><strong>&#39;a</strong></span> <span class='ocrx_word' id='word_1_227' title='bbox 1707 1132 1763 1149; x_wconf 86' lang='lat' dir='ltr'><strong>sum</strong></span> <span class='ocrx_word' id='word_1_228' title='bbox 1779 1129 1875 1157; x_wconf 85' lang='lat' dir='ltr'><strong>potens</strong></span> <span class='ocrx_word' id='word_1_229' title='bbox 1893 1126 1926 1155; x_wconf 83' lang='lat' dir='ltr'><strong>F,</strong></span> <span class='ocrx_word' id='word_1_230' title='bbox 1944 1126 2008 1150; x_wconf 86' lang='lat' dir='ltr'><strong>Vide</strong></span> <span class='ocrx_word' id='word_1_231' title='bbox 2026 1126 2052 1151; x_wconf 83' lang='lat' dir='ltr'><strong>in</strong></span> <span class='ocrx_word' id='word_1_232' title='bbox 2073 1124 2116 1160; x_wconf 81' lang='lat' dir='ltr'><strong>(in</strong></span> <span class='ocrx_word' id='word_1_233' title='bbox 2135 1134 2187 1152; x_wconf 87' lang='lat' dir='ltr'><strong>om.</strong></span> <span class='ocrx_word' id='word_1_234' title='bbox 2206 1127 2247 1161; x_wconf 82' lang='lat' dir='ltr'><strong>E)</strong></span> <span class='ocrx_word' id='word_1_235' title='bbox 2268 1135 2308 1152; x_wconf 87' lang='lat' dir='ltr'><strong>me</strong></span> <span class='ocrx_word' id='word_1_236' title='bbox 2326 1128 2389 1160; x_wconf 82' lang='lat' dir='ltr'><strong>quia</strong></span> 
     </span>
    </p>
   </div>
   <div class='ocr_carea' id='block_1_9' title="bbox 219 1159 495 1193">
    <p class='ocr_par' dir='ltr' id='par_1_12' title="bbox 219 1159 495 1193">
     <span class='ocr_line' id='line_1_31' title="bbox 219 1159 495 1193; baseline -0.004 -7"><span class='ocrx_word' id='word_1_237' title='bbox 219 1163 316 1193; x_wconf 75' lang='lat' dir='ltr'><strong>potens</strong></span> <span class='ocrx_word' id='word_1_238' title='bbox 333 1167 391 1186; x_wconf 81' lang='lat' dir='ltr'><strong>sum</strong></span> <span class='ocrx_word' id='word_1_239' title='bbox 410 1159 495 1186; x_wconf 82' lang='lat' dir='ltr'><strong>ceteri.</strong></span> 
     </span>
    </p>
   </div>
   <div class='ocr_carea' id='block_1_10' title="bbox 898 1239 1723 1275">
    <p class='ocr_par' dir='ltr' id='par_1_13' title="bbox 898 1239 1723 1275">
     <span class='ocr_line' id='line_1_32' title="bbox 898 1239 1723 1275; baseline 0 -1"><span class='ocrx_word' id='word_1_240' title='bbox 898 1242 1229 1275; x_wconf 62' lang='lat' dir='ltr'><strong>Commentario.</strong></span> <span class='ocrx_word' id='word_1_241' title='bbox 1252 1239 1502 1273; x_wconf 70' lang='lat' dir='ltr'><strong>cardinalis</strong></span> <span class='ocrx_word' id='word_1_242' title='bbox 1523 1242 1723 1274; x_wconf 74' lang='lat' dir='ltr'><strong>Caietam</strong></span> 
     </span>
    </p>
   </div>
   <div class='ocr_carea' id='block_1_11' title="bbox 222 1321 1283 1620">
    <p class='ocr_par' dir='ltr' id='par_1_14' title="bbox 283 1321 1281 1363">
     <span class='ocr_line' id='line_1_33' title="bbox 283 1321 1281 1363; baseline -0.004 -8"><span class='ocrx_word' id='word_1_243' title='bbox 283 1333 391 1355; x_wconf 71' lang='lat' dir='ltr'><strong>rrimus</strong></span> <span class='ocrx_word' id='word_1_244' title='bbox 413 1329 450 1354; x_wconf 90' lang='lat' dir='ltr'><strong>ut</strong></span> <span class='ocrx_word' id='word_1_245' title='bbox 477 1328 583 1360; x_wconf 80' lang='lat' dir='ltr'><strong>sonat,</strong></span> <span class='ocrx_word' id='word_1_246' title='bbox 607 1327 765 1355; x_wconf 80' lang='lat' dir='ltr'><strong>sumatur:</strong></span> <span class='ocrx_word' id='word_1_247' title='bbox 791 1323 945 1363; x_wconf 85' lang='lat' dir='ltr'><strong>quoniam</strong></span> <span class='ocrx_word' id='word_1_248' title='bbox 960 1323 994 1353; x_wconf 92' lang='lat' dir='ltr'><strong>in</strong></span> <span class='ocrx_word' id='word_1_249' title='bbox 1016 1321 1148 1352; x_wconf 80' lang='lat' dir='ltr'><strong>articulo</strong></span> <span class='ocrx_word' id='word_1_250' title='bbox 1172 1321 1281 1352; x_wconf 86' lang='lat' dir='ltr'><strong>distin-</strong></span> 
     </span>
    </p>

    <p class='ocr_par' dir='ltr' id='par_1_15' title="bbox 284 1368 401 1408">
     <span class='ocr_line' id='line_1_34' title="bbox 284 1368 401 1408; baseline -0.009 -10"><span class='ocrx_word' id='word_1_251' title='bbox 284 1368 401 1408; x_wconf 86' lang='lat' dir='ltr'><strong>guitur.</strong></span> 
     </span>
    </p>

    <p class='ocr_par' dir='ltr' id='par_1_16' title="bbox 222 1410 1283 1620">
     <span class='ocr_line' id='line_1_35' title="bbox 279 1410 1282 1452; baseline -0.003 -9"><span class='ocrx_word' id='word_1_252' title='bbox 279 1413 316 1443; x_wconf 88' lang='lat' dir='ltr'><strong>In</strong></span> <span class='ocrx_word' id='word_1_253' title='bbox 330 1421 466 1452; x_wconf 86' lang='lat' dir='ltr'><strong>corpore</strong></span> <span class='ocrx_word' id='word_1_254' title='bbox 488 1411 584 1444; x_wconf 75' lang='lat' dir='ltr'><strong>unica</strong></span> <span class='ocrx_word' id='word_1_255' title='bbox 606 1415 654 1442; x_wconf 86' lang='lat' dir='ltr'><strong>est</strong></span> <span class='ocrx_word' id='word_1_256' title='bbox 667 1410 828 1442; x_wconf 87' lang='lat' dir='ltr'><strong>distinctio</strong></span> <span class='ocrx_word' id='word_1_257' title='bbox 851 1411 1044 1447; x_wconf 83' lang='lat' dir='ltr'><strong>bimembris,</strong></span> <span class='ocrx_word' id='word_1_258' title='bbox 1061 1420 1136 1441; x_wconf 92' lang='lat' dir='ltr'><strong>cum</strong></span> <span class='ocrx_word' id='word_1_259' title='bbox 1159 1410 1282 1442; x_wconf 91' lang='lat' dir='ltr'><strong>duabus</strong></span> 
     </span>
     <span class='ocr_line' id='line_1_36' title="bbox 223 1455 1281 1495; baseline -0.007 -3"><span class='ocrx_word' id='word_1_260' title='bbox 223 1456 499 1492; x_wconf 66' lang='lat' dir='ltr'><strong>conclusionibus,</strong></span> <span class='ocrx_word' id='word_1_261' title='bbox 526 1455 718 1495; x_wconf 85' lang='lat' dir='ltr'><strong>responsivis</strong></span> <span class='ocrx_word' id='word_1_262' title='bbox 747 1455 878 1495; x_wconf 86' lang='lat' dir='ltr'><strong>singulis</strong></span> <span class='ocrx_word' id='word_1_263' title='bbox 908 1455 948 1485; x_wconf 92' lang='lat' dir='ltr'><strong>ad</strong></span> <span class='ocrx_word' id='word_1_264' title='bbox 977 1456 1101 1495; x_wconf 86' lang='lat' dir='ltr'><strong>singula</strong></span> <span class='ocrx_word' id='word_1_265' title='bbox 1129 1456 1281 1486; x_wconf 87' lang='lat' dir='ltr'><strong>membra.</strong></span> 
     </span>
     <span class='ocr_line' id='line_1_37' title="bbox 224 1499 1283 1539; baseline -0.002 -7"><span class='ocrx_word' id='word_1_266' title='bbox 224 1500 405 1535; x_wconf 78' lang='lat' dir='ltr'><strong>Distinctio.</strong></span> <span class='ocrx_word' id='word_1_267' title='bbox 436 1499 534 1530; x_wconf 88' lang='lat' dir='ltr'><strong>Orare</strong></span> <span class='ocrx_word' id='word_1_268' title='bbox 556 1499 734 1530; x_wconf 85' lang='lat' dir='ltr'><strong>secundum</strong></span> <span class='ocrx_word' id='word_1_269' title='bbox 757 1500 991 1530; x_wconf 87' lang='lat' dir='ltr'><strong>sensualitatem</strong></span> <span class='ocrx_word' id='word_1_270' title='bbox 1015 1499 1183 1539; x_wconf 84' lang='lat' dir='ltr'><strong>dupliciter</strong></span> <span class='ocrx_word' id='word_1_271' title='bbox 1206 1510 1283 1530; x_wconf 90' lang='lat' dir='ltr'><strong>con-</strong></span> 
     </span>
     <span class='ocr_line' id='line_1_38' title="bbox 222 1543 1282 1585; baseline 0 -10"><span class='ocrx_word' id='word_1_272' title='bbox 222 1545 334 1585; x_wconf 84' lang='lat' dir='ltr'><strong>tingit:</strong></span> <span class='ocrx_word' id='word_1_273' title='bbox 358 1544 474 1584; x_wconf 63' lang='lat' dir='ltr'><strong>primm</strong></span> <span class='ocrx_word' id='word_1_274' title='bbox 498 1543 652 1580; x_wconf 81' lang='lat' dir='ltr'><strong>elicitive3</strong></span> <span class='ocrx_word' id='word_1_275' title='bbox 676 1543 829 1580; x_wconf 86' lang='lat' dir='ltr'><strong>secundo,</strong></span> <span class='ocrx_word' id='word_1_276' title='bbox 852 1543 1062 1574; x_wconf 83' lang='lat' dir='ltr'><strong>materialiter.</strong></span> <span class='ocrx_word' id='word_1_277' title='bbox 1077 1562 1101 1566; x_wconf 84' lang='lat'><em>-</em></span> <span class='ocrx_word' id='word_1_278' title='bbox 1115 1544 1204 1574; x_wconf 87' lang='lat' dir='ltr'><strong>quta</strong></span> <span class='ocrx_word' id='word_1_279' title='bbox 1218 1546 1282 1584; x_wconf 91' lang='lat' dir='ltr'><strong>pri-</strong></span> 
     </span>
     <span class='ocr_line' id='line_1_39' title="bbox 223 1587 1283 1620; baseline 0.001 -1"><span class='ocrx_word' id='word_1_280' title='bbox 223 1597 316 1619; x_wconf 89' lang='lat' dir='ltr'><strong>mum</strong></span> <span class='ocrx_word' id='word_1_281' title='bbox 337 1589 519 1619; x_wconf 86' lang='lat' dir='ltr'><strong>membrum</strong></span> <span class='ocrx_word' id='word_1_282' title='bbox 550 1587 715 1618; x_wconf 87' lang='lat' dir='ltr'><strong>conclusio</strong></span> <span class='ocrx_word' id='word_1_283' title='bbox 739 1593 800 1618; x_wconf 88' lang='lat' dir='ltr'><strong>est:</strong></span> <span class='ocrx_word' id='word_1_284' title='bbox 834 1587 980 1618; x_wconf 87' lang='lat' dir='ltr'><strong>Christus</strong></span> <span class='ocrx_word' id='word_1_285' title='bbox 1011 1597 1075 1618; x_wconf 89' lang='lat' dir='ltr'><strong>non</strong></span> <span class='ocrx_word' id='word_1_286' title='bbox 1107 1589 1214 1619; x_wconf 81' lang='lat' dir='ltr'><strong>oravit</strong></span> <span class='ocrx_word' id='word_1_287' title='bbox 1235 1599 1283 1620; x_wconf 89' lang='lat' dir='ltr'><strong>se-</strong></span> 
     </span>
    </p>
   </div>
   <div class='ocr_carea' id='block_1_12' title="bbox 1334 1320 2391 1621">
    <p class='ocr_par' dir='ltr' id='par_1_17' title="bbox 1334 1320 2388 1401">
     <span class='ocr_line' id='line_1_40' title="bbox 1334 1320 2388 1356; baseline 0.004 -5"><span class='ocrx_word' id='word_1_288' title='bbox 1334 1320 1473 1351; x_wconf 87' lang='lat' dir='ltr'><strong>cundum</strong></span> <span class='ocrx_word' id='word_1_289' title='bbox 1500 1322 1748 1353; x_wconf 80' lang='lat' dir='ltr'><strong>sensualitatem.</strong></span> <span class='ocrx_word' id='word_1_290' title='bbox 1771 1340 1792 1345; x_wconf 98' lang='lat'>-</span> <span class='ocrx_word' id='word_1_291' title='bbox 1816 1323 1903 1353; x_wconf 87' lang='lat' dir='ltr'><strong>quta</strong></span> <span class='ocrx_word' id='word_1_292' title='bbox 1930 1324 2107 1354; x_wconf 91' lang='lat' dir='ltr'><strong>secundum</strong></span> <span class='ocrx_word' id='word_1_293' title='bbox 2137 1325 2301 1355; x_wconf 88' lang='lat' dir='ltr'><strong>conclusio</strong></span> <span class='ocrx_word' id='word_1_294' title='bbox 2325 1330 2388 1356; x_wconf 88' lang='lat' dir='ltr'><strong>est:</strong></span> 
     </span>
     <span class='ocr_line' id='line_1_41' title="bbox 1337 1366 2077 1401; baseline 0.001 -4"><span class='ocrx_word' id='word_1_295' title='bbox 1337 1367 1483 1401; x_wconf 83' lang='lat' dir='ltr'><strong>Christus</strong></span> <span class='ocrx_word' id='word_1_296' title='bbox 1506 1367 1613 1397; x_wconf 83' lang='lat' dir='ltr'><strong>oravit</strong></span> <span class='ocrx_word' id='word_1_297' title='bbox 1633 1366 1806 1399; x_wconf 85' lang='lat' dir='ltr'><strong>secundum</strong></span> <span class='ocrx_word' id='word_1_298' title='bbox 1828 1369 2077 1399; x_wconf 82' lang='lat' dir='ltr'><strong>sensualitatem.</strong></span> 
     </span>
    </p>

    <p class='ocr_par' dir='ltr' id='par_1_18' title="bbox 1335 1411 2391 1621">
     <span class='ocr_line' id='line_1_42' title="bbox 1389 1411 2389 1449; baseline -0.001 -6"><span class='ocrx_word' id='word_1_299' title='bbox 1389 1413 1567 1443; x_wconf 90' lang='lat' dir='ltr'><strong>Probantur</strong></span> <span class='ocrx_word' id='word_1_300' title='bbox 1599 1411 1709 1440; x_wconf 86' lang='lat' dir='ltr'><strong>ambae</strong></span> <span class='ocrx_word' id='word_1_301' title='bbox 1741 1412 1962 1442; x_wconf 88' lang='lat' dir='ltr'><strong>conclusiones</strong></span> <span class='ocrx_word' id='word_1_302' title='bbox 1992 1413 2026 1442; x_wconf 91' lang='lat' dir='ltr'><strong>in</strong></span> <span class='ocrx_word' id='word_1_303' title='bbox 2057 1413 2158 1442; x_wconf 88' lang='lat' dir='ltr'><strong>littera</strong></span> <span class='ocrx_word' id='word_1_304' title='bbox 2187 1412 2259 1442; x_wconf 83' lang='lat' dir='ltr'><strong>satis</strong></span> <span class='ocrx_word' id='word_1_305' title='bbox 2291 1412 2389 1449; x_wconf 80' lang='lat' dir='ltr'><strong>clare,</strong></span> 
     </span>
     <span class='ocr_line' id='line_1_43' title="bbox 1335 1456 2391 1498; baseline -0.003 -9"><span class='ocrx_word' id='word_1_306' title='bbox 1335 1463 1372 1489; x_wconf 91' lang='lat' dir='ltr'><strong>ut</strong></span> <span class='ocrx_word' id='word_1_307' title='bbox 1393 1463 1488 1498; x_wconf 89' lang='lat' dir='ltr'><strong>patet.</strong></span> <span class='ocrx_word' id='word_1_308' title='bbox 1519 1456 1560 1485; x_wconf 92' lang='lat' dir='ltr'><strong>Et</strong></span> <span class='ocrx_word' id='word_1_309' title='bbox 1587 1460 1653 1485; x_wconf 89' lang='lat' dir='ltr'><strong>tota</strong></span> <span class='ocrx_word' id='word_1_310' title='bbox 1682 1456 1811 1486; x_wconf 86' lang='lat' dir='ltr'><strong>materia</strong></span> <span class='ocrx_word' id='word_1_311' title='bbox 1835 1461 1880 1485; x_wconf 89' lang='lat' dir='ltr'><strong>est</strong></span> <span class='ocrx_word' id='word_1_312' title='bbox 1907 1456 1997 1486; x_wconf 87' lang='lat' dir='ltr'><strong>clara.</strong></span> <span class='ocrx_word' id='word_1_313' title='bbox 2028 1456 2191 1494; x_wconf 88' lang='lat' dir='ltr'><strong>Quoniam</strong></span> <span class='ocrx_word' id='word_1_314' title='bbox 2214 1461 2245 1486; x_wconf 91' lang='lat' dir='ltr'><strong>et</strong></span> <span class='ocrx_word' id='word_1_315' title='bbox 2268 1461 2391 1486; x_wconf 87' lang='lat' dir='ltr'><strong>constat</strong></span> 
     </span>
     <span class='ocr_line' id='line_1_44' title="bbox 1337 1499 2390 1542; baseline -0.001 -10"><span class='ocrx_word' id='word_1_316' title='bbox 1337 1501 1426 1542; x_wconf 93' lang='lat' dir='ltr'><strong>quod</strong></span> <span class='ocrx_word' id='word_1_317' title='bbox 1449 1502 1550 1532; x_wconf 87' lang='lat' dir='ltr'><strong>oratio</strong></span> <span class='ocrx_word' id='word_1_318' title='bbox 1573 1509 1641 1530; x_wconf 90' lang='lat' dir='ltr'><strong>non</strong></span> <span class='ocrx_word' id='word_1_319' title='bbox 1662 1504 1768 1538; x_wconf 88' lang='lat' dir='ltr'><strong>potest</strong></span> <span class='ocrx_word' id='word_1_320' title='bbox 1791 1509 1857 1529; x_wconf 85' lang='lat' dir='ltr'><strong>esse</strong></span> <span class='ocrx_word' id='word_1_321' title='bbox 1881 1500 2088 1530; x_wconf 86' lang='lat' dir='ltr'><strong>sensualitatis</strong></span> <span class='ocrx_word' id='word_1_322' title='bbox 2118 1505 2222 1530; x_wconf 86' lang='lat' dir='ltr'><strong>actus:</strong></span> <span class='ocrx_word' id='word_1_323' title='bbox 2247 1505 2278 1530; x_wconf 90' lang='lat' dir='ltr'><strong>et</strong></span> <span class='ocrx_word' id='word_1_324' title='bbox 2301 1499 2390 1539; x_wconf 87' lang='lat' dir='ltr'><strong>quod</strong></span> 
     </span>
     <span class='ocr_line' id='line_1_45' title="bbox 1336 1542 2389 1584; baseline -0.003 -7"><span class='ocrx_word' id='word_1_325' title='bbox 1336 1545 1544 1577; x_wconf 88' lang='lat' dir='ltr'><strong>sensualitatis</strong></span> <span class='ocrx_word' id='word_1_326' title='bbox 1559 1543 1688 1576; x_wconf 83' lang='lat' dir='ltr'><strong>affectus</strong></span> <span class='ocrx_word' id='word_1_327' title='bbox 1710 1549 1816 1583; x_wconf 90' lang='lat' dir='ltr'><strong>potest</strong></span> <span class='ocrx_word' id='word_1_328' title='bbox 1839 1553 1905 1573; x_wconf 88' lang='lat' dir='ltr'><strong>esse</strong></span> <span class='ocrx_word' id='word_1_329' title='bbox 1924 1545 2053 1578; x_wconf 85' lang='lat' dir='ltr'><strong>materia</strong></span> <span class='ocrx_word' id='word_1_330' title='bbox 2076 1553 2172 1584; x_wconf 84' lang='lat' dir='ltr'><strong>quam</strong></span> <span class='ocrx_word' id='word_1_331' title='bbox 2195 1544 2296 1574; x_wconf 86' lang='lat' dir='ltr'><strong>oratio</strong></span> <span class='ocrx_word' id='word_1_332' title='bbox 2318 1542 2389 1574; x_wconf 89' lang='lat' dir='ltr'><strong>Deo</strong></span> 
     </span>
     <span class='ocr_line' id='line_1_46' title="bbox 1338 1590 1439 1621; baseline -0.01 0"><span class='ocrx_word' id='word_1_333' title='bbox 1338 1590 1439 1621; x_wconf 88' lang='lat' dir='ltr'><strong>offert.</strong></span> 
     </span>
    </p>
   </div>
   <div class='ocr_carea' id='block_1_13' title="bbox 709 1743 1909 1883">
    <p class='ocr_par' dir='ltr' id='par_1_19' title="bbox 709 1743 1909 1883">
     <span class='ocr_line' id='line_1_47' title="bbox 1021 1743 1593 1787; baseline 0.002 -3"><span class='ocrx_word' id='word_1_334' title='bbox 1021 1743 1336 1787; x_wconf 87' lang='lat' dir='ltr'><strong>ARTICULUS</strong></span> <span class='ocrx_word' id='word_1_335' title='bbox 1365 1745 1593 1787; x_wconf 87' lang='lat' dir='ltr'>TERTIUS</span> 
     </span>
     <span class='ocr_line' id='line_1_48' title="bbox 709 1834 1909 1883; baseline 0 -18"><span class='ocrx_word' id='word_1_336' title='bbox 709 1834 866 1866; x_wconf 88' lang='lat' dir='ltr'><strong>UTRUM</strong></span> <span class='ocrx_word' id='word_1_337' title='bbox 889 1834 1077 1866; x_wconf 86' lang='lat' dir='ltr'>CHRISTO</span> <span class='ocrx_word' id='word_1_338' title='bbox 1102 1835 1378 1867; x_wconf 85' lang='lat' dir='ltr'>CONVENIENS</span> <span class='ocrx_word' id='word_1_339' title='bbox 1401 1837 1559 1867; x_wconf 85' lang='lat' dir='ltr'><strong>FUERIT</strong></span> <span class='ocrx_word' id='word_1_340' title='bbox 1582 1836 1666 1867; x_wconf 88' lang='lat' dir='ltr'><strong>PRO</strong></span> <span class='ocrx_word' id='word_1_341' title='bbox 1691 1835 1741 1866; x_wconf 85' lang='lat' dir='ltr'><strong>SE</strong></span> <span class='ocrx_word' id='word_1_342' title='bbox 1765 1835 1909 1883; x_wconf 79' lang='lat' dir='ltr'><strong>QRARE</strong></span> 
     </span>
    </p>
   </div>
   <div class='ocr_carea' id='block_1_14' title="bbox 1056 1913 1567 1946">
    <p class='ocr_par' dir='ltr' id='par_1_20' title="bbox 1056 1913 1567 1946">
     <span class='ocr_line' id='line_1_49' title="bbox 1056 1913 1567 1946; baseline 0.002 -9"><span class='ocrx_word' id='word_1_343' title='bbox 1056 1913 1087 1937; x_wconf 93' lang='lat'><strong>111</strong></span> <span class='ocrx_word' id='word_1_344' title='bbox 1107 1913 1190 1942; x_wconf 86' lang='lat' dir='ltr'><strong>Sent.‚</strong></span> <span class='ocrx_word' id='word_1_345' title='bbox 1210 1914 1267 1938; x_wconf 87' lang='lat' dir='ltr'><strong>dist.</strong></span> <span class='ocrx_word' id='word_1_346' title='bbox 1285 1921 1345 1945; x_wconf 80' lang='lat' dir='ltr'><strong>xvn,</strong></span> <span class='ocrx_word' id='word_1_347' title='bbox 1364 1919 1410 1939; x_wconf 87' lang='lat' dir='ltr'><strong>art.</strong></span> <span class='ocrx_word' id='word_1_348' title='bbox 1432 1914 1455 1943; x_wconf 83' lang='lat'><strong>3.</strong></span> <span class='ocrx_word' id='word_1_349' title='bbox 1474 1914 1523 1946; x_wconf 70' lang='lat' dir='ltr'><strong>qu*</strong></span> <span class='ocrx_word' id='word_1_350' title='bbox 1544 1921 1567 1939; x_wconf 85' lang='lat'><strong>2.</strong></span> 
     </span>
    </p>
   </div>
   <div class='ocr_carea' id='block_1_15' title="bbox 270 2020 411 2061">
    <p class='ocr_par' dir='ltr' id='par_1_21' title="bbox 289 2020 411 2057">
     <span class='ocr_line' id='line_1_50' title="bbox 312 2020 411 2043; baseline -0.01 -8.99"><span class='ocrx_word' id='word_1_351' title='bbox 312 2020 411 2043; x_wconf 61' lang='grc'><strong>1,(</strong></span> 
     </span>
     <span class='ocr_line' id='line_1_51' title="bbox 270 2030 373 2061; baseline 0 -14"><span class='ocrx_word' id='word_1_352' title='bbox 270 2030 373 2061; x_wconf 45' lang='grc' dir='ltr'><strong>Ἁῆῐζ,</strong></span> 
     </span>
    </p>
   </div>
   <div class='ocr_carea' id='block_1_16' title="bbox 239 2013 425 2200">
    <p class='ocr_par' dir='ltr' id='par_1_22' title="bbox 239 2013 425 2200">
     <span class='ocr_line' id='line_1_52' title="bbox 239 2013 425 2200; baseline 0 -116"><span class='ocrx_word' id='word_1_353' title='bbox 239 2013 425 2200; x_wconf 95' lang='lat' dir='ltr'><strong>   </strong></span> 
     </span>
    </p>
   </div>
   <div class='ocr_carea' id='block_1_17' title="bbox 225 2052 1284 2682">
    <p class='ocr_par' dir='ltr' id='par_1_23' title="bbox 225 2052 1284 2365">
     <span class='ocr_line' id='line_1_53' title="bbox 258 2052 395 2114; baseline -0.024 -17"><span class='ocrx_word' id='word_1_354' title='bbox 258 2052 395 2114; x_wconf 56' lang='grc' dir='ltr'>ἱ)1.ζ”;</span> 
     </span>
     <span class='ocr_line' id='line_1_54' title="bbox 244 2085 1284 2154; baseline 0.001 -12"><span class='ocrx_word' id='word_1_355' title='bbox 244 2097 287 2148; x_wconf 48' lang='lat' dir='ltr'><strong>,f</strong></span> <span class='ocrx_word' id='word_1_356' title='bbox 260 2085 391 2154; x_wconf 39' lang='grc' dir='ltr'><strong>μὴ*</strong></span> <span class='ocrx_word' id='word_1_357' title='bbox 378 2112 556 2149; x_wconf 68' lang='lat' dir='ltr'><strong>(orare.</strong></span> <span class='ocrx_word' id='word_1_358' title='bbox 593 2105 694 2142; x_wconf 90' lang='lat' dir='ltr'><strong>Dicit</strong></span> <span class='ocrx_word' id='word_1_359' title='bbox 730 2105 835 2142; x_wconf 91' lang='lat' dir='ltr'><strong>enim</strong></span> <span class='ocrx_word' id='word_1_360' title='bbox 871 2105 1059 2150; x_wconf 79' lang='lat' dir='ltr'><strong>Hilarius,</strong></span> <span class='ocrx_word' id='word_1_361' title='bbox 1093 2106 1133 2143; x_wconf 91' lang='lat' dir='ltr'><strong>in</strong></span> <span class='ocrx_word' id='word_1_362' title='bbox 1169 2108 1205 2143; x_wconf 95' lang='lat' dir='ltr'><strong>X</strong></span> <span class='ocrx_word' id='word_1_363' title='bbox 1239 2107 1284 2145; x_wconf 89' lang='lat' dir='ltr'><strong>de</strong></span> 
     </span>
     <span class='ocr_line' id='line_1_55' title="bbox 234 2134 1281 2209; baseline 0.001 -15"><span class='ocrx_word' id='word_1_364' title='bbox 234 2155 249 2180; x_wconf 50' lang='lat'><strong>,¹</strong></span> <span class='ocrx_word' id='word_1_365' title='bbox 282 2134 378 2191; x_wconf 42' lang='grc' dir='ltr'><strong>ἐῶ)</strong></span> <span class='ocrx_word' id='word_1_366' title='bbox 393 2152 425 2194; x_wconf 53' lang='lat' dir='ltr'><strong>‘x</strong></span> <span class='ocrx_word' id='word_1_367' title='bbox 440 2161 476 2196; x_wconf 92' lang='lat' dir='ltr'><em>T</em></span> <span class='ocrx_word' id='word_1_368' title='bbox 473 2171 543 2196; x_wconf 78' lang='lat' dir='ltr'><strong>rin</strong></span> <span class='ocrx_word' id='word_1_369' title='bbox 562 2158 600 2195; x_wconf 74' lang='grc' dir='ltr'><strong>*ε</strong></span> <span class='ocrx_word' id='word_1_370' title='bbox 634 2159 728 2195; x_wconf 88' lang='lat' dir='ltr'><strong>Cum</strong></span> <span class='ocrx_word' id='word_1_371' title='bbox 753 2160 824 2195; x_wconf 84' lang='lat' dir='ltr'><strong>sibi</strong></span> <span class='ocrx_word' id='word_1_372' title='bbox 840 2171 914 2195; x_wconf 89' lang='lat' dir='ltr'><strong>non</strong></span> <span class='ocrx_word' id='word_1_373' title='bbox 928 2161 1130 2208; x_wconf 89' lang='lat' dir='ltr'><strong>proficeret</strong></span> <span class='ocrx_word' id='word_1_374' title='bbox 1157 2159 1281 2209; x_wconf 87' lang='lat' dir='ltr'><strong>depre-</strong></span> 
     </span>
     <span class='ocr_line' id='line_1_56' title="bbox 226 2202 1284 2261; baseline 0 -13"><span class='ocrx_word' id='word_1_375' title='bbox 226 2202 380 2248; x_wconf 82' lang='lat' dir='ltr'><strong>cationis</strong></span> <span class='ocrx_word' id='word_1_376' title='bbox 405 2222 540 2258; x_wconf 86' lang='lat' dir='ltr'><strong>sermo,</strong></span> <span class='ocrx_word' id='word_1_377' title='bbox 564 2211 615 2248; x_wconf 85' lang='lat' dir='ltr'><strong>ad</strong></span> <span class='ocrx_word' id='word_1_378' title='bbox 634 2212 846 2261; x_wconf 87' lang='lat' dir='ltr'><strong>profectum</strong></span> <span class='ocrx_word' id='word_1_379' title='bbox 874 2217 996 2248; x_wconf 88' lang='lat' dir='ltr'><strong>tamen</strong></span> <span class='ocrx_word' id='word_1_380' title='bbox 1012 2212 1112 2259; x_wconf 87' lang='lat' dir='ltr'><strong>fidei</strong></span> <span class='ocrx_word' id='word_1_381' title='bbox 1137 2218 1284 2249; x_wconf 87' lang='lat' dir='ltr'><strong>nostrae</strong></span> 
     </span>
     <span class='ocr_line' id='line_1_57' title="bbox 226 2263 1284 2314; baseline 0.001 -14"><span class='ocrx_word' id='word_1_382' title='bbox 226 2263 452 2314; x_wconf 80' lang='lat' dir='ltr'><strong>loquebatur.</strong></span> <span class='ocrx_word' id='word_1_383' title='bbox 483 2263 546 2301; x_wconf 89' lang='lat' dir='ltr'><strong>Sic</strong></span> <span class='ocrx_word' id='word_1_384' title='bbox 572 2275 662 2312; x_wconf 91' lang='lat' dir='ltr'><strong>ergo</strong></span> <span class='ocrx_word' id='word_1_385' title='bbox 689 2263 842 2300; x_wconf 87' lang='lat' dir='ltr'><strong>videtur</strong></span> <span class='ocrx_word' id='word_1_386' title='bbox 868 2263 975 2313; x_wconf 92' lang='lat' dir='ltr'><strong>quod</strong></span> <span class='ocrx_word' id='word_1_387' title='bbox 1004 2263 1176 2301; x_wconf 89' lang='lat' dir='ltr'><strong>Christus</strong></span> <span class='ocrx_word' id='word_1_388' title='bbox 1203 2276 1284 2301; x_wconf 91' lang='lat' dir='ltr'><strong>non</strong></span> 
     </span>
     <span class='ocr_line' id='line_1_58' title="bbox 225 2316 748 2365; baseline -0.004 -11"><span class='ocrx_word' id='word_1_389' title='bbox 225 2316 310 2365; x_wconf 87' lang='lat' dir='ltr'><strong>sibi,</strong></span> <span class='ocrx_word' id='word_1_390' title='bbox 339 2316 407 2353; x_wconf 90' lang='lat' dir='ltr'><strong>sed</strong></span> <span class='ocrx_word' id='word_1_391' title='bbox 434 2316 546 2353; x_wconf 90' lang='lat' dir='ltr'><strong>nobis</strong></span> <span class='ocrx_word' id='word_1_392' title='bbox 574 2316 748 2353; x_wconf 85' lang='lat' dir='ltr'><strong>oraverit.</strong></span> 
     </span>
    </p>

    <p class='ocr_par' dir='ltr' id='par_1_24' title="bbox 226 2368 1284 2682">
     <span class='ocr_line' id='line_1_59' title="bbox 282 2368 1284 2419; baseline 0 -13"><span class='ocrx_word' id='word_1_393' title='bbox 282 2380 316 2406; x_wconf 93' lang='lat'><strong>2.</strong></span> <span class='ocrx_word' id='word_1_394' title='bbox 346 2369 585 2415; x_wconf 60' lang='grc' dir='ltr'><strong><em>ΡιὶΑΕτΕιὶΕΑ,</em></strong></span> <span class='ocrx_word' id='word_1_395' title='bbox 613 2370 741 2405; x_wconf 86' lang='lat' dir='ltr'><strong>nullus</strong></span> <span class='ocrx_word' id='word_1_396' title='bbox 774 2376 856 2406; x_wconf 92' lang='lat' dir='ltr'><strong>orat</strong></span> <span class='ocrx_word' id='word_1_397' title='bbox 892 2368 964 2406; x_wconf 91' lang='lat' dir='ltr'><strong>nisi</strong></span> <span class='ocrx_word' id='word_1_398' title='bbox 997 2381 1068 2418; x_wconf 93' lang='lat' dir='ltr'><strong>pro</strong></span> <span class='ocrx_word' id='word_1_399' title='bbox 1097 2381 1143 2406; x_wconf 91' lang='lat' dir='ltr'><strong>eo</strong></span> <span class='ocrx_word' id='word_1_400' title='bbox 1177 2370 1284 2419; x_wconf 94' lang='lat' dir='ltr'><strong>quod</strong></span> 
     </span>
     <span class='ocr_line' id='line_1_60' title="bbox 226 2421 1284 2472; baseline -0.001 -13"><span class='ocrx_word' id='word_1_401' title='bbox 226 2423 327 2461; x_wconf 90' lang='lat' dir='ltr'><strong>vult:</strong></span> <span class='ocrx_word' id='word_1_402' title='bbox 366 2421 478 2471; x_wconf 88' lang='lat' dir='ltr'><strong>quia,</strong></span> <span class='ocrx_word' id='word_1_403' title='bbox 507 2421 603 2459; x_wconf 90' lang='lat' dir='ltr'><strong>sicut</strong></span> <span class='ocrx_word' id='word_1_404' title='bbox 630 2421 775 2458; x_wconf 89' lang='lat' dir='ltr'><strong>dictum</strong></span> <span class='ocrx_word' id='word_1_405' title='bbox 803 2428 858 2458; x_wconf 91' lang='lat' dir='ltr'><strong>est</strong></span> <span class='ocrx_word' id='word_1_406' title='bbox 875 2422 907 2468; x_wconf 73' lang='lat'><strong>²¹²,</strong></span> <span class='ocrx_word' id='word_1_407' title='bbox 937 2422 1057 2459; x_wconf 90' lang='lat' dir='ltr'><strong>oratio</strong></span> <span class='ocrx_word' id='word_1_408' title='bbox 1086 2429 1141 2459; x_wconf 91' lang='lat' dir='ltr'><strong>est</strong></span> <span class='ocrx_word' id='word_1_409' title='bbox 1169 2434 1284 2472; x_wconf 91' lang='lat' dir='ltr'><strong>quae-</strong></span> 
     </span>
     <span class='ocr_line' id='line_1_61' title="bbox 226 2474 1283 2524; baseline -0.001 -12"><span class='ocrx_word' id='word_1_410' title='bbox 226 2474 319 2512; x_wconf 86' lang='lat' dir='ltr'><strong>dam</strong></span> <span class='ocrx_word' id='word_1_411' title='bbox 347 2474 545 2524; x_wconf 88' lang='lat' dir='ltr'><strong>explicatio</strong></span> <span class='ocrx_word' id='word_1_412' title='bbox 572 2474 778 2511; x_wconf 89' lang='lat' dir='ltr'><strong>voluntatis</strong></span> <span class='ocrx_word' id='word_1_413' title='bbox 803 2486 872 2523; x_wconf 91' lang='lat' dir='ltr'><strong>per</strong></span> <span class='ocrx_word' id='word_1_414' title='bbox 898 2475 1028 2511; x_wconf 89' lang='lat' dir='ltr'><strong>Deum</strong></span> <span class='ocrx_word' id='word_1_415' title='bbox 1055 2474 1283 2523; x_wconf 84' lang='lat' dir='ltr'><strong>implendae.</strong></span> 
     </span>
     <span class='ocr_line' id='line_1_62' title="bbox 229 2526 1283 2577; baseline 0 -13"><span class='ocrx_word' id='word_1_416' title='bbox 229 2527 306 2565; x_wconf 92' lang='lat' dir='ltr'><strong>Sed</strong></span> <span class='ocrx_word' id='word_1_417' title='bbox 344 2526 517 2564; x_wconf 87' lang='lat' dir='ltr'><strong>Christus</strong></span> <span class='ocrx_word' id='word_1_418' title='bbox 543 2527 697 2569; x_wconf 83' lang='lat' dir='ltr'><strong>volebat</strong></span> <span class='ocrx_word' id='word_1_419' title='bbox 722 2527 801 2577; x_wconf 88' lang='lat' dir='ltr'><strong>pati</strong></span> <span class='ocrx_word' id='word_1_420' title='bbox 838 2539 884 2564; x_wconf 89' lang='lat' dir='ltr'><strong>ea</strong></span> <span class='ocrx_word' id='word_1_421' title='bbox 917 2539 1016 2576; x_wconf 91' lang='lat' dir='ltr'><strong>quae</strong></span> <span class='ocrx_word' id='word_1_422' title='bbox 1053 2527 1283 2576; x_wconf 86' lang='lat' dir='ltr'><strong>patiebatur:</strong></span> 
     </span>
     <span class='ocr_line' id='line_1_63' title="bbox 228 2579 1283 2628; baseline 0 -11"><span class='ocrx_word' id='word_1_423' title='bbox 228 2579 317 2618; x_wconf 91' lang='lat' dir='ltr'><strong>dicit</strong></span> <span class='ocrx_word' id='word_1_424' title='bbox 344 2579 449 2616; x_wconf 89' lang='lat' dir='ltr'><strong>enim</strong></span> <span class='ocrx_word' id='word_1_425' title='bbox 475 2579 723 2628; x_wconf 85' lang='lat' dir='ltr'><strong>Augustinus,</strong></span> <span class='ocrx_word' id='word_1_426' title='bbox 752 2580 875 2617; x_wconf 93' lang='lat' dir='ltr'>XXVI</span> <span class='ocrx_word' id='word_1_427' title='bbox 902 2585 1032 2617; x_wconf 89' lang='lat' dir='ltr'><strong>contra</strong></span> <span class='ocrx_word' id='word_1_428' title='bbox 1050 2582 1228 2619; x_wconf 81' lang='lat' dir='ltr'><strong>Faustum</strong></span> <span class='ocrx_word' id='word_1_429' title='bbox 1246 2579 1283 2617; x_wconf 73' lang='grc' dir='ltr'><strong>*ε</strong></span> 
     </span>
     <span class='ocr_line' id='line_1_64' title="bbox 227 2632 1284 2682; baseline 0 -13"><span class='ocrx_word' id='word_1_430' title='bbox 227 2633 358 2670; x_wconf 90' lang='lat' dir='ltr'><strong>Homo</strong></span> <span class='ocrx_word' id='word_1_431' title='bbox 370 2633 602 2682; x_wconf 82' lang='lat' dir='ltr'><strong>plerumque,</strong></span> <span class='ocrx_word' id='word_1_432' title='bbox 621 2634 687 2670; x_wconf 77' lang='lat' dir='ltr'><strong>etsi</strong></span> <span class='ocrx_word' id='word_1_433' title='bbox 703 2632 803 2679; x_wconf 89' lang='lat' dir='ltr'><strong>nolit,</strong></span> <span class='ocrx_word' id='word_1_434' title='bbox 825 2634 1078 2677; x_wconf 78' lang='lat' dir='ltr'><strong>contristatur,-</strong></span> <span class='ocrx_word' id='word_1_435' title='bbox 1103 2635 1168 2670; x_wconf 87' lang='lat' dir='ltr'><strong>etsi</strong></span> <span class='ocrx_word' id='word_1_436' title='bbox 1185 2633 1284 2679; x_wconf 81' lang='lat' dir='ltr'><strong>nolit,</strong></span> 
     </span>
    </p>
   </div>
   <div class='ocr_carea' id='block_1_18' title="bbox 227 2684 1286 2732">
    <p class='ocr_par' dir='ltr' id='par_1_25' title="bbox 227 2684 1286 2732">
     <span class='ocr_line' id='line_1_65' title="bbox 227 2684 1286 2732; baseline -0.001 -9"><span class='ocrx_word' id='word_1_437' title='bbox 227 2684 382 2729; x_wconf 83' lang='lat' dir='ltr'><strong>dormit;</strong></span> <span class='ocrx_word' id='word_1_438' title='bbox 408 2686 475 2722; x_wconf 89' lang='lat' dir='ltr'><strong>etsi</strong></span> <span class='ocrx_word' id='word_1_439' title='bbox 499 2685 600 2732; x_wconf 82' lang='lat' dir='ltr'><strong>nolit,</strong></span> <span class='ocrx_word' id='word_1_440' title='bbox 629 2687 741 2722; x_wconf 85' lang='lat' dir='ltr'><strong>esurit</strong></span> <span class='ocrx_word' id='word_1_441' title='bbox 767 2691 830 2722; x_wconf 87' lang='lat' dir='ltr'><strong>aut</strong></span> <span class='ocrx_word' id='word_1_442' title='bbox 856 2686 936 2722; x_wconf 89' lang='lat' dir='ltr'><strong>sitit.</strong></span> <span class='ocrx_word' id='word_1_443' title='bbox 964 2686 1034 2722; x_wconf 90' lang='lat' dir='ltr'><strong>Ille</strong></span> <span class='ocrx_word' id='word_1_444' title='bbox 1061 2691 1194 2732; x_wconf 87' lang='lat' dir='ltr'><strong>autem,</strong></span> <span class='ocrx_word' id='word_1_445' title='bbox 1218 2685 1286 2722; x_wconf 93' lang='lat' dir='ltr'><strong>sci-</strong></span> 
     </span>
    </p>
   </div>
   <div class='ocr_carea' id='block_1_19' title="bbox 29 2722 1285 2788">
    <p class='ocr_par' dir='ltr' id='par_1_26' title="bbox 29 2722 1285 2790">
     <span class='ocr_line' id='line_1_66' title="bbox 29 2722 1285 2788; baseline 0 -13"><span class='ocrx_word' id='word_1_446' title='bbox 29 2722 33 2731; x_wconf 29' lang='lat'>*</span> <span class='ocrx_word' id='word_1_447' title='bbox 87 2723 112 2770; x_wconf 53' lang='grc' dir='ltr'><strong>γῑΪΪ</strong></span> <span class='ocrx_word' id='word_1_448' title='bbox 226 2737 314 2777; x_wconf 86' lang='lat' dir='ltr'><strong>licet</strong></span> <span class='ocrx_word' id='word_1_449' title='bbox 333 2737 516 2784; x_wconf 76' lang='lat' dir='ltr'><strong>Christus,</strong></span> <span class='ocrx_word' id='word_1_450' title='bbox 537 2740 664 2776; x_wconf 88' lang='lat' dir='ltr'><strong>omnia</strong></span> <span class='ocrx_word' id='word_1_451' title='bbox 692 2739 759 2779; x_wconf 86' lang='lat' dir='ltr'><strong>ista</strong></span> <span class='ocrx_word' id='word_1_452' title='bbox 777 2739 903 2775; x_wconf 87' lang='lat' dir='ltr'><strong>habuit</strong></span> <span class='ocrx_word' id='word_1_453' title='bbox 928 2740 1014 2788; x_wconf 86' lang='lat' dir='ltr'><strong>quia</strong></span> <span class='ocrx_word' id='word_1_454' title='bbox 1031 2738 1154 2776; x_wconf 81' lang='lat' dir='ltr'><strong>voluit.</strong></span> <span class='ocrx_word' id='word_1_455' title='bbox 1184 2739 1285 2786; x_wconf 90' lang='lat' dir='ltr'><strong>Ergo</strong></span> 
     </span>
    </p>
   </div>
   <div class='ocr_carea' id='block_1_20' title="bbox 224 2789 1287 3061">
    <p class='ocr_par' dir='ltr' id='par_1_27' title="bbox 229 2789 1041 2840">
     <span class='ocr_line' id='line_1_67' title="bbox 229 2789 1041 2840; baseline -0.001 -12"><span class='ocrx_word' id='word_1_456' title='bbox 229 2790 264 2828; x_wconf 93' lang='lat' dir='ltr'><strong>ei</strong></span> <span class='ocrx_word' id='word_1_457' title='bbox 290 2801 372 2828; x_wconf 90' lang='lat' dir='ltr'><strong>non</strong></span> <span class='ocrx_word' id='word_1_458' title='bbox 399 2790 640 2840; x_wconf 89' lang='lat' dir='ltr'><strong>competebat</strong></span> <span class='ocrx_word' id='word_1_459' title='bbox 666 2803 737 2840; x_wconf 88' lang='lat' dir='ltr'><strong>pro</strong></span> <span class='ocrx_word' id='word_1_460' title='bbox 766 2789 892 2839; x_wconf 91' lang='lat' dir='ltr'><strong>seipso</strong></span> <span class='ocrx_word' id='word_1_461' title='bbox 921 2803 1041 2827; x_wconf 89' lang='lat' dir='ltr'><strong>orare.</strong></span> 
     </span>
    </p>

    <p class='ocr_par' dir='ltr' id='par_1_28' title="bbox 224 2842 1287 3056">
     <span class='ocr_line' id='line_1_68' title="bbox 285 2842 1286 2894; baseline 0.001 -15"><span class='ocrx_word' id='word_1_462' title='bbox 285 2842 319 2880; x_wconf 88' lang='lat'><strong>3.</strong></span> <span class='ocrx_word' id='word_1_463' title='bbox 348 2844 580 2890; x_wconf 73' lang='lat' dir='ltr'><strong>PRAETEREA,</strong></span> <span class='ocrx_word' id='word_1_464' title='bbox 601 2843 817 2894; x_wconf 87' lang='lat' dir='ltr'><strong>Cyprianus</strong></span> <span class='ocrx_word' id='word_1_465' title='bbox 835 2842 935 2889; x_wconf 87' lang='lat' dir='ltr'><strong>dicit,</strong></span> <span class='ocrx_word' id='word_1_466' title='bbox 954 2843 994 2880; x_wconf 92' lang='lat' dir='ltr'><strong>in</strong></span> <span class='ocrx_word' id='word_1_467' title='bbox 1013 2843 1110 2885; x_wconf 90' lang='lat' dir='ltr'><strong>libro</strong></span> <span class='ocrx_word' id='word_1_468' title='bbox 1129 2844 1174 2880; x_wconf 88' lang='lat' dir='ltr'><strong>de</strong></span> <span class='ocrx_word' id='word_1_469' title='bbox 1196 2844 1286 2881; x_wconf 90' lang='lat' dir='ltr'><strong>Ora-</strong></span> 
     </span>
     <span class='ocr_line' id='line_1_69' title="bbox 229 2894 1287 2945; baseline 0 -12"><span class='ocrx_word' id='word_1_470' title='bbox 229 2894 334 2934; x_wconf 84' lang='lat' dir='ltr'><strong>tione</strong></span> <span class='ocrx_word' id='word_1_471' title='bbox 353 2896 572 2937; x_wconf 85' lang='lat' dir='ltr'><strong>Dominica:</strong></span> <span class='ocrx_word' id='word_1_472' title='bbox 598 2897 707 2933; x_wconf 82' lang='lat' dir='ltr'><strong>Pacis</strong></span> <span class='ocrx_word' id='word_1_473' title='bbox 733 2902 768 2932; x_wconf 88' lang='lat' dir='ltr'><strong>et</strong></span> <span class='ocrx_word' id='word_1_474' title='bbox 795 2897 940 2933; x_wconf 88' lang='lat' dir='ltr'><strong>unitatis</strong></span> <span class='ocrx_word' id='word_1_475' title='bbox 958 2898 1145 2945; x_wconf 82' lang='lat' dir='ltr'><strong>Magister</strong></span> <span class='ocrx_word' id='word_1_476' title='bbox 1173 2896 1287 2933; x_wconf 88' lang='lat' dir='ltr'><strong>noluit</strong></span> 
     </span>
     <span class='ocr_line' id='line_1_70' title="bbox 229 2947 1286 2999; baseline 0.001 -14"><span class='ocrx_word' id='word_1_477' title='bbox 229 2947 418 2999; x_wconf 82' lang='lat' dir='ltr'><strong>sigillatim</strong></span> <span class='ocrx_word' id='word_1_478' title='bbox 437 2954 470 2986; x_wconf 89' lang='lat' dir='ltr'><strong>et</strong></span> <span class='ocrx_word' id='word_1_479' title='bbox 490 2950 669 2998; x_wconf 79' lang='lat' dir='ltr'><strong>privatim</strong></span> <span class='ocrx_word' id='word_1_480' title='bbox 691 2961 844 2998; x_wconf 85' lang='lat' dir='ltr'><strong>precem</strong></span> <span class='ocrx_word' id='word_1_481' title='bbox 865 2953 882 2969; x_wconf 60' lang='grc' dir='ltr'><strong>α</strong></span> <span class='ocrx_word' id='word_1_482' title='bbox 897 2950 1002 2996; x_wconf 90' lang='lat' dir='ltr'><strong>fieri,</strong></span> <span class='ocrx_word' id='word_1_483' title='bbox 1023 2954 1061 2985; x_wconf 89' lang='lat' dir='ltr'><strong>ut</strong></span> <span class='ocrx_word' id='word_1_484' title='bbox 1089 2950 1178 2998; x_wconf 83' lang='lat' dir='ltr'><strong>quis,</strong></span> <span class='ocrx_word' id='word_1_485' title='bbox 1199 2949 1286 2986; x_wconf 82' lang='lat' dir='ltr'><strong>dum</strong></span> 
     </span>
     <span class='ocr_line' id='line_1_71' title="bbox 224 3000 1287 3061; baseline -0.001 -22"><span class='ocrx_word' id='word_1_486' title='bbox 224 3006 414 3061; x_wconf 74' lang='lat' dir='ltr'><strong>precatur,</strong></span> <span class='ocrx_word' id='word_1_487' title='bbox 428 3014 503 3061; x_wconf 90' lang='lat' dir='ltr'><strong>pro</strong></span> <span class='ocrx_word' id='word_1_488' title='bbox 530 3013 569 3038; x_wconf 89' lang='lat' dir='ltr'><strong>se</strong></span> <span class='ocrx_word' id='word_1_489' title='bbox 586 3007 728 3038; x_wconf 84' lang='lat' dir='ltr'><strong>tantum</strong></span> <span class='ocrx_word' id='word_1_490' title='bbox 741 3006 926 3050; x_wconf 84' lang='lat' dir='ltr'><strong>precetur.</strong></span> <span class='ocrx_word' id='word_1_491' title='bbox 957 3001 1034 3041; x_wconf 89' lang='lat' dir='ltr'><strong>Sed</strong></span> <span class='ocrx_word' id='word_1_492' title='bbox 1056 3000 1227 3038; x_wconf 90' lang='lat' dir='ltr'><strong>Christus</strong></span> <span class='ocrx_word' id='word_1_493' title='bbox 1246 3001 1287 3038; x_wconf 92' lang='lat' dir='ltr'><strong>il-</strong></span> 
     </span>
    </p>
   </div>
   <div class='ocr_carea' id='block_1_21' title="bbox 122 3043 1284 3104">
    <p class='ocr_par' dir='ltr' id='par_1_29' title="bbox 122 3043 1284 3104">
     <span class='ocr_line' id='line_1_72' title="bbox 122 3043 1284 3104; baseline -0.001 -13"><span class='ocrx_word' id='word_1_494' title='bbox 122 3046 169 3103; x_wconf 49' lang='lat'><strong>²,</strong></span> <span class='ocrx_word' id='word_1_495' title='bbox 230 3053 298 3091; x_wconf 91' lang='lat' dir='ltr'><strong>lud</strong></span> <span class='ocrx_word' id='word_1_496' title='bbox 317 3053 488 3104; x_wconf 90' lang='lat' dir='ltr'><strong>implevit</strong></span> <span class='ocrx_word' id='word_1_497' title='bbox 507 3053 614 3104; x_wconf 92' lang='lat' dir='ltr'><strong>quod</strong></span> <span class='ocrx_word' id='word_1_498' title='bbox 633 3053 779 3090; x_wconf 89' lang='lat' dir='ltr'><strong>docuit:</strong></span> <span class='ocrx_word' id='word_1_499' title='bbox 802 3053 1017 3090; x_wconf 90' lang='lat' dir='ltr'><strong>secundum</strong></span> <span class='ocrx_word' id='word_1_500' title='bbox 1037 3053 1128 3090; x_wconf 93' lang='lat' dir='ltr'><strong>illud</strong></span> <span class='ocrx_word' id='word_1_501' title='bbox 1142 3053 1284 3091; x_wconf 78' lang='lat' dir='ltr'><strong>Act.1*:</strong></span> 
     </span>
    </p>
   </div>
   <div class='ocr_carea' id='block_1_22' title="bbox 156 3105 1288 3418">
    <p class='ocr_par' dir='ltr' id='par_1_30' title="bbox 174 3105 1286 3211">
     <span class='ocr_line' id='line_1_73' title="bbox 174 3105 1286 3157; baseline -0.002 -13"><span class='ocrx_word' id='word_1_502' title='bbox 174 3147 182 3157; x_wconf 55' lang='lat'><strong>.</strong></span> <span class='ocrx_word' id='word_1_503' title='bbox 224 3105 362 3157; x_wconf 86' lang='lat' dir='ltr'><strong>Coepit</strong></span> <span class='ocrx_word' id='word_1_504' title='bbox 379 3108 482 3144; x_wconf 90' lang='lat' dir='ltr'><strong>Iesus</strong></span> <span class='ocrx_word' id='word_1_505' title='bbox 498 3107 634 3154; x_wconf 91' lang='lat' dir='ltr'><strong>facere</strong></span> <span class='ocrx_word' id='word_1_506' title='bbox 652 3111 685 3142; x_wconf 87' lang='lat' dir='ltr'><strong>et</strong></span> <span class='ocrx_word' id='word_1_507' title='bbox 702 3106 845 3142; x_wconf 84' lang='lat' dir='ltr'><strong>docere.</strong></span> <span class='ocrx_word' id='word_1_508' title='bbox 875 3106 977 3153; x_wconf 89' lang='lat' dir='ltr'><strong>Ergo</strong></span> <span class='ocrx_word' id='word_1_509' title='bbox 998 3105 1170 3142; x_wconf 91' lang='lat' dir='ltr'><strong>Christus</strong></span> <span class='ocrx_word' id='word_1_510' title='bbox 1189 3117 1286 3143; x_wconf 90' lang='lat' dir='ltr'><strong>nun-</strong></span> 
     </span>
     <span class='ocr_line' id='line_1_74' title="bbox 232 3157 790 3211; baseline -0.004 -15"><span class='ocrx_word' id='word_1_511' title='bbox 232 3168 352 3211; x_wconf 83' lang='lat' dir='ltr'><strong>quam</strong></span> <span class='ocrx_word' id='word_1_512' title='bbox 378 3171 449 3208; x_wconf 91' lang='lat' dir='ltr'><strong>pro</strong></span> <span class='ocrx_word' id='word_1_513' title='bbox 479 3171 518 3195; x_wconf 91' lang='lat' dir='ltr'><strong>se</strong></span> <span class='ocrx_word' id='word_1_514' title='bbox 546 3159 629 3195; x_wconf 92' lang='lat' dir='ltr'><strong>solo</strong></span> <span class='ocrx_word' id='word_1_515' title='bbox 658 3157 790 3195; x_wconf 89' lang='lat' dir='ltr'><strong>oravit.</strong></span> 
     </span>
    </p>

    <p class='ocr_par' dir='ltr' id='par_1_31' title="bbox 156 3209 1286 3311">
     <span class='ocr_line' id='line_1_75' title="bbox 156 3209 1286 3263; baseline -0.003 -14"><span class='ocrx_word' id='word_1_516' title='bbox 156 3242 169 3263; x_wconf 34' lang='grc' dir='ltr'><strong>,ἱ</strong></span> <span class='ocrx_word' id='word_1_517' title='bbox 188 3245 195 3249; x_wconf 87' lang='grc'>.</span> <span class='ocrx_word' id='word_1_518' title='bbox 278 3211 359 3254; x_wconf 80' lang='lat' dir='ltr'><strong>SED</strong></span> <span class='ocrx_word' id='word_1_519' title='bbox 387 3223 531 3251; x_wconf 76' lang='lat' dir='ltr'>CONTRA</span> <span class='ocrx_word' id='word_1_520' title='bbox 558 3222 624 3248; x_wconf 85' lang='lat' dir='ltr'><strong>EST</strong></span> <span class='ocrx_word' id='word_1_521' title='bbox 651 3210 758 3259; x_wconf 94' lang='lat' dir='ltr'><strong>quod</strong></span> <span class='ocrx_word' id='word_1_522' title='bbox 794 3209 874 3260; x_wconf 90' lang='lat' dir='ltr'><strong>ipse</strong></span> <span class='ocrx_word' id='word_1_523' title='bbox 909 3209 1102 3251; x_wconf 91' lang='lat' dir='ltr'><strong>Dominus</strong></span> <span class='ocrx_word' id='word_1_524' title='bbox 1140 3210 1286 3247; x_wconf 91' lang='lat' dir='ltr'><strong>orando</strong></span> 
     </span>
     <span class='ocr_line' id='line_1_76' title="bbox 182 3262 1132 3311; baseline -0.003 -10"><span class='ocrx_word' id='word_1_525' title='bbox 182 3272 196 3281; x_wconf 61' lang='lat'>²</span> <span class='ocrx_word' id='word_1_526' title='bbox 224 3262 333 3311; x_wconf 77' lang='lat' dir='ltr'><strong>dicit,</strong></span> <span class='ocrx_word' id='word_1_527' title='bbox 360 3265 464 3301; x_wconf 91' lang='lat' dir='ltr'><strong>Ioan.</strong></span> <span class='ocrx_word' id='word_1_528' title='bbox 493 3275 563 3301; x_wconf 84' lang='lat' dir='ltr'><strong>xvu</strong></span> <span class='ocrx_word' id='word_1_529' title='bbox 581 3263 618 3299; x_wconf 73' lang='grc' dir='ltr'><strong>*ε</strong></span> <span class='ocrx_word' id='word_1_530' title='bbox 652 3264 828 3311; x_wconf 78' lang='lat' dir='ltr'><strong>Clarfica</strong></span> <span class='ocrx_word' id='word_1_531' title='bbox 854 3262 991 3299; x_wconf 88' lang='lat' dir='ltr'><strong>Filium</strong></span> <span class='ocrx_word' id='word_1_532' title='bbox 1019 3268 1132 3299; x_wconf 86' lang='lat' dir='ltr'><strong>tuum.</strong></span> 
     </span>
    </p>

    <p class='ocr_par' dir='ltr' id='par_1_32' title="bbox 228 3313 1288 3418">
     <span class='ocr_line' id='line_1_77' title="bbox 248 3313 1288 3364; baseline -0.004 -10"><span class='ocrx_word' id='word_1_533' title='bbox 248 3326 257 3335; x_wconf 82' lang='lat'>·</span> <span class='ocrx_word' id='word_1_534' title='bbox 281 3316 509 3354; x_wconf 68' lang='grc' dir='ltr'>ΚΕ5ΡοΝΒΕΟ</span> <span class='ocrx_word' id='word_1_535' title='bbox 537 3327 718 3352; x_wconf 81' lang='lat' dir='ltr'>DICENDUM</span> <span class='ocrx_word' id='word_1_536' title='bbox 738 3314 845 3363; x_wconf 93' lang='lat' dir='ltr'><strong>quod</strong></span> <span class='ocrx_word' id='word_1_537' title='bbox 865 3313 1037 3351; x_wconf 89' lang='lat' dir='ltr'><strong>Christus</strong></span> <span class='ocrx_word' id='word_1_538' title='bbox 1055 3326 1126 3364; x_wconf 90' lang='lat' dir='ltr'><strong>pro</strong></span> <span class='ocrx_word' id='word_1_539' title='bbox 1146 3326 1184 3354; x_wconf 88' lang='lat' dir='ltr'><strong>se</strong></span> <span class='ocrx_word' id='word_1_540' title='bbox 1205 3326 1288 3351; x_wconf 89' lang='lat' dir='ltr'><strong>ora—</strong></span> 
     </span>
     <span class='ocr_line' id='line_1_78' title="bbox 228 3366 1288 3418; baseline -0.003 -13"><span class='ocrx_word' id='word_1_541' title='bbox 228 3367 288 3418; x_wconf 15' lang='lat' dir='ltr'><strong>*vit</strong></span> <span class='ocrx_word' id='word_1_542' title='bbox 314 3368 522 3418; x_wconf 89' lang='lat' dir='ltr'><strong>dupliciter.</strong></span> <span class='ocrx_word' id='word_1_543' title='bbox 552 3369 640 3406; x_wconf 93' lang='lat' dir='ltr'><strong>Uno</strong></span> <span class='ocrx_word' id='word_1_544' title='bbox 668 3368 800 3413; x_wconf 86' lang='lat' dir='ltr'><strong>modo,</strong></span> <span class='ocrx_word' id='word_1_545' title='bbox 830 3366 1079 3416; x_wconf 86' lang='lat' dir='ltr'><strong>exprimendo</strong></span> <span class='ocrx_word' id='word_1_546' title='bbox 1108 3366 1288 3404; x_wconf 88' lang='lat' dir='ltr'><strong>affectum</strong></span> 
     </span>
    </p>
   </div>
   <div class='ocr_carea' id='block_1_23' title="bbox 106 3411 1289 3470">
    <p class='ocr_par' dir='ltr' id='par_1_33' title="bbox 106 3411 1289 3470">
     <span class='ocr_line' id='line_1_79' title="bbox 106 3411 1289 3470; baseline -0.003 -12"><span class='ocrx_word' id='word_1_547' title='bbox 106 3411 112 3415; x_wconf 35' lang='lat'><strong>⁵⁷</strong></span> <span class='ocrx_word' id='word_1_548' title='bbox 132 3436 133 3439; x_wconf 48' lang='lat'>¹</span> <span class='ocrx_word' id='word_1_549' title='bbox 191 3458 195 3462; x_wconf 80' lang='grc'><strong>,</strong></span> <span class='ocrx_word' id='word_1_550' title='bbox 235 3420 482 3466; x_wconf 78' lang='lat' dir='ltr'><strong>sensualitatis</strong></span> <span class='ocrx_word' id='word_1_551' title='bbox 500 3421 531 3467; x_wconf 71' lang='lat'><strong>²¹⁸,</strong></span> <span class='ocrx_word' id='word_1_552' title='bbox 561 3428 603 3458; x_wconf 93' lang='lat' dir='ltr'><strong>ut</strong></span> <span class='ocrx_word' id='word_1_553' title='bbox 629 3433 746 3470; x_wconf 89' lang='lat' dir='ltr'><strong>supra</strong></span> <span class='ocrx_word' id='word_1_554' title='bbox 763 3419 804 3441; x_wconf 71' lang='lat'><strong>²¹⁸*</strong></span> <span class='ocrx_word' id='word_1_555' title='bbox 829 3419 975 3456; x_wconf 91' lang='lat' dir='ltr'><strong>dictum</strong></span> <span class='ocrx_word' id='word_1_556' title='bbox 995 3426 1067 3465; x_wconf 90' lang='lat' dir='ltr'><strong>est;</strong></span> <span class='ocrx_word' id='word_1_557' title='bbox 1095 3420 1157 3456; x_wconf 92' lang='lat' dir='ltr'><strong>vel</strong></span> <span class='ocrx_word' id='word_1_558' title='bbox 1175 3418 1289 3456; x_wconf 89' lang='lat' dir='ltr'><strong>etiam</strong></span> 
     </span>
    </p>
   </div>
   <div class='ocr_carea' id='block_1_24' title="bbox 234 3471 1287 3522">
    <p class='ocr_par' dir='ltr' id='par_1_34' title="bbox 234 3471 1287 3522">
     <span class='ocr_line' id='line_1_80' title="bbox 234 3471 1287 3522; baseline -0.003 -12"><span class='ocrx_word' id='word_1_559' title='bbox 234 3473 439 3510; x_wconf 77' lang='lat' dir='ltr'><strong>voiuntatis</strong></span> <span class='ocrx_word' id='word_1_560' title='bbox 458 3472 649 3522; x_wconf 86' lang='lat' dir='ltr'><strong>simplicis,</strong></span> <span class='ocrx_word' id='word_1_561' title='bbox 670 3485 769 3522; x_wconf 91' lang='lat' dir='ltr'><strong>quae</strong></span> <span class='ocrx_word' id='word_1_562' title='bbox 796 3471 1057 3509; x_wconf 86' lang='lat' dir='ltr'><strong>consideratur</strong></span> <span class='ocrx_word' id='word_1_563' title='bbox 1075 3478 1117 3508; x_wconf 95' lang='lat' dir='ltr'><strong>ut</strong></span> <span class='ocrx_word' id='word_1_564' title='bbox 1135 3479 1287 3516; x_wconf 88' lang='lat' dir='ltr'><strong>natura;</strong></span> 
     </span>
    </p>
   </div>
   <div class='ocr_carea' id='block_1_25' title="bbox 291 3593 636 3629">
    <p class='ocr_par' dir='ltr' id='par_1_35' title="bbox 291 3593 636 3629">
     <span class='ocr_line' id='line_1_81' title="bbox 291 3593 636 3629; baseline 0.009 -10"><span class='ocrx_word' id='word_1_565' title='bbox 291 3593 319 3629; x_wconf 83' lang='grc' dir='ltr'><strong>α)</strong></span> <span class='ocrx_word' id='word_1_566' title='bbox 332 3602 447 3627; x_wconf 80' lang='lat' dir='ltr'><strong>precem.</strong></span> <span class='ocrx_word' id='word_1_567' title='bbox 465 3610 485 3615; x_wconf 90' lang='lat'>—</span> <span class='ocrx_word' id='word_1_568' title='bbox 497 3603 591 3628; x_wconf 81' lang='lat' dir='ltr'><strong>preces</strong></span> <span class='ocrx_word' id='word_1_569' title='bbox 609 3597 636 3623; x_wconf 85' lang='grc' dir='ltr'><strong>Ρ.</strong></span> 
     </span>
    </p>
   </div>
   <div class='ocr_carea' id='block_1_26' title="bbox 1312 2998 1317 3517">
    <p class='ocr_par' dir='ltr' id='par_1_36' title="bbox 1312 2998 1317 3517">
     <span class='ocr_line' id='line_1_82' title="bbox 1312 2998 1317 3517; baseline 0 0"><span class='ocrx_word' id='word_1_570' title='bbox 1312 2998 1317 3517; x_wconf 95' lang='lat' dir='ltr'><strong> </strong></span> 
     </span>
    </p>
   </div>
   <div class='ocr_carea' id='block_1_27' title="bbox 1331 2001 2393 3519">
    <p class='ocr_par' dir='ltr' id='par_1_37' title="bbox 1335 2001 2393 3206">
     <span class='ocr_line' id='line_1_83' title="bbox 1337 2001 2391 2050; baseline -0.001 -11"><span class='ocrx_word' id='word_1_571' title='bbox 1337 2002 1432 2039; x_wconf 91' lang='lat' dir='ltr'><strong>sicut</strong></span> <span class='ocrx_word' id='word_1_572' title='bbox 1468 2014 1559 2039; x_wconf 92' lang='lat' dir='ltr'><strong>cum</strong></span> <span class='ocrx_word' id='word_1_573' title='bbox 1596 2002 1718 2039; x_wconf 85' lang='lat' dir='ltr'><strong>oravit</strong></span> <span class='ocrx_word' id='word_1_574' title='bbox 1745 2014 1767 2038; x_wconf 91' lang='lat' dir='ltr'><strong>a</strong></span> <span class='ocrx_word' id='word_1_575' title='bbox 1795 2014 1834 2038; x_wconf 90' lang='lat' dir='ltr'><strong>se</strong></span> <span class='ocrx_word' id='word_1_576' title='bbox 1871 2001 2027 2038; x_wconf 89' lang='lat' dir='ltr'><strong>calicem</strong></span> <span class='ocrx_word' id='word_1_577' title='bbox 2060 2001 2247 2050; x_wconf 88' lang='lat' dir='ltr'><strong>passionis</strong></span> <span class='ocrx_word' id='word_1_578' title='bbox 2274 2009 2391 2038; x_wconf 89' lang='lat' dir='ltr'><strong>trans-</strong></span> 
     </span>
     <span class='ocr_line' id='line_1_84' title="bbox 1335 2054 2392 2104; baseline 0 -13"><span class='ocrx_word' id='word_1_579' title='bbox 1335 2054 1423 2091; x_wconf 84' lang='lat' dir='ltr'><strong>ferri</strong></span> <span class='ocrx_word' id='word_1_580' title='bbox 1441 2055 1471 2092; x_wconf 77' lang='grc'><strong>*.</strong></span> <span class='ocrx_word' id='word_1_581' title='bbox 1501 2055 1587 2092; x_wconf 90' lang='lat' dir='ltr'><strong>Alio</strong></span> <span class='ocrx_word' id='word_1_582' title='bbox 1615 2055 1748 2100; x_wconf 90' lang='lat' dir='ltr'><strong>modo,</strong></span> <span class='ocrx_word' id='word_1_583' title='bbox 1777 2054 2028 2104; x_wconf 85' lang='lat' dir='ltr'><strong>exprimendo</strong></span> <span class='ocrx_word' id='word_1_584' title='bbox 2057 2054 2238 2091; x_wconf 84' lang='lat' dir='ltr'><strong>affectum</strong></span> <span class='ocrx_word' id='word_1_585' title='bbox 2258 2056 2392 2091; x_wconf 89' lang='lat' dir='ltr'><strong>volun-</strong></span> 
     </span>
     <span class='ocr_line' id='line_1_85' title="bbox 1336 2106 2393 2156; baseline 0.001 -13"><span class='ocrx_word' id='word_1_586' title='bbox 1336 2107 1419 2144; x_wconf 88' lang='lat' dir='ltr'><strong>tatis</strong></span> <span class='ocrx_word' id='word_1_587' title='bbox 1438 2107 1676 2152; x_wconf 88' lang='lat' dir='ltr'><strong>deliberatae,</strong></span> <span class='ocrx_word' id='word_1_588' title='bbox 1697 2119 1796 2156; x_wconf 90' lang='lat' dir='ltr'><strong>quae</strong></span> <span class='ocrx_word' id='word_1_589' title='bbox 1815 2106 2076 2144; x_wconf 88' lang='lat' dir='ltr'><strong>consideratur</strong></span> <span class='ocrx_word' id='word_1_590' title='bbox 2094 2114 2136 2143; x_wconf 89' lang='lat' dir='ltr'><strong>ut</strong></span> <span class='ocrx_word' id='word_1_591' title='bbox 2154 2106 2268 2143; x_wconf 90' lang='lat' dir='ltr'><strong>ratio:</strong></span> <span class='ocrx_word' id='word_1_592' title='bbox 2298 2107 2393 2144; x_wconf 91' lang='lat' dir='ltr'><strong>sicut</strong></span> 
     </span>
     <span class='ocr_line' id='line_1_86' title="bbox 1337 2159 2391 2209; baseline 0 -13"><span class='ocrx_word' id='word_1_593' title='bbox 1337 2165 1431 2199; x_wconf 80' lang='lat' dir='ltr'><strong>cum&#39;</strong></span> <span class='ocrx_word' id='word_1_594' title='bbox 1455 2159 1559 2209; x_wconf 89' lang='lat' dir='ltr'><strong>petiit</strong></span> <span class='ocrx_word' id='word_1_595' title='bbox 1576 2159 1736 2207; x_wconf 85' lang='lat' dir='ltr'><strong>gloriam</strong></span> <span class='ocrx_word' id='word_1_596' title='bbox 1759 2159 2043 2197; x_wconf 88' lang='lat' dir='ltr'><strong>resurrectionis</strong></span> <span class='ocrx_word' id='word_1_597' title='bbox 2061 2159 2091 2195; x_wconf 80' lang='lat'><strong>*.</strong></span> <span class='ocrx_word' id='word_1_598' title='bbox 2121 2159 2169 2197; x_wconf 90' lang='lat' dir='ltr'><strong>Et</strong></span> <span class='ocrx_word' id='word_1_599' title='bbox 2187 2159 2263 2196; x_wconf 91' lang='lat' dir='ltr'><strong>hoc</strong></span> <span class='ocrx_word' id='word_1_600' title='bbox 2281 2159 2391 2196; x_wconf 90' lang='lat' dir='ltr'><strong>ratio-</strong></span> 
     </span>
     <span class='ocr_line' id='line_1_87' title="bbox 1338 2211 2392 2258; baseline 0 -10"><span class='ocrx_word' id='word_1_601' title='bbox 1338 2211 1519 2249; x_wconf 89' lang='lat' dir='ltr'><strong>nabiliter.</strong></span> <span class='ocrx_word' id='word_1_602' title='bbox 1557 2212 1662 2249; x_wconf 90' lang='lat' dir='ltr'><strong>Sicut</strong></span> <span class='ocrx_word' id='word_1_603' title='bbox 1689 2211 1793 2249; x_wconf 90' lang='lat' dir='ltr'><strong>enim</strong></span> <span class='ocrx_word' id='word_1_604' title='bbox 1821 2211 1965 2250; x_wconf 89' lang='lat' dir='ltr'><strong>dictum</strong></span> <span class='ocrx_word' id='word_1_605' title='bbox 1993 2218 2048 2249; x_wconf 86' lang='lat' dir='ltr'><strong>est</strong></span> <span class='ocrx_word' id='word_1_606' title='bbox 2065 2211 2103 2258; x_wconf 66' lang='lat'><strong>³⁸,</strong></span> <span class='ocrx_word' id='word_1_607' title='bbox 2135 2211 2306 2251; x_wconf 85' lang='lat' dir='ltr'><strong>Christus</strong></span> <span class='ocrx_word' id='word_1_608' title='bbox 2343 2212 2392 2248; x_wconf 91' lang='lat' dir='ltr'><strong>ad</strong></span> 
     </span>
     <span class='ocr_line' id='line_1_88' title="bbox 1338 2263 2392 2308; baseline -0.001 -6"><span class='ocrx_word' id='word_1_609' title='bbox 1338 2265 1414 2302; x_wconf 92' lang='lat' dir='ltr'><strong>hoc</strong></span> <span class='ocrx_word' id='word_1_610' title='bbox 1431 2264 1487 2301; x_wconf 92' lang='lat' dir='ltr'><strong>uti</strong></span> <span class='ocrx_word' id='word_1_611' title='bbox 1505 2264 1626 2301; x_wconf 89' lang='lat' dir='ltr'><strong>voluit</strong></span> <span class='ocrx_word' id='word_1_612' title='bbox 1645 2264 1815 2301; x_wconf 88' lang='lat' dir='ltr'><strong>oratione</strong></span> <span class='ocrx_word' id='word_1_613' title='bbox 1841 2264 1890 2300; x_wconf 90' lang='lat' dir='ltr'><strong>ad</strong></span> <span class='ocrx_word' id='word_1_614' title='bbox 1909 2264 2072 2308; x_wconf 89' lang='lat' dir='ltr'><strong>Patrem,</strong></span> <span class='ocrx_word' id='word_1_615' title='bbox 2092 2271 2135 2300; x_wconf 91' lang='lat' dir='ltr'><strong>ut</strong></span> <span class='ocrx_word' id='word_1_616' title='bbox 2157 2263 2268 2302; x_wconf 90' lang='lat' dir='ltr'><strong>nobis</strong></span> <span class='ocrx_word' id='word_1_617' title='bbox 2287 2264 2392 2303; x_wconf 84' lang='lat' dir='ltr'><strong>daret</strong></span> 
     </span>
     <span class='ocr_line' id='line_1_89' title="bbox 1339 2316 2392 2366; baseline 0.002 -13"><span class='ocrx_word' id='word_1_618' title='bbox 1339 2318 1560 2366; x_wconf 83' lang='lat' dir='ltr'><strong>exemplum</strong></span> <span class='ocrx_word' id='word_1_619' title='bbox 1579 2316 1730 2363; x_wconf 86' lang='lat' dir='ltr'><strong>orandi;</strong></span> <span class='ocrx_word' id='word_1_620' title='bbox 1758 2323 1794 2353; x_wconf 90' lang='lat' dir='ltr'><strong>et</strong></span> <span class='ocrx_word' id='word_1_621' title='bbox 1812 2323 1854 2352; x_wconf 91' lang='lat' dir='ltr'><strong>ut</strong></span> <span class='ocrx_word' id='word_1_622' title='bbox 1873 2316 2087 2353; x_wconf 88' lang='lat' dir='ltr'><strong>ostenderet</strong></span> <span class='ocrx_word' id='word_1_623' title='bbox 2105 2316 2256 2355; x_wconf 90' lang='lat' dir='ltr'><strong>Patrem</strong></span> <span class='ocrx_word' id='word_1_624' title='bbox 2275 2329 2392 2355; x_wconf 88' lang='lat' dir='ltr'><strong>suum</strong></span> 
     </span>
     <span class='ocr_line' id='line_1_90' title="bbox 1339 2368 2391 2419; baseline -0.001 -13"><span class='ocrx_word' id='word_1_625' title='bbox 1339 2382 1420 2406; x_wconf 87' lang='lat' dir='ltr'><strong>esse</strong></span> <span class='ocrx_word' id='word_1_626' title='bbox 1449 2377 1645 2406; x_wconf 89' lang='lat' dir='ltr'><strong>auctorem</strong></span> <span class='ocrx_word' id='word_1_627' title='bbox 1664 2381 1686 2406; x_wconf 90' lang='lat' dir='ltr'><strong>a</strong></span> <span class='ocrx_word' id='word_1_628' title='bbox 1705 2381 1783 2418; x_wconf 93' lang='lat' dir='ltr'><strong>quo</strong></span> <span class='ocrx_word' id='word_1_629' title='bbox 1813 2376 1848 2405; x_wconf 89' lang='lat' dir='ltr'><strong>et</strong></span> <span class='ocrx_word' id='word_1_630' title='bbox 1875 2368 2108 2406; x_wconf 89' lang='lat' dir='ltr'><strong>aeternaliter</strong></span> <span class='ocrx_word' id='word_1_631' title='bbox 2133 2368 2316 2419; x_wconf 90' lang='lat' dir='ltr'><strong>processit</strong></span> <span class='ocrx_word' id='word_1_632' title='bbox 2334 2381 2391 2405; x_wconf 92' lang='lat' dir='ltr'><strong>se-</strong></span> 
     </span>
     <span class='ocr_line' id='line_1_91' title="bbox 1339 2420 2391 2466; baseline 0 -7"><span class='ocrx_word' id='word_1_633' title='bbox 1339 2422 1513 2460; x_wconf 91' lang='lat' dir='ltr'><strong>cundum</strong></span> <span class='ocrx_word' id='word_1_634' title='bbox 1542 2421 1713 2459; x_wconf 90' lang='lat' dir='ltr'><strong>divinam</strong></span> <span class='ocrx_word' id='word_1_635' title='bbox 1740 2428 1927 2466; x_wconf 90' lang='lat' dir='ltr'><strong>naturam,</strong></span> <span class='ocrx_word' id='word_1_636' title='bbox 1950 2428 1986 2459; x_wconf 89' lang='lat' dir='ltr'><strong>et</strong></span> <span class='ocrx_word' id='word_1_637' title='bbox 2013 2420 2227 2459; x_wconf 90' lang='lat' dir='ltr'><strong>secundum</strong></span> <span class='ocrx_word' id='word_1_638' title='bbox 2254 2421 2391 2464; x_wconf 81' lang='lat' dir='ltr'><strong>huma-</strong></span> 
     </span>
     <span class='ocr_line' id='line_1_92' title="bbox 1339 2472 2389 2524; baseline -0.002 -13"><span class='ocrx_word' id='word_1_639' title='bbox 1339 2487 1431 2512; x_wconf 89' lang='lat' dir='ltr'><strong>nam</strong></span> <span class='ocrx_word' id='word_1_640' title='bbox 1458 2482 1634 2512; x_wconf 89' lang='lat' dir='ltr'><strong>naturam</strong></span> <span class='ocrx_word' id='word_1_641' title='bbox 1658 2474 1705 2511; x_wconf 88' lang='lat' dir='ltr'><strong>ab</strong></span> <span class='ocrx_word' id='word_1_642' title='bbox 1726 2486 1772 2511; x_wconf 90' lang='lat' dir='ltr'><strong>eo</strong></span> <span class='ocrx_word' id='word_1_643' title='bbox 1793 2474 1907 2510; x_wconf 92' lang='lat' dir='ltr'><strong>habet</strong></span> <span class='ocrx_word' id='word_1_644' title='bbox 1934 2472 2123 2524; x_wconf 91' lang='lat' dir='ltr'><strong>quidquid</strong></span> <span class='ocrx_word' id='word_1_645' title='bbox 2149 2472 2241 2512; x_wconf 87' lang='lat' dir='ltr'><strong>boni</strong></span> <span class='ocrx_word' id='word_1_646' title='bbox 2265 2472 2389 2510; x_wconf 90' lang='lat' dir='ltr'><strong>habet.</strong></span> 
     </span>
     <span class='ocr_line' id='line_1_93' title="bbox 1341 2524 2392 2574; baseline -0.003 -10"><span class='ocrx_word' id='word_1_647' title='bbox 1341 2527 1446 2565; x_wconf 91' lang='lat' dir='ltr'><strong>Sicut</strong></span> <span class='ocrx_word' id='word_1_648' title='bbox 1473 2535 1602 2564; x_wconf 88' lang='lat' dir='ltr'><strong>autem</strong></span> <span class='ocrx_word' id='word_1_649' title='bbox 1630 2526 1670 2563; x_wconf 93' lang='lat' dir='ltr'><strong>in</strong></span> <span class='ocrx_word' id='word_1_650' title='bbox 1696 2527 1868 2564; x_wconf 90' lang='lat' dir='ltr'><strong>humana</strong></span> <span class='ocrx_word' id='word_1_651' title='bbox 1902 2526 2036 2563; x_wconf 83' lang='lat' dir='ltr'><strong>natura</strong></span> <span class='ocrx_word' id='word_1_652' title='bbox 2063 2525 2254 2574; x_wconf 87' lang='lat' dir='ltr'><strong>quaedam</strong></span> <span class='ocrx_word' id='word_1_653' title='bbox 2288 2524 2392 2563; x_wconf 90' lang='lat' dir='ltr'><strong>bona</strong></span> 
     </span>
     <span class='ocr_line' id='line_1_94' title="bbox 1339 2577 2391 2627; baseline -0.004 -10"><span class='ocrx_word' id='word_1_654' title='bbox 1339 2580 1504 2617; x_wconf 89' lang='lat' dir='ltr'><strong>habebat</strong></span> <span class='ocrx_word' id='word_1_655' title='bbox 1531 2592 1553 2616; x_wconf 90' lang='lat' dir='ltr'><strong>a</strong></span> <span class='ocrx_word' id='word_1_656' title='bbox 1580 2581 1689 2616; x_wconf 91' lang='lat' dir='ltr'><strong>Patre</strong></span> <span class='ocrx_word' id='word_1_657' title='bbox 1717 2579 1794 2616; x_wconf 90' lang='lat' dir='ltr'><strong>iam</strong></span> <span class='ocrx_word' id='word_1_658' title='bbox 1830 2585 2026 2627; x_wconf 88' lang='lat' dir='ltr'><strong>percepta,</strong></span> <span class='ocrx_word' id='word_1_659' title='bbox 2055 2577 2105 2614; x_wconf 91' lang='lat' dir='ltr'><strong>ita</strong></span> <span class='ocrx_word' id='word_1_660' title='bbox 2133 2577 2245 2614; x_wconf 87' lang='lat' dir='ltr'><strong>etiarn</strong></span> <span class='ocrx_word' id='word_1_661' title='bbox 2279 2589 2391 2626; x_wconf 87' lang='lat' dir='ltr'><strong>expe-</strong></span> 
     </span>
     <span class='ocr_line' id='line_1_95' title="bbox 1340 2629 2390 2681; baseline -0.003 -12"><span class='ocrx_word' id='word_1_662' title='bbox 1340 2630 1463 2669; x_wconf 89' lang='lat' dir='ltr'><strong>ctabat</strong></span> <span class='ocrx_word' id='word_1_663' title='bbox 1490 2632 1538 2669; x_wconf 91' lang='lat' dir='ltr'><strong>ab</strong></span> <span class='ocrx_word' id='word_1_664' title='bbox 1558 2644 1604 2669; x_wconf 86' lang='lat' dir='ltr'><strong>eo</strong></span> <span class='ocrx_word' id='word_1_665' title='bbox 1624 2632 1815 2681; x_wconf 89' lang='lat' dir='ltr'><strong>quaedam</strong></span> <span class='ocrx_word' id='word_1_666' title='bbox 1834 2631 1937 2667; x_wconf 91' lang='lat' dir='ltr'><strong>bona</strong></span> <span class='ocrx_word' id='word_1_667' title='bbox 1963 2630 2139 2667; x_wconf 91' lang='lat' dir='ltr'><strong>nondum</strong></span> <span class='ocrx_word' id='word_1_668' title='bbox 2165 2629 2303 2675; x_wconf 83' lang='lat' dir='ltr'><strong>habita,</strong></span> <span class='ocrx_word' id='word_1_669' title='bbox 2324 2629 2390 2668; x_wconf 91' lang='lat' dir='ltr'><strong>sed</strong></span> 
     </span>
     <span class='ocr_line' id='line_1_96' title="bbox 1339 2681 2390 2744; baseline -0.004 -22"><span class='ocrx_word' id='word_1_670' title='bbox 1339 2685 1594 2744; x_wconf 81' lang='lat' dir='ltr'><strong>percipienda.</strong></span> <span class='ocrx_word' id='word_1_671' title='bbox 1631 2685 1679 2722; x_wconf 93' lang='lat' dir='ltr'><strong>Et</strong></span> <span class='ocrx_word' id='word_1_672' title='bbox 1706 2684 1812 2730; x_wconf 87' lang='lat' dir='ltr'><strong>ideo,</strong></span> <span class='ocrx_word' id='word_1_673' title='bbox 1841 2683 1936 2720; x_wconf 92' lang='lat' dir='ltr'><strong>sicut</strong></span> <span class='ocrx_word' id='word_1_674' title='bbox 1962 2695 2032 2742; x_wconf 80' lang='lat' dir='ltr'><strong>pro</strong></span> <span class='ocrx_word' id='word_1_675' title='bbox 2061 2682 2171 2721; x_wconf 90' lang='lat' dir='ltr'><strong>bonis</strong></span> <span class='ocrx_word' id='word_1_676' title='bbox 2203 2681 2279 2719; x_wconf 90' lang='lat' dir='ltr'><strong>iarn</strong></span> <span class='ocrx_word' id='word_1_677' title='bbox 2306 2693 2390 2731; x_wconf 88' lang='lat' dir='ltr'><strong>per-</strong></span> 
     </span>
     <span class='ocr_line' id='line_1_97' title="bbox 1339 2733 2389 2787; baseline -0.005 -12"><span class='ocrx_word' id='word_1_678' title='bbox 1339 2737 1456 2787; x_wconf 91' lang='lat' dir='ltr'><strong>ceptis</strong></span> <span class='ocrx_word' id='word_1_679' title='bbox 1494 2737 1533 2774; x_wconf 92' lang='lat' dir='ltr'><strong>in</strong></span> <span class='ocrx_word' id='word_1_680' title='bbox 1561 2738 1733 2774; x_wconf 92' lang='lat' dir='ltr'><strong>humana</strong></span> <span class='ocrx_word' id='word_1_681' title='bbox 1768 2743 1903 2774; x_wconf 88' lang='lat' dir='ltr'><strong>natura</strong></span> <span class='ocrx_word' id='word_1_682' title='bbox 1938 2735 2072 2783; x_wconf 89' lang='lat' dir='ltr'><strong>gratias</strong></span> <span class='ocrx_word' id='word_1_683' title='bbox 2106 2734 2238 2782; x_wconf 87' lang='lat' dir='ltr'><strong>agebat</strong></span> <span class='ocrx_word' id='word_1_684' title='bbox 2269 2733 2389 2780; x_wconf 88' lang='lat' dir='ltr'><strong>Patri,</strong></span> 
     </span>
     <span class='ocr_line' id='line_1_98' title="bbox 1340 2786 2388 2839; baseline -0.005 -11"><span class='ocrx_word' id='word_1_685' title='bbox 1340 2790 1650 2839; x_wconf 80' lang='lat' dir='ltr'><strong>recognoscendo</strong></span> <span class='ocrx_word' id='word_1_686' title='bbox 1688 2801 1779 2827; x_wconf 90' lang='lat' dir='ltr'><strong>eum</strong></span> <span class='ocrx_word' id='word_1_687' title='bbox 1807 2796 2022 2834; x_wconf 88' lang='lat' dir='ltr'><strong>auctorem,</strong></span> <span class='ocrx_word' id='word_1_688' title='bbox 2052 2794 2094 2823; x_wconf 93' lang='lat' dir='ltr'><strong>ut</strong></span> <span class='ocrx_word' id='word_1_689' title='bbox 2119 2793 2219 2836; x_wconf 90' lang='lat' dir='ltr'><strong>patet</strong></span> <span class='ocrx_word' id='word_1_690' title='bbox 2254 2786 2388 2825; x_wconf 86' lang='lat' dir='ltr'><strong>Matth.</strong></span> 
     </span>
     <span class='ocr_line' id='line_1_99' title="bbox 1339 2841 1772 2881; baseline -0.009 0"><span class='ocrx_word' id='word_1_691' title='bbox 1339 2855 1422 2881; x_wconf 76' lang='lat' dir='ltr'><strong>xxw</strong></span> <span class='ocrx_word' id='word_1_692' title='bbox 1440 2842 1460 2864; x_wconf 70' lang='lat'><strong>²¹²</strong></span> <span class='ocrx_word' id='word_1_693' title='bbox 1486 2850 1522 2879; x_wconf 90' lang='lat' dir='ltr'><strong>et</strong></span> <span class='ocrx_word' id='word_1_694' title='bbox 1539 2843 1642 2879; x_wconf 90' lang='lat' dir='ltr'><strong>Ioan.</strong></span> <span class='ocrx_word' id='word_1_695' title='bbox 1662 2853 1696 2879; x_wconf 80' lang='lat' dir='ltr'><strong>XI</strong></span> <span class='ocrx_word' id='word_1_696' title='bbox 1715 2841 1772 2877; x_wconf 62' lang='lat'>*²³2:</span> 
     </span>
     <span class='ocr_line' id='line_1_100' title="bbox 1340 2890 2390 2942; baseline -0.005 -10"><span class='ocrx_word' id='word_1_697' title='bbox 1340 2908 1420 2933; x_wconf 88' lang='lat' dir='ltr'><strong>rem</strong></span> <span class='ocrx_word' id='word_1_698' title='bbox 1451 2901 1753 2942; x_wconf 86' lang='lat' dir='ltr'><strong>recognosceret,</strong></span> <span class='ocrx_word' id='word_1_699' title='bbox 1783 2893 1830 2929; x_wconf 91' lang='lat' dir='ltr'><strong>ab</strong></span> <span class='ocrx_word' id='word_1_700' title='bbox 1859 2904 1905 2929; x_wconf 91' lang='lat' dir='ltr'><strong>eo</strong></span> <span class='ocrx_word' id='word_1_701' title='bbox 1934 2891 2080 2928; x_wconf 89' lang='lat' dir='ltr'><strong>orando</strong></span> <span class='ocrx_word' id='word_1_702' title='bbox 2114 2890 2264 2939; x_wconf 89' lang='lat' dir='ltr'><strong>petebat</strong></span> <span class='ocrx_word' id='word_1_703' title='bbox 2290 2903 2390 2939; x_wconf 87' lang='lat' dir='ltr'><strong>quae</strong></span> 
     </span>
     <span class='ocr_line' id='line_1_101' title="bbox 1341 2945 2392 3002; baseline -0.005 -18"><span class='ocrx_word' id='word_1_704' title='bbox 1341 2947 1411 2984; x_wconf 87' lang='lat' dir='ltr'><strong>sibi</strong></span> <span class='ocrx_word' id='word_1_705' title='bbox 1439 2948 1594 2984; x_wconf 90' lang='lat' dir='ltr'><strong>deerant</strong></span> <span class='ocrx_word' id='word_1_706' title='bbox 1621 2945 1834 2982; x_wconf 91' lang='lat' dir='ltr'><strong>secundum</strong></span> <span class='ocrx_word' id='word_1_707' title='bbox 1854 2945 2065 2980; x_wconf 88' lang='lat' dir='ltr'><strong>humanam</strong></span> <span class='ocrx_word' id='word_1_708' title='bbox 2093 2950 2279 3002; x_wconf 81' lang='lat' dir='ltr'><strong>naturam,</strong></span> <span class='ocrx_word' id='word_1_709' title='bbox 2298 2951 2392 2991; x_wconf 86' lang='lat' dir='ltr'><strong>puta</strong></span> 
     </span>
     <span class='ocr_line' id='line_1_102' title="bbox 1340 2994 2393 3059; baseline -0.005 -22"><span class='ocrx_word' id='word_1_710' title='bbox 1340 3000 1499 3059; x_wconf 88' lang='lat' dir='ltr'><strong>gloriam</strong></span> <span class='ocrx_word' id='word_1_711' title='bbox 1533 2997 1702 3048; x_wconf 90' lang='lat' dir='ltr'><strong>corporis</strong></span> <span class='ocrx_word' id='word_1_712' title='bbox 1730 3005 1766 3035; x_wconf 89' lang='lat' dir='ltr'><strong>et</strong></span> <span class='ocrx_word' id='word_1_713' title='bbox 1793 2996 1865 3034; x_wconf 91' lang='lat' dir='ltr'><strong>alia</strong></span> <span class='ocrx_word' id='word_1_714' title='bbox 1898 2995 2130 3032; x_wconf 91' lang='lat' dir='ltr'><strong>huiusmodi.</strong></span> <span class='ocrx_word' id='word_1_715' title='bbox 2169 2995 2217 3032; x_wconf 91' lang='lat' dir='ltr'><strong>Et</strong></span> <span class='ocrx_word' id='word_1_716' title='bbox 2243 2994 2282 3032; x_wconf 90' lang='lat' dir='ltr'><strong>in</strong></span> <span class='ocrx_word' id='word_1_717' title='bbox 2317 2996 2393 3032; x_wconf 91' lang='lat' dir='ltr'><strong>hoc</strong></span> 
     </span>
     <span class='ocr_line' id='line_1_103' title="bbox 1342 3047 2391 3106; baseline -0.004 -18"><span class='ocrx_word' id='word_1_718' title='bbox 1342 3052 1455 3089; x_wconf 87' lang='lat' dir='ltr'><strong>etiam</strong></span> <span class='ocrx_word' id='word_1_719' title='bbox 1482 3051 1593 3087; x_wconf 90' lang='lat' dir='ltr'><strong>nobis</strong></span> <span class='ocrx_word' id='word_1_720' title='bbox 1613 3050 1715 3086; x_wconf 89' lang='lat' dir='ltr'><strong>dedit</strong></span> <span class='ocrx_word' id='word_1_721' title='bbox 1734 3049 1954 3098; x_wconf 84' lang='lat' dir='ltr'><strong>exemplum</strong></span> <span class='ocrx_word' id='word_1_722' title='bbox 1973 3055 2015 3084; x_wconf 90' lang='lat' dir='ltr'><strong>ut</strong></span> <span class='ocrx_word' id='word_1_723' title='bbox 2034 3047 2080 3086; x_wconf 89' lang='lat' dir='ltr'><strong>de</strong></span> <span class='ocrx_word' id='word_1_724' title='bbox 2099 3047 2285 3106; x_wconf 88' lang='lat' dir='ltr'><strong>perceptis</strong></span> <span class='ocrx_word' id='word_1_725' title='bbox 2306 3060 2391 3085; x_wconf 87' lang='grc'>11111.-</span> 
     </span>
     <span class='ocr_line' id='line_1_104' title="bbox 1341 3099 2390 3150; baseline -0.005 -9"><span class='ocrx_word' id='word_1_726' title='bbox 1341 3104 1496 3141; x_wconf 89' lang='lat' dir='ltr'><strong>neribus</strong></span> <span class='ocrx_word' id='word_1_727' title='bbox 1514 3102 1648 3150; x_wconf 81' lang='lat' dir='ltr'><strong>gratias</strong></span> <span class='ocrx_word' id='word_1_728' title='bbox 1667 3113 1836 3149; x_wconf 85' lang='lat' dir='ltr'><strong>agamus,</strong></span> <span class='ocrx_word' id='word_1_729' title='bbox 1852 3108 1888 3137; x_wconf 90' lang='lat' dir='ltr'><strong>et</strong></span> <span class='ocrx_word' id='word_1_730' title='bbox 1906 3100 2083 3140; x_wconf 85' lang='lat' dir='ltr'><strong>nondum</strong></span> <span class='ocrx_word' id='word_1_731' title='bbox 2102 3099 2230 3137; x_wconf 87' lang='lat' dir='ltr'><strong>habita</strong></span> <span class='ocrx_word' id='word_1_732' title='bbox 2244 3100 2390 3142; x_wconf 80' lang='lat' dir='ltr'><strong>orando</strong></span> 
     </span>
     <span class='ocr_line' id='line_1_105' title="bbox 1341 3157 1590 3206; baseline -0.008 -13"><span class='ocrx_word' id='word_1_733' title='bbox 1341 3157 1590 3206; x_wconf 89' lang='lat' dir='ltr'><strong>postulemus.</strong></span> 
     </span>
    </p>

    <p class='ocr_par' dir='ltr' id='par_1_38' title="bbox 1331 3204 2393 3519">
     <span class='ocr_line' id='line_1_106' title="bbox 1395 3204 2392 3256; baseline -0.003 -12"><span class='ocrx_word' id='word_1_734' title='bbox 1395 3210 1451 3245; x_wconf 83' lang='lat' dir='ltr'><strong>An</strong></span> <span class='ocrx_word' id='word_1_735' title='bbox 1480 3219 1613 3244; x_wconf 81' lang='lat' dir='ltr'>PRIMUM</span> <span class='ocrx_word' id='word_1_736' title='bbox 1641 3218 1738 3243; x_wconf 81' lang='lat' dir='ltr'>ERGO</span> <span class='ocrx_word' id='word_1_737' title='bbox 1757 3217 1936 3243; x_wconf 79' lang='lat' dir='ltr'><strong>mcENDUM</strong></span> <span class='ocrx_word' id='word_1_738' title='bbox 1956 3205 2062 3256; x_wconf 91' lang='lat' dir='ltr'><strong>quod</strong></span> <span class='ocrx_word' id='word_1_739' title='bbox 2087 3204 2253 3245; x_wconf 89' lang='lat' dir='ltr'><strong>Hilarius</strong></span> <span class='ocrx_word' id='word_1_740' title='bbox 2272 3204 2392 3253; x_wconf 90' lang='lat' dir='ltr'><strong>loqui-</strong></span> 
     </span>
     <span class='ocr_line' id='line_1_107' title="bbox 1342 3258 2392 3318; baseline -0.003 -21"><span class='ocrx_word' id='word_1_741' title='bbox 1342 3269 1403 3297; x_wconf 91' lang='lat' dir='ltr'><strong>tur</strong></span> <span class='ocrx_word' id='word_1_742' title='bbox 1430 3267 1618 3318; x_wconf 81' lang='lat' dir='ltr'><strong>quantum</strong></span> <span class='ocrx_word' id='word_1_743' title='bbox 1646 3259 1694 3295; x_wconf 88' lang='lat' dir='ltr'><strong>ad</strong></span> <span class='ocrx_word' id='word_1_744' title='bbox 1723 3258 1935 3295; x_wconf 90' lang='lat' dir='ltr'><strong>orationem</strong></span> <span class='ocrx_word' id='word_1_745' title='bbox 1962 3258 2156 3294; x_wconf 89' lang='lat' dir='ltr'><strong>vocalem:</strong></span> <span class='ocrx_word' id='word_1_746' title='bbox 2186 3269 2284 3305; x_wconf 91' lang='lat' dir='ltr'><strong>quae</strong></span> <span class='ocrx_word' id='word_1_747' title='bbox 2312 3269 2392 3295; x_wconf 91' lang='lat' dir='ltr'><strong>non</strong></span> 
     </span>
     <span class='ocr_line' id='line_1_108' title="bbox 1343 3309 2393 3360; baseline -0.005 -10"><span class='ocrx_word' id='word_1_748' title='bbox 1343 3320 1421 3350; x_wconf 91' lang='lat' dir='ltr'><strong>erat</strong></span> <span class='ocrx_word' id='word_1_749' title='bbox 1440 3312 1474 3348; x_wconf 89' lang='lat' dir='ltr'><strong>ei</strong></span> <span class='ocrx_word' id='word_1_750' title='bbox 1493 3311 1703 3350; x_wconf 85' lang='lat' dir='ltr'><strong>necessaria</strong></span> <span class='ocrx_word' id='word_1_751' title='bbox 1719 3318 1875 3360; x_wconf 89' lang='lat' dir='ltr'><strong>propter</strong></span> <span class='ocrx_word' id='word_1_752' title='bbox 1901 3309 2042 3360; x_wconf 85' lang='lat' dir='ltr'><strong>ipsum,</strong></span> <span class='ocrx_word' id='word_1_753' title='bbox 2062 3309 2128 3347; x_wconf 89' lang='lat' dir='ltr'><strong>sed</strong></span> <span class='ocrx_word' id='word_1_754' title='bbox 2152 3311 2279 3347; x_wconf 91' lang='lat' dir='ltr'><strong>solum</strong></span> <span class='ocrx_word' id='word_1_755' title='bbox 2304 3321 2393 3360; x_wconf 85' lang='lat' dir='ltr'><strong>pro-</strong></span> 
     </span>
     <span class='ocr_line' id='line_1_109' title="bbox 1341 3362 2393 3422; baseline -0.003 -21"><span class='ocrx_word' id='word_1_756' title='bbox 1341 3373 1424 3414; x_wconf 90' lang='lat' dir='ltr'><strong>pter</strong></span> <span class='ocrx_word' id='word_1_757' title='bbox 1442 3376 1524 3401; x_wconf 86' lang='grc'>1105.</span> <span class='ocrx_word' id='word_1_758' title='bbox 1554 3364 1664 3402; x_wconf 91' lang='lat' dir='ltr'><strong>Unde</strong></span> <span class='ocrx_word' id='word_1_759' title='bbox 1684 3362 1871 3411; x_wconf 87' lang='lat' dir='ltr'><strong>signanter</strong></span> <span class='ocrx_word' id='word_1_760' title='bbox 1889 3362 1977 3407; x_wconf 86' lang='lat' dir='ltr'><strong>dicit</strong></span> <span class='ocrx_word' id='word_1_761' title='bbox 1995 3363 2101 3412; x_wconf 90' lang='lat' dir='ltr'><strong>quod</strong></span> <span class='ocrx_word' id='word_1_762' title='bbox 2127 3363 2197 3401; x_wconf 80' lang='lat' dir='ltr'><strong>sibi</strong></span> <span class='ocrx_word' id='word_1_763' title='bbox 2217 3375 2290 3401; x_wconf 89' lang='lat' dir='ltr'><strong>non</strong></span> <span class='ocrx_word' id='word_1_764' title='bbox 2305 3374 2393 3422; x_wconf 76' lang='lat' dir='ltr'><strong>pro-</strong></span> 
     </span>
     <span class='ocr_line' id='line_1_110' title="bbox 1331 3413 2393 3466; baseline -0.003 -12"><span class='ocrx_word' id='word_1_765' title='bbox 1331 3419 1485 3466; x_wconf 85' lang='lat' dir='ltr'><strong>ficiebat</strong></span> <span class='ocrx_word' id='word_1_766' title='bbox 1512 3417 1775 3466; x_wconf 78' lang='lat' dir='ltr'><strong>deprecationis</strong></span> <span class='ocrx_word' id='word_1_767' title='bbox 1789 3414 1804 3445; x_wconf 76' lang='grc' dir='ltr'><strong>β</strong></span> <span class='ocrx_word' id='word_1_768' title='bbox 1830 3428 1962 3454; x_wconf 89' lang='lat' dir='ltr'><strong>sermo.</strong></span> <span class='ocrx_word' id='word_1_769' title='bbox 1993 3415 2033 3452; x_wconf 93' lang='lat' dir='ltr'><strong>Si</strong></span> <span class='ocrx_word' id='word_1_770' title='bbox 2054 3413 2157 3452; x_wconf 88' lang='lat' dir='ltr'><strong>enirn</strong></span> <span class='ocrx_word' id='word_1_771' title='bbox 2176 3414 2393 3452; x_wconf 82' lang='lat' dir='ltr'><strong>desiderium</strong></span> 
     </span>
     <span class='ocr_line' id='line_1_111' title="bbox 1338 3466 2393 3519; baseline -0.004 -13"><span class='ocrx_word' id='word_1_772' title='bbox 1338 3482 1549 3519; x_wconf 88' lang='lat' dir='ltr'><strong>pauperum</strong></span> <span class='ocrx_word' id='word_1_773' title='bbox 1577 3469 1726 3506; x_wconf 86' lang='lat' dir='ltr'><strong>exaudit</strong></span> <span class='ocrx_word' id='word_1_774' title='bbox 1753 3469 1956 3514; x_wconf 87' lang='lat' dir='ltr'><strong>Dominus,</strong></span> <span class='ocrx_word' id='word_1_775' title='bbox 1986 3475 2027 3504; x_wconf 93' lang='lat' dir='ltr'><strong>ut</strong></span> <span class='ocrx_word' id='word_1_776' title='bbox 2054 3467 2093 3503; x_wconf 89' lang='lat' dir='ltr'><strong>in</strong></span> <span class='ocrx_word' id='word_1_777' title='bbox 2120 3467 2272 3503; x_wconf 87' lang='lat' dir='ltr'><strong>Psalmo</strong></span> <span class='ocrx_word' id='word_1_778' title='bbox 2291 3466 2312 3488; x_wconf 70' lang='lat'><strong>&#39;¹‘</strong></span> <span class='ocrx_word' id='word_1_779' title='bbox 2339 3466 2393 3503; x_wconf 92' lang='lat' dir='ltr'><strong>di-</strong></span> 
     </span>
    </p>
   </div>
   <div class='ocr_carea' id='block_1_28' title="bbox 1399 3591 1930 3627">
    <p class='ocr_par' dir='ltr' id='par_1_39' title="bbox 1399 3591 1930 3627">
     <span class='ocr_line' id='line_1_112' title="bbox 1399 3591 1930 3627; baseline -0.002 -10"><span class='ocrx_word' id='word_1_780' title='bbox 1399 3591 1424 3627; x_wconf 82' lang='grc' dir='ltr'><strong>β)</strong></span> <span class='ocrx_word' id='word_1_781' title='bbox 1445 3591 1645 3624; x_wconf 80' lang='lat' dir='ltr'><strong>deprecationis.</strong></span> <span class='ocrx_word' id='word_1_782' title='bbox 1663 3606 1683 3610; x_wconf 98' lang='lat'><em>-</em></span> <span class='ocrx_word' id='word_1_783' title='bbox 1701 3592 1735 3623; x_wconf 85' lang='lat' dir='ltr'><strong>P3</strong></span> <span class='ocrx_word' id='word_1_784' title='bbox 1756 3591 1930 3623; x_wconf 78' lang='lat' dir='ltr'><strong>deprecantis.</strong></span> 
     </span>
    </p>
   </div>
   <div class='ocr_carea' id='block_1_29' title="bbox 2417 2194 2596 2243">
    <p class='ocr_par' dir='ltr' id='par_1_40' title="bbox 2417 2194 2596 2243">
     <span class='ocr_line' id='line_1_113' title="bbox 2417 2194 2596 2243; baseline 0 -7"><span class='ocrx_word' id='word_1_785' title='bbox 2417 2194 2596 2243; x_wconf 68' lang='lat' dir='ltr'><strong>veA1·t.¹i,adi</strong></span> 
     </span>
    </p>
   </div>
   <div class='ocr_carea' id='block_1_30' title="bbox 1802 2840 2476 2886">
    <p class='ocr_par' dir='ltr' id='par_1_41' title="bbox 1802 2840 2476 2886">
     <span class='ocr_line' id='line_1_114' title="bbox 1802 2840 2476 2886; baseline -0.007 -6"><span class='ocrx_word' id='word_1_786' title='bbox 1802 2841 1851 2880; x_wconf 90' lang='lat' dir='ltr'><strong>ita</strong></span> <span class='ocrx_word' id='word_1_787' title='bbox 1879 2840 2004 2885; x_wconf 85' lang='lat' dir='ltr'><strong>etiam,</strong></span> <span class='ocrx_word' id='word_1_788' title='bbox 2025 2846 2066 2876; x_wconf 91' lang='lat' dir='ltr'><strong>ut</strong></span> <span class='ocrx_word' id='word_1_789' title='bbox 2084 2840 2235 2876; x_wconf 89' lang='lat' dir='ltr'><strong>Patrem</strong></span> <span class='ocrx_word' id='word_1_790' title='bbox 2262 2846 2390 2876; x_wconf 87' lang='lat' dir='ltr'><strong>aucto·</strong></span> <span class='ocrx_word' id='word_1_791' title='bbox 2418 2849 2441 2886; x_wconf 70' lang='lat'><strong>2,</strong></span> <span class='ocrx_word' id='word_1_792' title='bbox 2465 2854 2476 2869; x_wconf 85' lang='lat' dir='ltr'><strong>e</strong></span> 
     </span>
    </p>
   </div>
   <div class='ocr_carea' id='block_1_31' title="bbox 2413 1013 2497 1035">
    <p class='ocr_par' dir='ltr' id='par_1_42' title="bbox 2413 1013 2497 1035">
     <span class='ocr_line' id='line_1_115' title="bbox 2413 1013 2497 1035; baseline 0 0"><span class='ocrx_word' id='word_1_793' title='bbox 2413 1013 2426 1025; x_wconf 74' lang='lat'>⁸</span> <span class='ocrx_word' id='word_1_794' title='bbox 2438 1013 2497 1035; x_wconf 83' lang='lat' dir='ltr'><strong>lbid.</strong></span> 
     </span>
    </p>
   </div>
   <div class='ocr_carea' id='block_1_32' title="bbox 2413 749 2584 777">
    <p class='ocr_par' dir='ltr' id='par_1_43' title="bbox 2413 749 2584 777">
     <span class='ocr_line' id='line_1_116' title="bbox 2413 749 2584 777; baseline 0.006 -7"><span class='ocrx_word' id='word_1_795' title='bbox 2413 749 2424 760; x_wconf 81' lang='lat'>⁸</span> <span class='ocrx_word' id='word_1_796' title='bbox 2437 749 2463 771; x_wconf 86' lang='lat' dir='ltr'><strong>ln</strong></span> <span class='ocrx_word' id='word_1_797' title='bbox 2478 755 2584 777; x_wconf 78' lang='lat' dir='ltr'><strong>corpore.</strong></span> 
     </span>
    </p>
   </div>
   <div class='ocr_carea' id='block_1_33' title="bbox 2419 2062 2629 2117">
    <p class='ocr_par' dir='ltr' id='par_1_44' title="bbox 2419 2062 2629 2117">
     <span class='ocr_line' id='line_1_117' title="bbox 2419 2062 2629 2090; baseline 0.005 -7"><span class='ocrx_word' id='word_1_798' title='bbox 2419 2063 2429 2073; x_wconf 76' lang='lat'><strong>‘⁴</strong></span> <span class='ocrx_word' id='word_1_799' title='bbox 2434 2062 2629 2090; x_wconf 76' lang='lat' dir='ltr'><strong>Matth.cnp.xxvt,</strong></span> 
     </span>
     <span class='ocr_line' id='line_1_118' title="bbox 2419 2095 2527 2117; baseline 0 -7"><span class='ocrx_word' id='word_1_800' title='bbox 2419 2095 2478 2110; x_wconf 83' lang='lat' dir='ltr'><strong>vers.</strong></span> <span class='ocrx_word' id='word_1_801' title='bbox 2492 2095 2527 2117; x_wconf 83' lang='lat'><strong>39.</strong></span> 
     </span>
    </p>
   </div>
   <div class='ocr_carea' id='block_1_34' title="bbox 2419 2162 2628 2189">
    <p class='ocr_par' dir='ltr' id='par_1_45' title="bbox 2419 2162 2628 2189">
     <span class='ocr_line' id='line_1_119' title="bbox 2419 2162 2628 2189; baseline 0 -6"><span class='ocrx_word' id='word_1_802' title='bbox 2419 2162 2628 2189; x_wconf 79' lang='lat' dir='ltr'><strong>&#39;‘Ioa..v¹ncapx¹‚</strong></span> 
     </span>
    </p>
   </div>
   <div class='ocr_carea' id='block_1_35' title="bbox 2519 2194 2571 2216">
    <p class='ocr_par' dir='ltr' id='par_1_46' title="bbox 2519 2194 2571 2216">
     <span class='ocr_line' id='line_1_120' title="bbox 2519 2194 2571 2216; baseline 0.032 -1.387"><span class='ocrx_word' id='word_1_803' title='bbox 2519 2194 2571 2216; x_wconf 74' lang='lat' dir='ltr'>⁵·qq</span> 
     </span>
    </p>
   </div>
   <div class='ocr_carea' id='block_1_36' title="bbox 2421 3422 2545 3502">
    <p class='ocr_par' dir='ltr' id='par_1_47' title="bbox 2421 3422 2522 3502">
     <span class='ocr_line' id='line_1_121' title="bbox 2421 3422 2522 3444; baseline 0 0"><span class='ocrx_word' id='word_1_804' title='bbox 2421 3422 2522 3444; x_wconf 59' lang='grc'>’.13511111</span> 
     </span>
     <span class='ocr_line' id='line_1_122' title="bbox 2423 3449 2545 3475; baseline 0 -5"><span class='ocrx_word' id='word_1_805' title='bbox 2423 3449 2487 3475; x_wconf 76' lang='grc' dir='ltr'><strong><em>ιι,ιιΙ</em></strong></span> <span class='ocrx_word' id='word_1_806' title='bbox 2502 3449 2545 3470; x_wconf 75' lang='lat' dir='ltr'><strong>Psa</strong></span> 
     </span>
     <span class='ocr_line' id='line_1_123' title="bbox 2422 3481 2529 3502; baseline 0 0"><span class='ocrx_word' id='word_1_807' title='bbox 2422 3481 2480 3497; x_wconf 48' lang='lat' dir='ltr'><strong>‘&#39;e-¹⁸</strong></span> <span class='ocrx_word' id='word_1_808' title='bbox 2497 3481 2529 3502; x_wconf 75' lang='grc' dir='ltr'><strong>ι7</strong></span> 
     </span>
    </p>
   </div>
   <div class='ocr_carea' id='block_1_37' title="bbox 2532 3424 2630 3473">
    <p class='ocr_par' dir='ltr' id='par_1_48' title="bbox 2532 3424 2630 3473">
     <span class='ocr_line' id='line_1_124' title="bbox 2532 3424 2630 3473; baseline 0 -31"><span class='ocrx_word' id='word_1_809' title='bbox 2532 3424 2630 3473; x_wconf 59' lang='grc' dir='ltr'>[Χιὶῃριῐῐ.</span> 
     </span>
    </p>
   </div>
  </div>
 </body>
</html>
