2872 3970
120 356 142 399 ’ς
166 372 167 378 ’
206 363 322 399 arbitrii
342 366 450 395 actum
471 370 540 393 non
563 360 723 392 concurrit
745 369 785 390 eo
809 365 981 399 augmento
1013 359 1103 399 quod
1125 359 1262 390 sanctifi-

3 442 9 449 ,
67 443 70 446 ‚
207 407 288 442 estio
311 414 394 446 quae
415 404 485 437 fieri
505 403 644 440 deberet,
669 404 814 443 exigeret.
839 403 923 434 Hinc
939 402 975 434 fit
997 409 1033 433 ut
1055 404 1262 443 suscipientes

66 448 72 482 J
110 456 129 462 ’
205 455 398 486 menta
411 449 446 480 in
460 449 537 488 ipso
546 447 757 488 susceptionis
769 452 841 478 actu
857 448 994 477 maxime
1005 447 1141 478 debeant
1155 453 1262 478 actua-

3 503 8 511 ·
120 487 152 534 f]
204 494 275 531 31oe
295 494 329 526 in
350 493 457 525 Deum
478 497 552 524 actu
575 490 753 533 dilectionis
775 500 977 530 consurgere.

249 537 325 572 m
333 536 370 568 In
379 535 600 576 responsione
622 534 663 566 ad
684 535 841 574 primum,
865 534 991 567 adverte
1014 534 1104 574 quod
1126 534 1166 565 de
1188 539 1261 565 actu

204 558 303 620 {iberi
315 569 432 613 arbitrii
453 579 582 630 proprie
605 579 748 619 loquitur
763 579 901 611 Auctor:
926 584 962 610 ut
980 584 1066 618 patet
1081 584 1150 609 tum
1167 588 1204 608 ex
1221 588 1260 613 eo

126 622 163 671 ’.ἶ-ζ
205 624 295 676 quod
314 633 419 656 sermo
442 623 510 655 eius
533 628 580 654 est
602 622 753 658 formalis,
777 627 809 652 et
830 622 966 657 liberum
981 623 1144 653 arbimum
1167 631 1262 663 saepe

140 669 157 707 ,ζ
176 668 364 706 pnomimn
387 673 457 701 tum
479 676 518 698 ex
540 676 581 699 eo
605 665 695 706 quod
717 667 750 697 in
773 666 975 706 praecedenti
997 666 1140 702 articulo,
1164 667 1198 696 in
1214 675 1261 696 re-

204 712 377 754 sponsione
399 710 439 742 ad
461 709 649 746 secundum,
674 719 819 750 expresse
842 709 882 740 ad
905 716 1011 740 actum
1028 710 1191 740 electionis
1207 709 1261 740 de-

185 755 334 788 -acendit
357 755 398 786 Et
419 755 498 785 haec
520 753 594 785 ideo
618 754 750 784 dixerim
773 759 809 784 ut
831 754 997 794 percipias,
1014 759 1079 784 tam
1094 754 1127 784 in
1143 753 1260 794 angelis

242 1216 256 1234 “,
289 1215 296 1235 3.
317 1214 386 1258 *κάλ

237 1233 298 1300 αἲ]
346 1255 393 1307 *50³
413 1247 584 1285 Christus
621 1258 702 1283 non
728 1246 839 1283 fuerit
870 1245 1058 1304 perfectus
1086 1257 1260 1293 compre-

285 1299 293 1301 ”
351 1286 381 1347 s
396 1300 553 1337 hensor
589 1299 628 1336 in
659 1298 786 1348 primo
815 1297 966 1335 instanti
1000 1310 1092 1335 suae
1125 1309 1260 1335 conce-

302 1348 354 1396 ’ἕῑῖν
371 1347 562 1402 ptionis.
592 1351 776 1389 Meritum
805 1351 909 1388 enim
937 1350 1130 1400 praecedit
1151 1362 1260 1399 prae-

256 1416 342 1443 um:
372 1404 468 1443 sicut
494 1413 531 1442 et
558 1406 671 1454 culpa
697 1416 877 1464 poenam.
915 1404 991 1441 Sed
1021 1402 1193 1440 Christus
1221 1402 1259 1439 in

151 1457 327 1511 &primo
361 1457 511 1495 instanti
549 1470 640 1495 suae
673 1456 935 1506 conceptionis
967 1455 1126 1497 meruit,
1165 1455 1260 1492 sicut

158 1507 346 1553 dicium
373 1519 429 1548 est
447 1510 479 1547 ³¹⁸.
519 1511 622 1548 Cum
655 1522 743 1558 ergo
777 1517 894 1547 status
925 1507 1259 1558 comprehensoris

154 1558 170 1564 ”
232 1570 248 1602 t
272 1562 479 1614 principale
506 1562 743 1613 praemium,
773 1562 924 1599 videtur
951 1562 1057 1621 quod
1087 1561 1260 1599 Christus

270 1616 398 1667 primo
430 1615 581 1654 instanti
615 1627 707 1653 suae
739 1614 999 1664 conceptionis
1036 1627 1116 1651 non
1149 1614 1260 1651 fuerit

235 1678 239 1679 ⁷
201 1669 512 1719 Wprehensor

171 1738 174 1747 2
234 1733 294 1766 τε.
311 1722 541 1769 PRAETEREA,
562 1721 755 1758 Dominus
774 1720 872 1766 dicit,
892 1722 987 1757 Luc.
1003 1700 1069 1757 ult.
1085 1719 1120 1756 *ε
1149 1721 1260 1756 Haec

200 1777 359 1830 oportuit
389 1776 574 1812 Christum
595 1776 696 1824 pati,
727 1782 760 1810 et
787 1775 836 1811 ita
864 1775 1004 1810 intrare
1030 1774 1067 1809 in
1094 1773 1259 1823 gloriam

195 1829 318 1888 Μ.
348 1828 425 1865 Sed
452 1827 570 1876 gloria
597 1826 759 1876 pertinet
778 1827 827 1863 ad
847 1833 987 1863 statum
1006 1826 1259 1874 comprehen-

219 1873 318 1933 xbnis
337 1885 366 1917 α.
403 1881 505 1929 Ergo
534 1879 707 1917 Christus
741 1891 821 1916 non
853 1879 922 1916 fuit
957 1878 996 1915 in
1023 1885 1121 1914 statu
1153 1889 1259 1914 com-

195 1979 357 2041 &ando
385 1986 514 2023 adhuc
540 1986 685 2023 nullam
713 1982 922 2021 sustinuitss
950 1983 1192 2033 passionem.

198 2257 294 2294 mim
320 2262 394 2287 nec
420 2251 571 2298 angelo:
602 2249 632 2286 si
660 2248 765 2286 enim
792 2247 950 2285 fuissent
976 2246 1119 2284 conditi
1146 2245 1257 2294 beati,

183 2300 450 2353 :postmodum
478 2314 559 2339 non
585 2309 815 2352 peccassent
854 2301 955 2352 Ergo
985 2299 1173 2346 Christus,
1203 2310 1259 2335 55-

179 2354 372 2397 ,eundum
400 2355 507 2405 quod
534 2356 672 2400 homo,
701 2366 782 2391 non
809 2353 878 2391 fuit
904 2354 1038 2390 beatus
1065 2352 1105 2389 in
1132 2351 1258 2423 primo

198 2407 352 2458 instanti
379 2418 472 2446 suae
499 2407 771 2457 conceptionis.

199 2504 202 2506 v
238 2461 328 2500 SED
347 2472 491 2499 CONTRA
508 2472 574 2498 EsT
592 2460 699 2510 quod
719 2459 882 2497 dicitur'
873 2471 912 2496 m
931 2459 1085 2496 Psalmo
1099 2457 1137 2494 *z
1166 2459 1259 2494 Bea-

168 2511 257 2552 tus
284 2525 390 2565 quem
418 2514 559 2564 elegisti
572 2523 612 2550 et
630 2514 869 2562 assumpsisti.-
897 2511 1015 2561 quod,
1045 2510 1260 2548 secundum

158 2562 424 2619 Glossam,
391 2566 412 2589 *
444 2567 602 2604 refertur
618 2566 667 2603 ad
686 2566 900 2603 humanam
916 2571 1094 2601 naturam
1110 2561 1260 2609 Christi,

155 2622 300 2669 -φια5
327 2626 512 2670 assumpta
540 2625 591 2656 est
617 2631 641 2656 a
667 2620 786 2656 Verbo
813 2619 887 2655 Dei
911 2619 948 2654 in
978 2618 1151 2654 unitatem
1174 2627 1261 2665 per-

253 2812 271 2830 α
299 2805 547 2838 comprehensionis.
565 2818 585 2823 -
601 2803 828 2836 comprehensoris
846 2803 884 2828 Fa
903 2808 928 2828 et
946 2802 1028 2828 tertia.

254 2839 269 2873 β
297 2840 431 2866 sustinuit.
448 2854 468 2860 --
484 2840 650 2865 sustinuerat
668 2839 688 2863 F
708 2844 733 2863 et
750 2839 823 2863 tertia
841 2843 943 2871 praeter
961 2838 1011 2870 pG.

252 2883 270 2909 γ
299 2875 359 2901 Dei.
375 2889 395 2895 —-
412 2876 438 2900 in
459 2875 560 2900 unitate
583 2875 681 2900 addunt
699 2875 746 2903 Hc,
765 2874 792 2899 in
817 2873 930 2898 veritate
954 2873 1023 2898 addit
1041 2873 1064 2902 b,
1084 2873 1110 2897 in
1132 2872 1258 2897 unitatem

47 2892 76 2905 ’”
130 2893 150 2948 ζ
197 2915 329 2943 per-mae
346 2911 416 2936 addit
433 2911 461 2936 P.

263 3129 408 3161 Christus
431 3130 463 3160 in
485 3129 595 3170 primo
617 3129 748 3159 instanti
765 3137 845 3159 suae
864 3128 1079 3168 conceptionis
1092 3128 1166 3169 fuit
1184 3133 1258 3158 actu

195 3187 199 3207 z
201 3173 454 3215 wrehensor
473 3172 608 3204 videndo
627 3172 732 3203 Deum
751 3181 812 3212 per
827 3172 994 3202 essentiam
1010 3172 1131 3202 clarius
1146 3171 1258 3202 ceteris

195 3218 366 3250 ,creaturi-5.
390 3217 554 3248 Probatur.
578 3216 620 3246 Et
641 3216 757 3256 primo,
779 3214 868 3255 quod
882 3215 1027 3246 habuerit
1041 3215 1172 3255 gratiam
1190 3225 1258 3245 ma-

199 3258 301 3292 iorem
330 3261 480 3292 omnibus
509 3259 846 3300 comprehensoribus;
877 3258 1038 3295 secundo,
1066 3258 1154 3298 quod
1185 3265 1257 3289 actu

201 3304 313 3336 viderit
333 3306 406 3346 plus
430 3305 550 3336 ceteris.

255 3348 397 3380 Primum
411 3349 574 3390 probatur.
591 3347 735 3378 Christus
750 3347 872 3387 accepit
886 3352 964 3377 tunc
978 3347 1110 3386 gratiam
1126 3355 1190 3376 non
1214 3346 1257 3376 ad

203 3400 394 3424 meunt-am.
418 3393 504 3432 Ergo
520 3392 643 3432 accepit
657 3391 788 3431 gratiam
812 3396 843 3421 et
858 3396 1015 3431 quantum
1029 3390 1147 3420 habent
1167 3399 1255 3419 com-

178 3429 419 3475 prehensores,
435 3441 467 3467 et
486 3437 641 3467 maiorem
657 3435 816 3465 omnibus.
837 3452 859 3457 —-
881 3433 1082 3464 Antecedens
1098 3443 1135 3463 ex
1151 3433 1256 3463 Evan-

201 3477 297 3518 geIiO.
314 3497 339 3502 —-
360 3479 600 3520 Consequentia
622 3479 784 3519 probatur.
818 3478 903 3516 Quia
925 3478 1022 3518 gratia
1043 3478 1171 3507 viatoris
1195 3477 1255 3507 mi-

202 3530 315 3554 norem
335 3523 430 3555 habet
451 3533 634 3554 mensuram
656 3528 803 3563 respectu
825 3522 941 3562 gratiae
969 3521 1253 3561 comprehensoris.

203 3563 372 3598 Probatur:
396 3568 471 3608 quia
486 3566 592 3598 deficit
607 3568 646 3597 ab
669 3567 731 3597 illa.
755 3566 804 3596 Ex
818 3566 881 3596 hoc
898 3566 984 3596 enirn
1008 3565 1151 3605 sequitur
1166 3565 1255 3605 quod

856 281 1118 328 QUAESTIO
1147 283 1324 330 XXXIV,

219 1928 443 1973 ’“’5115115οι·ἰ5
470 1933 510 1970 in
537 1932 663 1982 primo
691 1931 842 1969 instanti
871 1943 962 1968 suae
986 1929 1269 1989 conceptionis,

1265 2008 1267 2010 -
1307 1981 1513 2018 maiorem.
1548 1982 1598 2018 Et
1623 1981 1715 2031 quia
1740 1983 1858 2031 gratia
1886 1983 1946 2021 illa
1973 1996 2054 2021 non
2072 1984 2142 2021 fuit
2169 1984 2249 2022 sine
2277 1994 2375 2031 actu,

248 2038 289 2076 ⁷3.
322 2040 560 2086 PRAETEREA,
596 2038 688 2075 illud
721 2037 828 2087 quod
863 2049 943 2074 non
976 2035 1155 2073 convenit
1178 2047 1271 2072 nec.

227 2083 350 2131 omini
377 2103 448 2128 nec
475 2092 622 2150 angelo,
650 2090 803 2128 videtur
830 2101 911 2127 5555
934 2088 1136 2139 proprium
1155 2088 1256 2132 Deo:
1264 2088 1266 2091 '

231 2142 300 2197 ‚ita
313 2156 394 2182 non
408 2143 588 2182 convenit
603 2143 755 2181 Christo
770 2142 989 2179 secundum
1000 2141 1108 2196 quod
1123 2142 1256 2187 homo.
1263 2139 1268 2168 ἓ

197 2195 278 2236 Sed
304 2209 458 2247 semper
484 2208 566 2234 esse
594 2196 751 2233 beatum
779 2207 860 2232 non
887 2190 1075 2232 convenit
1094 2205 1166 2230 nec
1189 2184 1257 2230 ho·
1265 2209 1273 2217 =

201 2682 324 2710 sonae.
370 2673 446 2710 Sed
480 2672 520 2709 in
551 2671 678 2722 primo
711 2670 863 2708 instanti
898 2668 1158 2719 conceptionis
1195 2667 1263 2705 fuit

1358 283 1648 322 ARTICULUS
1676 284 1727 321 ιν
2303 284 2378 332 349

1317 370 1414 400 quam
1437 361 1470 391 in
1494 361 1611 392 Christi
1634 362 1754 397 anima,
1785 362 1925 401 primum
1948 367 2055 392 actum
2079 364 2276 394 meritorium
2304 373 2378 396 vere

1317 404 1413 437 fuisse
1437 410 1543 435 actum
1566 405 1711 440 liberum,
1743 406 1888 445 quamvis
1911 415 1978 436 non
2001 405 2234 439 indifferentem
2258 407 2296 441 ad
2319 407 2379 439 bo-

1316 458 1396 479 num
1419 454 1451 479 et
1473 449 1604 485 malum,
1629 449 1684 480 sed
1707 459 1745 479 ex
1767 454 1888 484 natura,
1912 459 1969 479 seu
1992 455 2122 480 naturae
2141 450 2261 486 ordine,
2286 456 2322 481 ut
2343 451 2377 481 in

1315 492 1417 523 littera
1440 492 1563 528 dicitur,
1587 492 1832 526 determinatum
1856 492 1896 524 ad
1919 493 2051 523 bonum.
2075 494 2158 525 Nam
2181 504 2248 524 non
2271 495 2378 529 solum

1316 536 1473 572 voluntas,
1497 536 1553 567 sed
1575 537 1711 568 liberum
1734 537 1906 572 arbitrium,
1931 542 1966 567 ut
1988 537 2022 568 in
2045 537 2146 568 littera
2168 537 2296 574 dicitur,
2321 548 2378 578 per

1316 588 1349 610 se
1373 585 1404 610 et
1425 581 1607 612 naturaliter
1637 590 1670 611 55
1693 581 1791 611 habet
1818 580 1858 611 ad
1881 581 2021 612 bonum:
2056 581 2096 613 ad
2121 581 2242 613 malum
2270 588 2377 613 autem

1315 633 1372 663 per
1395 623 1496 659 aliud,
1521 625 1584 654 hoc
1607 630 1654 654 est
1675 634 1733 664 per
1755 625 1895 659 bonurn,
1920 634 1938 654 a
1961 634 2028 664 quo
2052 624 2231 656 deficiendo
2254 626 2376 656 malum

1315 667 1464 703 incur-rin
1489 673 1520 698 et
1542 673 1666 707 praeter
1688 674 1843 701 naturam.
1868 668 1990 699 Malum
2013 669 2098 701 enim
2123 675 2169 699 est
2193 669 2313 701 excisio
2337 670 2376 699 ab

1315 720 1352 741 eo
1379 711 1466 751 quod
1492 716 1538 741 est
1562 712 1736 742 secundum
1760 717 1931 742 naturam:
1960 713 2103 752 alioquin
2119 713 2194 743 mali
2220 714 2376 743 rationem

1315 764 1383 785 non
1405 755 1543 785 haberet.

157 975 164 990 ι,
211 976 214 979 Δ
972 924 1292 967 ARTICULUS
1330 926 1604 975 QUARTUS

138 995 167 1051 '3⁴1
225 1021 380 1054 UTRUM
394 1018 615 1051 -CHRlsTus
638 1018 797 1050 FUERIT
821 1017 1073 1048 PERFECTUS
1097 1016 1453 1048 COMPREHENSOR
1470 1018 1513 1048 IN
1529 1018 1663 1049 PRIMO
1688 1019 1890 1049 INSTANTI
1907 1020 2017 1051 SUAE
2034 1020 2354 1052 CONCEPTiONIS

860 1096 934 1125 Infra,
953 1102 997 1129 qu.
1016 1103 1081 1126 xmx,
1101 1100 1147 1120 art.
1167 1094 1191 1124 6,
1211 1095 1242 1120 ad
1263 1095 1292 1126 3;
1313 1095 1336 1119 1²
1356 1095 1411 1126 11¹⁶,
1431 1079 1474 1128 qu.
1494 1103 1518 1126 v,
1538 1101 1584 1121 nrt.
1604 1104 1627 1128 7,
1647 1097 1678 1120 ad
1700 1104 1723 1122 2.

385 1217 389 1222 f
410 1207 433 1232 n
453 1206 625 1237 QUARTUM
644 1206 696 1231 sm
717 1205 951 1231 moeson-tm.
973 1192 1133 1230 Videtur
1154 1192 1266 1241 quod
1315 1199 1511 1241 assumpta
1531 1193 1703 1230 humana
1722 1201 1857 1230 natura
1877 1206 1899 1230 a
1919 1195 2047 1231 Verbo
2068 1195 2139 1232 Dei
2153 1201 2179 1232 Υ.
2211 1197 2311 1243 Ergo
2336 1196 2374 1232 in

1314 1243 1441 1293 primo
1461 1244 1613 1281 instanti
1633 1258 1724 1282 suae
1743 1245 2002 1295 conceptionis
2028 1248 2212 1293 Christus,
2242 1260 2375 1285 secun-

1315 1297 1411 1333 dum
1430 1298 1537 1345 quod
1556 1299 1689 1344 homo,
1705 1298 1773 1335 fuit
1791 1299 1936 1335 beatus.
1958 1300 2077 1346 Quod
2096 1308 2151 1337 est
2170 1313 2251 1337 esse
2270 1313 2374 1337 com-

1316 1350 1602 1399 prehensorem.

1367 1403 1591 1440 RESPONDEO
1606 1415 1786 1441 DICENDUM
1802 1405 1919 1453 quod,
1936 1404 2032 1441 sicut
2046 1418 2092 1442 ex
2106 1405 2244 1442 dictis*
2262 1413 2373 1455 patet,

1314 1467 1395 1491 non
1426 1455 1495 1492 fuit
1522 1455 1756 1493 conveniens
1793 1465 1835 1493 ut
1863 1457 2035 1494 Christus
2071 1458 2111 1494 in
2143 1471 2213 1495 sua
2240 1471 2375 1496 conce-

1313 1507 1444 1557 ptione
1473 1508 1659 1557 acciperet
1684 1509 1843 1557 gratiam
1871 1510 2105 1548 habitualem
2123 1519 2272 1548 tantum
2292 1512 2375 1548 abs-

1314 1572 1390 1610 que
1419 1568 1516 1597 actu.
1547 1561 1702 1610 Accepit
1720 1569 1849 1599 autem
1863 1561 1876 1584 δ
1895 1563 2050 1611 gratiam
2073 1576 2146 1601 non
2167 1565 2217 1601 ad
2233 1577 2375 1601 mensu-

1315 1626 1398 1650 ram
1411 1613 1443 1661 ²¹²,
1463 1621 1506 1650 ut
1525 1626 1640 1662 supra
1654 1614 1694 1636 ³¹⁸*
1712 1614 1887 1652 habitum
1906 1623 1971 1652 est.
2001 1616 2130 1653 Gratia
2149 1624 2278 1653 autem
2297 1617 2375 1654 via-

1313 1665 1416 1711 toris,
1446 1678 1537 1703 cum
1565 1666 1610 1703 sit
1637 1667 1819 1704 deficiens
1847 1681 1869 1704 a
1895 1668 2012 1716 gratia
2030 1670 2412 1718 comprehensoris‚·

1314 1719 1429 1755 habet
1456 1731 1680 1756 mensuram
1702 1719 1894 1757 minorem
1923 1729 2096 1770 respectu
2124 1723 2376 1771 comprehen-

1314 1771 1410 1808 soris
1429 1776 1452 1807 ⁵.
1482 1772 1594 1808 Unde
1632 1772 1878 1809 manifestum
1906 1781 1961 1810 est
1993 1775 2101 1822 quod
2137 1775 2308 1811 Christus
2337 1775 2375 1811 in

1313 1823 1440 1873 primo
1469 1823 1620 1860 instanti
1649 1836 1741 1861 suae
1766 1825 2026 1874 conceptionis
2054 1827 2199 1875 accepit
2217 1839 2296 1864 non
2316 1840 2376 1864 50-

1314 1877 1393 1913 lum
1432 1883 1577 1913 tantam
1613 1877 1771 1924 gratiam
1808 1886 1990 1926 quantam
2033 1881 2376 1928 comprehensores

1313 1929 1476 1975 habent,
1515 1929 1583 1966 sed
1616 1929 1731 1966 etiam
1768 1930 1950 1968 omnibus
1987 1932 2376 1991 comprehensoribus

1312 2046 1554 2084 consequens
1574 2042 1629 2071 est
1656 2036 1764 2084 quod
1787 2044 1873 2073 actu
1892 2036 1961 2073 fuit
1979 2038 2292 2097 comprehensor,
2322 2038 2376 2075 vi-

1312 2086 1442 2124 dendo
1470 2088 1600 2132 Deum
1626 2099 1697 2136 per
1724 2088 1924 2126 essentiam
1955 2089 2092 2127 clarius
2119 2090 2251 2127 ceteris
2274 2103 2376 2128 crea-

1312 2139 1417 2176 turis.

1365 2193 1422 2229 Αἰ)
1450 2203 1585 2230 ΡιιιΜυΜ
1613 2204 1710 2230 ERGO
1738 2205 1919 2231 DICENDUM
1947 2195 2064 2244 quod,
2094 2195 2190 2232 sicut
2217 2209 2333 2245 supra
2358 2197 2378 2219 ²⁸

1308 2244 1459 2282 'dictum
1487 2252 1553 2291 est,
1584 2245 1757 2282 Christus
1775 2258 1856 2283 non
1875 2247 2015 2284 meruit
2032 2248 2192 2296 gloriam
2211 2249 2375 2296 animae,

1313 2298 1530 2335 secundum
1558 2310 1678 2347 quam
1706 2298 1842 2336 dicitur
1860 2301 2181 2349 comprehensor:
2212 2302 2279 2338 sed
2297 2304 2376 2350 glo-

1313 2350 1408 2387 riam
1445 2350 1635 2410 corporiS,
1675 2351 1723 2388 ad
1751 2363 1871 2400 quam
1907 2365 1977 2401 per
2010 2365 2121 2390 suam
2155 2354 2376 2403 passionem

1313 2403 1498 2453 pervenit.

1368 2456 1479 2493 Unde
1507 2464 1609 2505 patet
1637 2457 1834 2506 responsio
1863 2458 1912 2494 ad
1940 2458 2166 2495 secundum.

1368 2510 1426 2545 An
1453 2521 1611 2546 TERTIUM
1642 2522 1822 2547 DICENDUM
1857 2511 1963 2570 quod
1993 2511 2185 2558 Christus,
2221 2524 2267 2548 ex
2299 2513 2375 2550 hoc

1316 2561 1424 2611 quod
1450 2562 1519 2598 fuit
1547 2562 1652 2599 Deus
1681 2570 1717 2599 et
1744 2564 1877 2610 homo,
1907 2563 2021 2600 etiam
2049 2563 2088 2600 in
2112 2576 2181 2601 sua
2200 2565 2375 2602 humani-

1315 2622 1389 2651 tate
1418 2614 1552 2651 habuit
1579 2614 1721 2664 aliquid
1749 2628 1840 2665 prae
1860 2616 1992 2653 ceteris
2019 2616 2215 2654 creaturis:
2246 2625 2287 2654 ut
2306 2617 2375 2655 sci-

1317 2667 1402 2704 licet
1430 2666 1555 2704 statim
1583 2680 1606 2704 a
1632 2667 1819 2718 principio
1848 2677 1945 2706 esset
1972 2669 2116 2706 beatus.

1366 2798 1391 2832 ὂ)
1410 2803 1508 2825 autem.
1527 2814 1545 2818 —
1563 2800 1632 2824 enim
1653 2800 1680 2826 P.

1366 2833 1389 2869 ε)
1408 2835 1643 2867 comprehensoris.
1662 2849 1681 2854 -
1697 2836 1805 2868 gratiae
1822 2835 2048 2867 comprehensor-1⁶5
2067 2835 2095 2860 P.

874 2995 1206 3028 Commentario.
1228 2995 1482 3028 Cardinalis
1503 2993 1704 3026 Caietam

131 3071 154 3102 ’ξ’
195 3091 367 3160 ·Τιτιιωε
398 3086 500 3117 clarus
531 3090 587 3116 est.
613 3103 637 3107 -
663 3085 699 3115 In
729 3093 864 3124 corpore
893 3093 958 3114 una
992 3090 1039 3114 est
1074 3084 1256 3115 conclusio:
1284 3082 1288 3107 Ι
1312 3084 1425 3114 habeat
1447 3083 1579 3122 gratiam
1602 3087 1754 3121 quantam
1770 3082 2062 3131 comprehensores.
2087 3081 2127 3111 Et
2145 3091 2251 3111 rursus
2267 3083 2372 3122 sequi-

1312 3133 1363 3157 tur
1386 3126 1474 3166 quod
1497 3126 1652 3156 maiorem
1668 3126 1834 3156 omnibus:
1860 3125 1935 3165 quia
1957 3125 2046 3155 aliter
2064 3124 2175 3155 fuisset
2189 3132 2371 3157 mensurata

1312 3170 1351 3201 ad
1375 3171 1468 3200 aliam
1490 3170 1645 3200 maiorem
1668 3169 1719 3199 vel
1742 3169 1918 3209 aequalem.

1366 3213 1513 3245 Secunda
1535 3222 1611 3243 vero
1635 3222 1706 3253 pars
1728 3214 1889 3253 probatur.
1914 3212 1999 3251 Quia
2021 3213 2120 3253 gratia
2138 3212 2281 3243 nonfuit
2303 3214 2371 3244 sine

1311 3264 1393 3288 actu.
1417 3257 1586 3287 Probatur:
1612 3258 1686 3297 quia
1701 3258 1928 3287 inconveniens
1945 3266 2012 3287 esse
2028 3258 2090 3287 iam
2106 3258 2123 3273 ἦ*
2139 3256 2260 3287 dictum
2276 3263 2322 3288 est
2337 3259 2371 3288 in

1311 3302 1437 3333 Christo
1461 3310 1582 3341 ponere
1604 3301 1735 3340 gratiam
1757 3301 1951 3331 habitualem
1973 3301 2040 3331 sine
2063 3306 2145 3331 actu.

1365 3345 1401 3375 11.
1426 3345 1563 3375 Adverte
1578 3345 1630 3375 hic
1654 3344 1743 3385 quod
1765 3354 1803 3375 ex
1818 3345 1881 3375 hoc
1896 3345 1970 3375 loco
1991 3350 2120 3385 apparet
2135 3344 2212 3385 quid
2227 3344 2371 3376 videatur

1309 3390 1442 3420 sensisse
1465 3389 1588 3419 Auctor
1611 3388 1650 3419 de
1672 3389 1726 3419 illa
1748 3390 1935 3429 quaestione
1957 3389 1990 3419 in
2013 3389 2222 3429 praecedente
2242 3389 2369 3419 Libro*

1309 3438 1407 3473 tacta,
1439 3443 1479 3463 an
1505 3433 1602 3472 gratia
1623 3433 1751 3463 viatoris
1781 3433 1820 3463 sit
1845 3434 1951 3463 minor
1981 3434 2078 3472 gratia
2108 3433 2369 3473 compehensoris

1309 3476 1486 3507 secundum
1509 3486 1599 3507 suam
1616 3477 1833 3517 quantitatem,
1858 3487 1898 3507 an
1913 3477 2019 3507 solum
2034 3477 2156 3507 ratione
2171 3476 2270 3513 modi,
2295 3478 2370 3518 quia

1308 3521 1426 3551 scilicet
1449 3521 1698 3561 comprehensor
1715 3520 1801 3551 videt
1825 3526 1855 3551 et
1873 3522 1973 3551 viator
1991 3530 2068 3551 non.
2093 3521 2247 3561 Expresse
2271 3522 2368 3561 siqui-

1310 3564 1383 3595 dem
1406 3565 1468 3595 hoc
1495 3565 1527 3595 in
1551 3564 1642 3601 loco,
1672 3575 1710 3595 ex
1736 3565 1798 3595 hoc
1826 3564 1915 3605 quod
1938 3565 2065 3595 viatoris
2090 3565 2188 3605 gratia
2218 3564 2324 3595 deficit
2350 3575 2368 3595 a

2403 1418 2413 1428 ⁴
2426 1417 2477 1439 Art.
2493 1418 2596 1445 praeced.

2499 1575 2513 1600 δ

2403 1627 2490 1648 loun.
2509 1633 2560 1655 cap.
2575 1633 2612 1655 m,

2402 1660 2462 1675 ves-f
2475 1660 2511 1682 34·

2416 1680 2478 1707 ’Qu.
2485 1686 2521 1706 ιι
2530 1683 2588 1702 art
2581 1687 2612 1702 ιι.

2501 1789 2511 1805 Ξ

2404 2207 2476 2234 Qu.
2484 2212 2530 2232 iux,
2541 2210 2584 2229 art.
2594 2213 2612 2235 3.

2398 3271 2408 3280 ⁴
2421 3270 2472 3292 Art.
2488 3271 2593 3297 praeced.

2397 3397 2407 3407 ⁸
2420 3396 2443 3418 1⁸
2451 3397 2504 3423 11⁸⁶,
2518 3402 2607 3426 quaest.

2396 3428 2456 3450 cxiv,
2467 3428 2509 3446 art.
2517 3430 2537 3453 3,
2548 3425 2576 3446 ad
2587 3430 2606 3452 3.
