2872 3970
993 262 1258 308 QUAESTIO
1288 262 1339 308 x,

283 343 426 382 Christi
449 343 651 393 perfectius
669 342 773 380 videt
792 342 921 379 Deum
950 352 1069 390 quam
1090 340 1248 389 quaevis
1269 340 1340 377 alia

282 405 466 434 creatura.
1336 403 1339 405 ·

334 450 560 488 Rrsponnro
579 460 760 486 mcENDUM
780 447 887 496 quod
907 445 1057 483 divinae
1077 445 1262 483 essentiae
1285 445 1340 482 vi-

282 502 339 541 sio
368 501 549 539 convenit
577 500 759 538 omnibus
794 499 912 536 beatis
941 499 1158 536 secundum
1193 497 1341 548 partici-

281 554 479 605 pationem
506 553 663 592 luminis
690 552 850 590 derivati
878 552 926 589 ad
955 564 1022 589 eos
1049 564 1072 588 a
1098 552 1201 588 fonte
1224 550 1341 588 Verbi

282 607 355 645 Dei
373 607 410 644 *ς
439 606 655 644 secundum
674 606 766 642 illud
785 605 899 642 Eccli.
916 616 926 640 1
944 604 1001 641 *²³2
1023 606 1124 641 Fons
1141 605 1343 653 sapientiae

290 662 450 698 Verbum
477 661 551 696 Dei
576 661 613 696 in
642 658 806 695 excelsis.
836 657 938 694 Huic
966 664 1095 694 autem
1114 657 1243 693 Verbo
1269 655 1342 692 Dei

281 712 538 762 propinquius
566 710 811 759 coniungitur
839 709 967 747 anima
988 709 1138 756 Christi,
1160 721 1259 758 quae
1288 716 1343 745 est

281 765 388 810 unita
407 765 536 802 Verbo
564 764 604 801 in
623 775 800 813 persona,
821 775 941 811 quam
969 762 1128 811 quaevis
1147 762 1219 799 alia
1240 774 1342 798 crea-

281 826 377 856 tura.
408 818 456 855 Et
484 817 571 854 ideo
590 816 741 866 plenius
769 815 900 864 recipit
918 815 1159 852 influentiam
1188 814 1343 851 luminis

253 904 257 909 .
282 871 322 908 in
340 883 420 920 quo
440 871 547 907 Deus
565 869 718 906 videtur
745 869 793 906 ab
822 868 905 917 ipso
925 868 1066 914 Verbo,
1087 880 1207 917 quam
1227 880 1342 916 quae-

282 935 452 973 cumque
472 922 544 960 alia
571 930 755 960 creatura.
786 922 834 958 Et
859 921 947 958 ideo
973 933 1064 970 prae
1085 920 1217 957 ceteris
1241 932 1343 957 crea-

282 976 375 1014 turis
406 975 608 1025 perfectius
641 975 745 1012 videt
781 974 904 1023 ipsam
939 973 1105 1023 primam
1133 973 1342 1019 veritatem,

283 1041 383 1078 quae
412 1037 467 1066 est
494 1028 567 1066 Dei
595 1027 768 1065 essentia.
798 1028 846 1063 Et
874 1026 960 1063 ideo
990 1027 1127 1063 dicitur
1154 1028 1257 1063 loan.
1280 1025 1342 1062 1²¹⁵:

291 1083 453 1120 Vidimus
486 1082 651 1132 gloriam
679 1082 775 1126 eius,
805 1082 911 1129 quasi
948 1081 1139 1130 Unigeniti
1164 1093 1187 1117 a
1215 1081 1342 1125 Patre,

277 1136 434 1185 plenum
462 1147 543 1172 non
577 1135 702 1171 solum
739 1135 897 1183 gratiae,
928 1133 994 1169 sed
1023 1132 1138 1170 etiam
1171 1133 1342 1169 veritatis.

336 1189 393 1225 An
422 1200 557 1225 PR1M1JM
586 1199 684 1224 ERGO
712 1198 894 1223 DICENDUM
923 1186 1029 1234 quod
1065 1185 1245 1234 perfectio
1281 1197 1344 1221 co-

282 1241 470 1290 gnitionis,
500 1247 690 1290 quantum
718 1246 773 1276 est
801 1251 847 1275 ex
875 1246 980 1287 parte
1009 1238 1159 1286 cogniti,
1188 1237 1344 1275 attendi-

282 1302 345 1331 tur
359 1294 575 1330 secundum
594 1292 788 1329 medium:
810 1291 877 1328 sed
893 1298 1084 1340 quantum
1099 1299 1154 1327 est
1173 1303 1219 1327 ex
1238 1298 1344 1339 parte

283 1346 557 1395 cognoscentis,
578 1345 783 1383 attenditur
809 1345 1026 1381 secundum
1053 1343 1265 1392 potentiam
1284 1344 1346 1380 vel

282 1399 470 1437 habitum.
500 1400 548 1436 Et
573 1398 662 1435 inde
691 1406 746 1435 est
771 1398 878 1447 quod
905 1397 1019 1434 etiam
1046 1397 1142 1434 inter
1168 1396 1346 1433 homines

1370 261 1660 298 ARTICULUS
1688 262 1736 297 IV
2379 273 2390 297 1
2402 262 2446 298 55

1396 353 1465 389 per
1483 352 1607 377 unum
1636 340 1809 377 medium
1829 353 1931 377 unus
1959 341 2158 390 perfectius
2178 341 2370 389 cognoscit
2389 341 2451 378 ali-

1397 405 1515 442 quam
1552 393 1840 430 conclusionem
1874 406 1993 442 quam
2022 394 2127 430 alius.
2164 395 2211 430 Et
2245 406 2313 443 per
2348 395 2453 430 hunc

1397 446 1562 483 modum
1597 445 1726 483 anima
1755 446 1912 492 Christi,
1943 459 2041 495 quae
2080 447 2346 484 abundantiori
2382 446 2452 483 im-

1397 500 1521 548 pletur
1549 499 1711 546 lumine,
1740 499 1940 548 perfectius
1973 499 2167 547 cognoscit
2198 499 2368 536 divinam
2397 512 2452 535 es-

1397 551 1559 589 sentiam
1587 564 1706 600 quam
1736 551 1796 588 alii
1821 552 1932 598 beati,
1962 552 2045 588 licet
2073 564 2209 589 omnes
2229 552 2299 588 Dei
2328 564 2452 589 essen-

1396 604 1488 641 tiam
1516 604 1670 641 videant
1697 616 1767 653 per
1793 604 1970 653 seipsam.

1450 658 1507 693 AD
1536 669 1725 694 sECUNDUM
1753 669 1933 694 DICENDUM
1962 658 2068 706 quod
2092 657 2188 694 visio
2218 658 2369 695 divinae
2399 670 2453 694 es-

1398 710 1539 746 sentiae
1577 710 1723 746 excedit
1760 711 1972 747 naturalem
2009 710 2219 759 potentiam
2257 710 2455 747 cuiuslibet

1398 770 1610 809 creaturae,
1639 771 1681 799 ut
1709 763 1747 799 in
1783 763 1912 799 Prima
1947 764 2056 800 Parte
2076 763 2095 785 ‘¹‘
2123 764 2268 800 dictum
2304 772 2369 799 est.
2408 764 2455 799 Et

1398 815 1484 852 ideo
1505 816 1644 863 gradus
1672 815 1711 851 in
1734 815 1817 864 ipso
1838 816 2084 852 attenduntur
2102 816 2221 864 magis
2241 816 2455 853 secundum

1399 868 1576 905 ordinem
1612 868 1771 916 gratiae,
1802 868 1840 905 in
1869 881 1948 917 quo
1979 869 2151 906 Christus
2187 877 2241 906 est
2274 870 2455 906 excellen—

1398 921 1576 966 tissimus,
1606 933 1724 969 quam
1755 922 1967 958 secundum
1999 922 2175 958 ordinem
2204 931 2372 968 naturae,
2401 934 2456 958 se-

1399 973 1572 1010 cundum
1611 986 1728 1022 quem
1764 982 1900 1011 natura
1937 974 2105 1022 angelica
2141 976 2350 1024 praefertur
2386 976 2456 1011 hu-

1399 1038 1550 1063 manae.

1451 1080 1508 1115 AD
1536 1091 1694 1116 TERTIUM
1723 1092 1906 1117 DICENDUM
1935 1081 2059 1128 quod,
2090 1081 2184 1117 sicut
2222 1094 2337 1130 supra
2355 1082 2375 1104 '¹‘
2403 1082 2457 1119 di-

1399 1140 1505 1168 ctum
1534 1139 1589 1168 est
1617 1132 1664 1168 de
1693 1132 1810 1179 gratia
1839 1133 1944 1181 quod
1973 1145 2052 1169 non
2082 1142 2204 1182 potest
2232 1147 2313 1171 esse
2337 1136 2460 1173 maior

1399 1184 1516 1232 gratia
1535 1196 1654 1233 quam
1673 1185 1789 1232 gratia
1809 1185 1948 1222 Christi
1967 1198 2036 1234 per
2055 1195 2269 1235 respectum
2285 1188 2333 1224 ad
2352 1189 2459 1226 unio-

1400 1249 1491 1273 nem
1519 1237 1646 1280 Verbi,
1670 1237 1772 1274 idem
1801 1237 1916 1274 etiam
1944 1238 2152 1275 dicendum
2186 1248 2240 1276 est
2267 1240 2315 1277 de
2343 1242 2460 1290 perfe-

1400 1290 1524 1327 ctione
1560 1289 1712 1327 divinae
1747 1290 1921 1327 visionis:
1952 1291 2052 1337 licet,
2083 1292 2253 1329 absolute
2289 1294 2460 1331 conside-

1401 1343 1534 1389 rando,
1554 1342 1673 1391 possit
1692 1343 1826 1392 aliquis
1845 1344 1984 1391 gradus
2004 1356 2085 1381 esse
2110 1345 2309 1382 sublimior
2328 1359 2461 1384 secun-

1400 1396 1496 1432 dum
1522 1395 1748 1433 infinitatem
1777 1396 1928 1433 divinae
1956 1397 2159 1446 potentiae.

963 1494 1295 1530 Commentaria
1318 1492 1568 1525 Cardinalis
1590 1493 1790 1526 Caietam

343 1585 451 1606 rrimus
481 1575 583 1605 clarus
613 1580 669 1605 est.
689 1593 712 1597 -
734 1575 770 1605 In
794 1584 930 1614 corpore
955 1574 1078 1604 articuli
1108 1579 1154 1604 est
1180 1583 1245 1603 una
1269 1582 1346 1603 con-

285 1587 462 1655 Tclusio‚
494 1619 678 1659 responsiva
705 1620 849 1658 quaesito
880 1618 1080 1648 affirmative:
1112 1618 1228 1648 Anima
1255 1617 1347 1648 Chri-

282 1663 324 1695 sti
340 1673 426 1704 prae
451 1663 565 1694 ceteris
588 1664 747 1693 creaturis
771 1663 950 1705 perfectius
973 1662 1058 1693 videt
1079 1662 1220 1693 divinam
1244 1672 1348 1692 essen-

1398 1574 1528 1603 visionis
1545 1573 1678 1609 divinae,
1692 1573 1756 1609 sed,
1769 1574 1938 1604 sublimior
1947 1575 2081 1616 gradus,
2095 1576 2161 1606 sine
2174 1577 2334 1608 additione
2347 1579 2462 1618 aliqua,

1399 1618 1522 1647 nullam
1545 1618 1639 1648 habet
1662 1618 1764 1648 littera
1787 1618 2021 1649 difficultatem:
2047 1629 2122 1650 cum
2139 1620 2177 1650 de
2194 1621 2277 1651 facto
2294 1623 2386 1652 multi
2401 1624 2463 1653 sint

1400 1661 1514 1701 gradus
1538 1662 1742 1701 perfectiores
1765 1662 1864 1701 gradu
1888 1662 2012 1692 divinae
2034 1664 2181 1700 visionis;
2209 1665 2327 1695 scilicet
2349 1667 2463 1706 gradus

284 1708 372 1738 tiam.
396 1707 561 1738 Probatur.
585 1706 674 1737 Visio
700 1707 824 1737 divinae
848 1707 1001 1737 essentiae
1025 1707 1175 1736 convenit
1198 1707 1349 1736 omnibus
1401 1706 1603 1741 substantiae,
1627 1715 1702 1736 cum
1726 1706 1885 1745 quaelibet
1901 1707 2073 1737 substantia
2096 1709 2135 1738 sit
2158 1709 2323 1739 sublimior
2343 1711 2464 1750 simpli-

283 1753 383 1783 beatis
416 1751 594 1782 secundum
625 1751 902 1791 participationem
932 1751 1029 1781 divini
1058 1751 1188 1780 luminis
1218 1750 1349 1780 derivati
1373 1747 1376 1781 Ι
1402 1750 1478 1779 citer
1502 1750 1647 1788 quolibet
1670 1750 1843 1780 accidente.

283 1797 317 1827 in
341 1805 397 1826 eos
433 1805 451 1825 a
482 1795 570 1826 fonte
598 1795 696 1825 divini
718 1795 825 1825 Verbi.
850 1795 912 1825 Sed
942 1796 1047 1825 anima
1071 1794 1188 1824 Christi
1213 1794 1348 1824 coniun-

283 1841 367 1880 gitur
389 1839 604 1880 propinquius
626 1839 733 1869 Verbo
753 1839 823 1875 Dei,
841 1845 872 1869 et
894 1839 1020 1879 plenius
1049 1838 1162 1878 recipit
1190 1837 1349 1868 influxum

284 1884 415 1915 luminis
438 1884 470 1914 in
495 1892 561 1923 quo
586 1883 674 1912 Deus
700 1882 834 1913 videtur.
859 1883 955 1922 Ergo.

341 1928 445 1958 Maior
466 1927 620 1967 probatur
641 1926 742 1957 Eccli.
759 1937 780 1957 1.
797 1946 819 1949 -
847 1927 964 1962 Minor,
988 1926 1096 1966 quoad
1119 1927 1256 1966 primam
1279 1935 1350 1965 par-

284 1978 360 2008 tem,
377 1972 453 2012 quia
476 1971 681 2011 coniungitur
695 1971 729 2001 in
753 1980 906 2011 persona:
935 1970 1043 2011 quoad
1062 1970 1247 2006 secundam,
1265 1970 1349 2010 quia,

284 2022 438 2056 tanquam
465 2015 667 2056 Unigenitus,
692 2021 739 2046 est
762 2015 880 2056 plenus
903 2015 1056 2051 veritatis,
1081 2015 1169 2045 Ioan.
1192 2025 1213 2045 1.

340 2061 377 2091 11.
402 2060 438 2090 In
452 2060 663 2099 responsione
679 2059 718 2090 ad
733 2059 922 2095 secundum,
939 2065 1017 2090 nota
1032 2060 1268 2099 expositionem
1283 2068 1351 2089 ma-

285 2105 361 2136 ioris
384 2104 614 2144 propositionis
640 2109 820 2144 assumptae
843 2104 877 2134 in
901 2113 1036 2144 corpore
1059 2103 1200 2139 articuli,
1230 2104 1264 2133 in
1288 2103 1352 2143 qua

286 2148 407 2180 dictum
431 2153 478 2179 est
501 2147 590 2188 quod
612 2148 692 2178 visio
708 2147 769 2178 Dei
790 2147 961 2178 attenditur
983 2147 1162 2178 secundum
1184 2148 1353 2188 participa-

285 2194 409 2224 tionem
433 2192 531 2223 divini
551 2191 691 2222 luminis.
715 2192 910 2232 Explanatur
925 2191 1084 2232 siquidem
1099 2192 1150 2222 hic
1167 2191 1257 2232 quod
1271 2193 1352 2222 visio

287 2237 348 2267 Dei
371 2235 542 2267 attenditur
572 2241 604 2265 et
629 2235 808 2266 secundum
834 2237 984 2267 virtutem
1010 2242 1141 2267 naturae
1163 2235 1299 2267 videntis
1323 2241 1355 2267 et

287 2280 465 2311 secundum
488 2280 599 2310 lumen
621 2280 750 2319 gloriae,
774 2279 830 2311 sed
845 2282 944 2320 magis
965 2279 1143 2311 secundum
1158 2280 1269 2311 lumen
1284 2281 1354 2320 glo-

286 2325 361 2361 riae,
379 2324 468 2365 quod
483 2329 605 2364 spectat
620 2324 660 2354 ad
675 2324 822 2355 ordinem
837 2325 968 2365 gratiae:
985 2330 1017 2355 et
1031 2324 1105 2355 ideo
1119 2324 1236 2355 Christi
1249 2325 1355 2355 anima

287 2368 458 2410 perfectius
481 2367 567 2399 videt
590 2377 689 2408 quam
705 2369 818 2409 angeli,
835 2374 1029 2409 praestantes
1044 2370 1159 2399 virtute
1175 2369 1355 2399 intellectus

286 2413 446 2444 naturalis.
471 2411 618 2443 Dicendo
634 2412 793 2453 siquidem
817 2413 907 2453 quod
930 2413 1035 2455 magis
1050 2413 1263 2444 attenduntur
1275 2423 1355 2454 gra-

288 2457 348 2488 dus
370 2457 503 2488 visionis
532 2456 705 2487 secundum
733 2456 878 2488 ordinem
900 2458 1031 2498 gratiae
1059 2467 1155 2498 quam
1181 2457 1355 2488 secundum

289 2501 435 2532 ordinem
459 2506 612 2537 naturae,
644 2500 837 2532 sufficienter
867 2502 1035 2542 explicavit
1065 2501 1154 2542 quod
1177 2501 1356 2532 secundum

288 2551 462 2585 utrumque
486 2544 632 2575 ordinem
655 2545 837 2576 attenditur.

344 2589 386 2620 Et
407 2590 471 2620 hoc
493 2590 575 2620 bene
598 2589 734 2620 notabis.
758 2589 843 2627 Quia
866 2590 940 2620 hinc
964 2590 1060 2620 habes
1085 2589 1183 2630 quod,
1208 2590 1275 2630 pari
1292 2591 1356 2620 exi-

289 2639 391 2664 stente
414 2633 535 2664 lumine
557 2633 676 2673 gloriae
695 2634 728 2663 in
743 2634 876 2664 homine
896 2640 927 2664 et
942 2634 1067 2674 angelo,
1084 2634 1255 2674 perfectius
1270 2633 1357 2665 videt

290 2678 397 2708 Deum
420 2677 551 2718 angelus
575 2686 673 2717 quam
688 2678 800 2708 homo.
824 2678 865 2708 Et
883 2679 1015 2709 merito:
1041 2679 1117 2718 quia
1132 2679 1217 2709 visus
1234 2679 1357 2709 acutior

290 2722 404 2752 melius
426 2721 512 2752 videt
535 2730 632 2762 quam
654 2722 740 2752 visus
762 2722 869 2752 minus
885 2728 1007 2757 acutus,
1028 2723 1138 2753 ceteris
1153 2723 1291 2762 paribus.
1315 2723 1357 2753 Et

291 2775 329 2796 ex
350 2766 415 2796 hoc
438 2765 570 2796 ulterius
585 2766 729 2805 sequitur
744 2765 843 2806 quod,
860 2767 887 2796 si
901 2766 1044 2797 Verbum
1061 2767 1121 2797 Dei
1137 2767 1357 2806 assumpsisset

290 2811 324 2840 in
347 2810 502 2840 unitatem
525 2810 726 2849 personalem
749 2810 925 2850 angelicam
949 2810 1089 2850 aliquam
1112 2816 1258 2841 naturam
1281 2821 1356 2841 cum

290 2854 413 2885 lumine
435 2854 554 2893 gloriae
585 2854 710 2893 aequali
732 2853 778 2884 illi
809 2854 899 2894 quod
928 2855 1034 2885 anima
1058 2854 1174 2885 Christi
1205 2854 1244 2885 de
1272 2855 1356 2885 facto

290 2899 403 2934 habet,
434 2897 565 2938 angelus
591 2897 644 2928 ille
673 2897 845 2937 perfectius
867 2898 988 2929 videret
1017 2898 1157 2929 divinam
1188 2900 1356 2930 essentiam

292 2951 390 2983 quam
413 2941 514 2972 modo
538 2941 643 2972 videat
666 2942 771 2972 anima
795 2941 922 2973 Christi.

346 2986 398 3016 111.
422 2986 458 3016 In
481 2986 690 3026 responsione
714 2985 753 3016 ad
782 2987 928 3023 tertium,
954 2988 1036 3018 circa
1058 2987 1111 3018 illa
1134 2988 1245 3017 verba:
1274 2988 1356 3023 licet,

291 3030 437 3061 absolute
452 3029 697 3066 considerando,
708 3030 814 3070 possit
829 3040 895 3061 esse
910 3031 1028 3072 aliquis
1042 3031 1168 3073 gradus
1179 3032 1356 3067 sublimior,

291 3074 466 3105 secundum
489 3074 679 3115 infinitatem
702 3074 832 3105 divinae
848 3075 1023 3115 potentiae,
1049 3075 1184 3106 dubium
1209 3077 1356 3112 occurrit,

293 3127 436 3158 quonam
451 3123 546 3158 pacto
562 3123 645 3148 stant
660 3127 736 3148 cum
751 3128 846 3158 supra
861 3120 878 3135 *
894 3119 994 3156 dictis,
1012 3119 1100 3159 quod
1115 3120 1212 3159 gratia
1234 3121 1357 3150 animae

293 3161 411 3193 Christi
434 3168 481 3192 est
503 3163 537 3193 in
560 3171 688 3192 summo
712 3163 906 3202 simpliciter,
930 3164 973 3194 ita
997 3163 1086 3204 quod
1101 3173 1168 3193 non
1185 3169 1231 3194 est
1247 3163 1357 3193 dabilis

292 3206 395 3236 maior
423 3206 522 3246 gratia
551 3206 719 3236 habitualis
749 3206 818 3242 illa,
850 3207 925 3247 quia
949 3213 995 3238 est
1018 3208 1051 3238 in
1074 3217 1212 3238 summo.
1249 3207 1356 3237 Simile

293 3249 452 3290 siquidem
474 3249 630 3280 iudicium
655 3255 701 3281 est
724 3249 763 3280 de
786 3250 907 3281 lumine
930 3252 1066 3291 gloriae,
1099 3251 1188 3291 quod
1214 3256 1260 3280 est
1290 3252 1358 3291 ipsa

293 3294 391 3334 gratia
414 3299 646 3330 consummata,
670 3294 843 3325 formaliter
865 3296 915 3325 vel
939 3295 1112 3326 causaliter.
1145 3295 1177 3325 Si
1201 3295 1285 3324 enim
1310 3295 1357 3324 lu-

294 3347 370 3369 men
391 3338 510 3378 gloriae
534 3344 581 3369 est
602 3339 637 3368 in
660 3338 764 3368 anima
788 3338 905 3369 Christi
931 3340 963 3369 in
987 3348 1132 3373 summo,
1161 3338 1357 3377 impossibile

295 3387 356 3418 est,
379 3381 558 3412 secundum
581 3392 820 3423 quamcumque
843 3384 1037 3423 potentiam,
1068 3382 1202 3412 inveniri
1225 3381 1357 3421 gradum

295 3426 530 3456 sublimiorem:
562 3427 644 3456 sicut
666 3436 734 3457 non
757 3432 863 3467 potest
891 3427 1026 3457 inveniri
1057 3425 1221 3455 sublimior
1244 3425 1358 3464 gradus

295 3469 408 3500 caloris
439 3479 536 3510 quam
563 3471 602 3500 sit
625 3471 712 3501 calor
734 3471 767 3501 in
791 3480 937 3507 summo;
970 3475 1050 3500 esset
1081 3470 1165 3499 enim
1196 3469 1358 3509 implicare

297 3512 541 3544 contradictoria
564 3514 669 3550 simul,
694 3520 730 3547 ut
752 3520 848 3555 patet.

352 3556 404 3587 lv.
427 3556 480 3587 Ad
501 3557 564 3588 hoc
588 3558 702 3589 dicitur
725 3558 830 3598 quod,
863 3568 937 3588 cum
960 3559 992 3587 in
1017 3557 1117 3587 littera
1148 3566 1214 3587 non
1239 3556 1359 3587 dicatur

297 3599 386 3640 quod
415 3607 524 3640 posset
548 3611 614 3632 esse
639 3602 804 3632 sublimior
833 3602 947 3642 gradus
974 3602 1102 3631 luminis
1133 3601 1267 3640 gloriae,
1298 3611 1358 3632 nec

1457 1793 1519 1823 Sed
1542 1794 1620 1823 haec
1643 1794 1810 1833 responsio
1835 1794 1975 1824 dissonat
1999 1805 2016 1824 a
2039 1795 2150 1831 littera,
2168 1805 2249 1835 quae
2265 1797 2397 1836 gradum
2414 1808 2465 1828 su-

1401 1837 1582 1867 blimiorem
1612 1837 1797 1876 possibilem
1821 1837 1896 1868 dicit
1924 1839 2097 1869 secundum
2122 1840 2310 1880 infinitatem
2339 1842 2467 1872 divinae

1396 1881 1572 1921 potentiae.
1597 1881 1656 1911 Per
1678 1882 1740 1912 hoc
1764 1891 1903 1922 namque
1924 1883 2090 1914 manifeste
2111 1884 2296 1923 significavit
2320 1886 2409 1925 quod
2427 1886 2466 1916 de

1402 1925 1581 1955 sublimiori
1605 1925 1643 1955 de
1667 1927 1820 1965 potentia,
1837 1937 1903 1956 non
1924 1927 2090 1964 ordinaria,
2115 1928 2170 1958 sed
2193 1928 2231 1958 de
2256 1931 2398 1969 potentia
2414 1931 2467 1960 ab-

1402 1970 1518 2005 solute,
1545 1970 1698 2009 loquitur.
1723 1970 1763 2000 Et
1779 1976 1946 2001 contextus
1961 1972 2039 2011 ipse,
2062 1973 2155 2011 plane
2171 1973 2359 2010 intellectus,
2376 1980 2468 2004 sonat

1404 2013 1494 2054 quod
1510 2014 1654 2053 loquitur
1669 2014 1708 2044 de
1724 2015 1900 2045 sublimiori
1916 2015 2015 2055 gradu
2032 2015 2155 2046 divinae
2168 2017 2308 2054 visionis,
2322 2018 2360 2048 de
2377 2019 2468 2049 cuius

1404 2057 1570 2088 altitudine
1593 2063 1751 2088 tractatur.

1459 2103 1498 2132 V.
1523 2102 1616 2133 Unde
1640 2108 1671 2133 et
1693 2108 1824 2143 propter
1839 2113 1969 2134 sensum
1984 2105 2069 2144 plani
2086 2111 2262 2142 contextus,
2285 2113 2316 2137 et
2338 2113 2470 2147 propter

1405 2147 1591 2178 attributum
1611 2147 1830 2177 sublimiorem
1845 2147 1978 2187 gradum
1993 2148 2140 2179 infinitati
2156 2149 2279 2181 divinae
2296 2152 2467 2190 potentiae,

1405 2192 1494 2222 aliter
1512 2191 1731 2231 respondetur,
1756 2191 1884 2222 fatendo
1908 2193 1998 2232 quod
2021 2193 2122 2223 littera
2144 2194 2287 2234 loquitur
2310 2195 2349 2225 de
2373 2196 2469 2226 subli-

1405 2237 1500 2267 miori
1523 2235 1622 2276 gradu
1645 2235 1768 2266 divinae
1785 2236 1925 2266 visionis.
1949 2237 2069 2267 Verum
2086 2239 2161 2277 quia
2177 2238 2282 2268 divina
2297 2240 2376 2269 visio
2400 2250 2469 2279 gra-

1406 2281 1521 2312 duatur
1544 2281 1593 2310 vel
1618 2291 1655 2310 ex
1678 2286 1766 2320 parte
1789 2280 1918 2310 luminis
1941 2281 2069 2320 gloriae,
2094 2282 2143 2311 vel
2168 2292 2205 2312 ex
2228 2288 2316 2322 parte
2339 2289 2468 2314 naturae

1405 2325 1632 2360 intellectivae‚
1664 2324 1873 2355 diversimode
1898 2325 2071 2364 assignatur
2097 2326 2262 2356 sublimior
2284 2327 2399 2366 gradus
2423 2327 2469 2357 di-

1406 2371 1499 2400 vinae
1523 2370 1663 2399 visionis.
1694 2369 1801 2398 Primo
1825 2378 1964 2408 namque
1991 2370 2178 2399 sublimatur
2201 2370 2306 2400 divina
2328 2371 2408 2400 visio
2431 2381 2468 2401 ex

1407 2415 1529 2445 lumine
1552 2414 1670 2453 gloriae
1695 2413 1887 2443 sublimioris
1905 2414 2038 2453 speciei:
2062 2415 2104 2444 ita
2121 2413 2209 2454 quod
2225 2414 2334 2444 lumen
2350 2415 2469 2454 gloriae

1407 2464 1547 2499 ponatur
1569 2467 1670 2498 genus
1700 2457 1739 2488 ad
1762 2458 1902 2497 speciem
1924 2467 2022 2488 unam
2046 2458 2175 2488 luminis
2200 2458 2318 2497 gloriae
2349 2459 2469 2489 inventi

1408 2502 1447 2533 de
1471 2502 1555 2532 facto
1579 2503 1612 2532 in
1637 2502 1764 2532 Christo
1796 2507 1826 2531 et
1853 2502 1885 2531 in
1909 2502 1976 2532 aliis
1999 2502 2114 2538 beatis,
2147 2508 2177 2532 et
2204 2502 2297 2532 aliam
2319 2502 2369 2532 vel
2393 2503 2468 2532 alias

1408 2547 1530 2587 species
1553 2546 1683 2576 luminis
1705 2546 1824 2585 gloriae
1848 2546 2012 2586 possibiles
2035 2545 2113 2576 fieri.

1464 2591 1527 2622 Sed
1549 2591 1628 2621 haec
1651 2590 1769 2630 positio
1786 2589 1919 2620 divinat:
1944 2600 2003 2620 nec
2019 2591 2113 2620 habet
2129 2590 2213 2620 unde
2230 2590 2396 2620 formalem
2412 2600 2469 2620 seu

1409 2635 1591 2676 specificam
1611 2634 1819 2665 differentiam
1837 2634 1919 2664 inter
1934 2634 2054 2664 lumina
2069 2635 2187 2674 gloriae
2210 2634 2369 2670 ostendat;
2395 2644 2469 2664 cum

1409 2681 1449 2710 sit
1471 2689 1574 2710 unum
1598 2679 1761 2708 obiectum
1788 2678 1920 2708 formale
1952 2679 2071 2718 absque
2097 2678 2220 2714 medio;
2252 2688 2311 2708 nec
2334 2679 2470 2708 varietur

1409 2725 1515 2764 specie
1539 2733 1578 2753 ex
1600 2723 1776 2762 receptivis,
1801 2728 1835 2752 ut
1854 2728 1941 2762 patet
1957 2732 1994 2752 ex
2010 2723 2071 2753 hoc
2092 2722 2179 2762 quod
2195 2722 2336 2752 eiusdem
2353 2723 2470 2762 speciei

1410 2773 1457 2798 est
1479 2769 1513 2798 in
1537 2767 1655 2807 angelis
1679 2772 1709 2797 et
1732 2767 1925 2796 hominibus.
2198 2772 2202 2774 ·
2277 2779 2280 2782 ·

1465 2811 1615 2842 Secundo
1639 2812 1746 2850 itaque
1777 2810 1963 2840 sublimatur
1985 2810 2108 2840 divinae
2132 2810 2260 2839 visionis
2286 2809 2400 2849 gradus
2432 2820 2469 2840 ex

1410 2861 1583 2896 augmento
1607 2856 1639 2884 in
1666 2854 1827 2884 infinitum
1850 2854 1978 2884 luminis
2001 2854 2128 2893 gloriae.
2154 2854 2198 2883 Ita
2221 2853 2309 2893 quod
2325 2864 2343 2883 a
2358 2853 2469 2886 formis

1409 2899 1659 2931 terminabilibus
1683 2898 1722 2928 ad
1745 2907 1907 2928 summum
1932 2898 2084 2937 excipitur
2102 2898 2211 2927 lumen
2227 2897 2355 2937 gloriae,
2380 2898 2469 2938 quod

1411 2950 1458 2975 est
1480 2944 1541 2974 tale
1565 2942 1670 2983 quod,
1702 2951 1909 2981 quocumque
1932 2942 2053 2971 lumine
2075 2941 2194 2980 gloriae
2216 2942 2340 2981 posito,
2365 2942 2468 2972 adhuc

1410 2993 1516 3028 potest
1538 2987 1617 3027 poni
1639 2987 1750 3016 maius.
1786 2985 1826 3015 Et
1856 2986 1889 3015 in
1920 2985 2046 3015 Christo
2078 2991 2124 3015 est
2152 2985 2261 3015 lumen
2286 2985 2404 3025 gloriae
2434 2986 2467 3016 in

1410 3041 1537 3062 summo
1562 3029 1738 3060 secundum
1762 3029 1821 3059 Dei
1843 3029 2018 3068 potentiam
2042 3029 2234 3059 ordinatam:
2266 3039 2332 3059 non
2356 3039 2469 3060 secun-

1411 3076 1488 3106 dum
1504 3075 1564 3104 Dei
1580 3074 1755 3114 potentiam
1772 3073 1925 3108 absolute,
1950 3073 2126 3103 secundum
2143 3083 2239 3113 quam
2255 3079 2370 3113 potest,
2387 3083 2469 3113 quo-

1411 3128 1550 3158 cumque
1566 3118 1682 3158 posito‚
1700 3126 1825 3156 semper
1840 3117 1918 3157 poni
1933 3117 2045 3147 maius.
2063 3117 2103 3147 Et
2119 3123 2165 3147 est
2180 3118 2258 3147 ratio
2275 3118 2469 3157 exceptionis

1411 3163 1574 3202 singularis
1605 3161 1679 3201 quia
1702 3161 1807 3191 solum
1831 3161 1940 3191 lumen
1963 3161 2082 3201 gloriae
2109 3167 2155 3191 est
2182 3161 2313 3201 qualitas
2342 3162 2469 3201 propria

1411 3207 1551 3237 caelestis
1566 3206 1694 3246 patriae.
1712 3205 1866 3244 Reliquae
1882 3215 2021 3245 namque
2038 3206 2202 3245 qualitates
2219 3205 2470 3244 supernaturales

1411 3256 1465 3281 aut
1488 3255 1560 3280 sunt
1579 3250 1657 3285 viae,
1674 3254 1710 3279 ut
1725 3248 1820 3279 fides:
1846 3255 1900 3279 aut
1915 3255 1989 3279 sunt
2004 3259 2192 3280 communes
2208 3250 2276 3279 viae
2293 3255 2323 3279 et
2341 3250 2469 3289 patriae,

1411 3300 1446 3324 ut
1469 3294 1589 3324 caritas.

1466 3337 1528 3368 Sed
1551 3338 1625 3367 huic
1649 3337 1801 3377 positioni
1825 3338 1928 3368 obstat
1952 3339 2036 3378 quia,
2061 3337 2236 3368 secundum
2260 3338 2333 3372 hoc,
2357 3338 2469 3367 maiori

1411 3382 1524 3412 lumini
1548 3381 1665 3421 gloriae
1690 3391 1756 3411 non
1776 3382 1982 3422 responderet
2004 3383 2106 3412 maior
2122 3382 2230 3412 caritas
2246 3382 2278 3411 in
2294 3381 2408 3421 patria:
2434 3391 2470 3411 ac

1412 3435 1468 3466 per
1491 3426 1564 3461 hoc,
1581 3435 1647 3455 non
1664 3431 1784 3465 quanto
1802 3426 1914 3466 aliquis
1930 3425 2099 3466 perfectius
2115 3425 2233 3455 videret
2249 3425 2364 3460 Deum,
2381 3430 2469 3455 tanto

1412 3470 1566 3499 maiorem
1586 3470 1746 3500 caritatem
1761 3470 1898 3500 haberet.
1923 3470 2007 3507 Quia
2023 3470 2132 3500 caritas
2148 3470 2278 3509 ponitur
2293 3470 2325 3499 in
2342 3478 2469 3498 summo

1413 3513 1596 3553 simpliciter
1619 3514 1650 3543 in
1676 3513 1819 3544 Christo:
1852 3520 1882 3543 et
1906 3515 1949 3544 sic
1979 3514 2088 3544 lumen
2111 3513 2228 3553 gloriae
2259 3518 2366 3552 posset
2392 3513 2470 3552 poni

1413 3558 1525 3593 maius,
1550 3563 1581 3588 et
1605 3558 1714 3587 caritas
1737 3567 1803 3588 non
1827 3563 1934 3597 posset
1957 3558 2035 3597 poni
2058 3558 2168 3587 maior.

1467 3602 1520 3632 VI.
1544 3602 1746 3642 Relinquitur
1769 3602 1863 3641 igitur
1879 3601 1967 3641 quod
1983 3602 2044 3631 alio
2061 3601 2160 3632 modo
2177 3601 2341 3631 sublimior
2356 3599 2469 3639 gradus

2481 764 2492 774 ⁸
2507 763 2553 791 Qu.
2564 768 2605 791 xn,
2616 767 2657 784 art.
2669 770 2693 789 4.

2485 1086 2494 1095 ·
2503 1085 2550 1112 Qu.
2561 1090 2599 1112 vn,
2609 1088 2651 1106 art.
2664 1090 2696 1106 η.
